{"gold_per_floor":[218,237,19,30,30,74,74,87,87,87,87,102,137,161,161,161],"floor_reached":16,"playtime":379,"items_purged":[],"score":224,"play_id":"b5f2f2d6-ba9d-4334-b25b-a13975270d23","local_time":"20190213184333","is_ascension_mode":true,"campfire_choices":[{"data":"Zap","floor":7.0,"key":"SMITH"},{"data":"Hologram","floor":15,"key":"SMITH"}],"neow_cost":"NONE","seed_source_timestamp":1691495000023048,"circlet_count":0,"master_deck":["AscendersBane","Strike_B","Strike_B","Strike_B","Strike_B","Defend_B","Defend_B","Defend_B","Defend_B","Zap+1","Dualcast","Conserve Battery","Streamline+1","Cold Snap","Genetic Algorithm","Hologram+1"],"special_seed":0,"relics":["Cracked Core","OrangePellets","Golden Idol","Bird Faced Urn","Pantograph"],"potions_floor_usage":[14,16],"damage_taken":[{"damage":7.0,"enemies":"Jaw Worm","floor":1.0,"turns":3.0},{"damage":1.0,"enemies":"2 Louse","floor":2.0,"turns":2.0},{"damage":3.0,"enemies":"Small Slimes","floor":4.0,"turns":3.0},{"damage":29.0,"enemies":"Gremlin Nob","floor":6.0,"turns":4.0},{"damage":7.0,"enemies":"3 Louse","floor":8.0,"turns":4.0},{"damage":1,"enemies":"2 Fungi Beasts","floor":12,"turns":3},{"damage":21,"enemies":"Lagavulin","floor":13,"turns":6},{"damage":13,"enemies":"Gremlin Gang","floor":14,"turns":4},{"damage":31,"enemies":"Slime Boss","floor":16,"turns":3}],"seed_played":"-6720517106357324093","potions_obtained":[{"floor":4.0,"key":"EntropicBrew"},{"floor":8.0,"key":"Dexterity Potion"},{"floor":12,"key":"AttackPotion"},{"floor":14,"key":"GamblersBrew"}],"is_trial":false,"path_per_floor":["M","M","$","M","?","E","R","M","T","?","?","M","E","M","R","B"],"character_chosen":"DEFECT","items_purchased":["OrangePellets"],"campfire_rested":0,"item_purchase_floors":[3],"current_hp_per_floor":[57,56,56,53,53,24,24,17,17,17,38,37,16,3,3,0],"gold":161,"neow_bonus":"HUNDRED_GOLD","is_prod":false,"is_daily":false,"chose_seed":false,"campfire_upgraded":2,"win_rate":0,"timestamp":1550112213,"path_taken":["M","M","$","M","?","E","R","M","T","?","?","M","E","M","R","BOSS"],"build_version":"2019-02-06","purchased_purges":0,"victory":false,"max_hp_per_floor":[71,71,71,71,64,64,64,64,64,64,64,64,64,64,64,64],"card_choices":[{"not_picked":["Streamline","Hologram"],"picked":"Conserve Battery","floor":1.0},{"not_picked":["Gash","Steam","Rip and Tear"],"picked":"SKIP","floor":2.0},{"not_picked":["Compile Driver","Rip and Tear","Undo"],"picked":"SKIP","floor":4.0},{"not_picked":["Hello World","Steam","Turbo"],"picked":"SKIP","floor":6.0},{"not_picked":["Multi-Cast","Chill"],"picked":"Streamline","floor":8.0},{"not_picked":["Coolheaded","Steam"],"picked":"Cold Snap","floor":12},{"not_picked":["Melter","Barrage"],"picked":"Genetic Algorithm","floor":13},{"not_picked":["BootSequence","Go for the Eyes"],"picked":"Hologram","floor":14}],"player_experience":1154931,"relics_obtained":[{"floor":6.0,"key":"Bird Faced Urn"},{"floor":13,"key":"Pantograph"}],"event_choices":[{"damage_healed":0.0,"max_hp_gain":0.0,"max_hp_loss":7.0,"gold_gain":0.0,"event_name":"Golden Idol","player_choice":"Lose Max HP","floor":5.0,"gold_loss":0.0,"damage_taken":0.0,"relics_obtained":["Golden Idol"]},{"damage_healed":0.0,"max_hp_gain":0.0,"max_hp_loss":0.0,"gold_gain":0.0,"event_name":"Living Wall","player_choice":"Grow","floor":10.0,"gold_loss":0.0,"damage_taken":0.0,"cards_upgraded":["Streamline"]},{"damage_healed":21.0,"max_hp_gain":0.0,"max_hp_loss":0.0,"gold_gain":0.0,"event_name":"Big Fish","player_choice":"Banana","floor":11.0,"gold_loss":0.0,"damage_taken":0.0}],"is_beta":true,"boss_relics":[],"items_purged_floors":[],"is_endless":false,"potions_floor_spawned":[4,8,12,14],"killed_by":"Slime Boss","ascension_level":20}