{"gold_per_floor":[115,131,131,56,69,69,104,104,130,42,42,58,71,98,98,196,196,210,85,95,111,111,111,129,129,129,149,179,179,211,228,228,228],"floor_reached":33,"playtime":1769,"items_purged":["Strike_R","Strike_R","Strike_R"],"score":291,"play_id":"56c9ab06-b4dc-4763-a780-aa01b7fa37fe","local_time":"20190421141834","is_ascension_mode":true,"campfire_choices":[{"data":"Spot Weakness","floor":6,"key":"SMITH"},{"data":"Whirlwind","floor":8,"key":"SMITH"},{"data":"Bash","floor":11,"key":"SMITH"},{"data":"Demon Form","floor":15,"key":"SMITH"},{"data":"Juggernaut","floor":23,"key":"SMITH"},{"floor":25,"key":"REST"},{"data":"Entrench","floor":29,"key":"SMITH"},{"floor":32,"key":"REST"}],"neow_cost":"NONE","seed_source_timestamp":436836880437896,"circlet_count":0,"master_deck":["Defend_R","Defend_R","Defend_R","Bash+1","Spot Weakness+1","Shrug It Off","Headbutt+1","Whirlwind+1","Entrench+1","Iron Wave","Demon Form+1","Juggernaut+1","Headbutt+1","Shrug It Off","Feed","Clothesline","Cleave+1","Metallicize+1"],"relics":["Burning Blood","Bag of Preparation","Ancient Tea Set","MawBank","Bronze Scales","Empty Cage","Singing Bowl","Tiny Chest","Whetstone"],"potions_floor_usage":[33,33],"damage_taken":[{"damage":2,"enemies":"2 Louse","floor":1,"turns":3},{"damage":6,"enemies":"Cultist","floor":2,"turns":3},{"damage":0,"enemies":"Small Slimes","floor":5,"turns":5},{"damage":39,"enemies":"Lagavulin","floor":7,"turns":7},{"damage":0,"enemies":"Exordium Thugs","floor":12,"turns":2},{"damage":0,"enemies":"Large Slime","floor":13,"turns":4},{"damage":8,"enemies":"Gremlin Nob","floor":14,"turns":3},{"damage":48,"enemies":"Hexaghost","floor":16,"turns":9},{"damage":16,"enemies":"Shell Parasite","floor":18,"turns":7},{"damage":35,"enemies":"2 Thieves","floor":20,"turns":3},{"damage":16,"enemies":"Snake Plant","floor":21,"turns":4},{"damage":23,"enemies":"Centurion and Healer","floor":24,"turns":5},{"damage":6,"enemies":"Cultist and Chosen","floor":27,"turns":6},{"damage":27,"enemies":"Book of Stabbing","floor":30,"turns":5},{"damage":1,"enemies":"Snecko","floor":31,"turns":3},{"damage":59,"enemies":"Automaton","floor":33,"turns":10}],"seed_played":"-4506081144019567219","potions_obtained":[{"floor":1,"key":"SteroidPotion"},{"floor":13,"key":"Fire Potion"},{"floor":16,"key":"Weak Potion"},{"floor":20,"key":"LiquidBronze"},{"floor":30,"key":"SteroidPotion"}],"is_trial":false,"path_per_floor":["M","M","?","$","M","R","E","R","T","$","R","M","M","E","R","B",null,"M","$","M","M","?","R","M","R","T","M","?","R","E","M","R","B"],"character_chosen":"IRONCLAD","items_purchased":[],"campfire_rested":2,"item_purchase_floors":[],"current_hp_per_floor":[80,80,80,80,80,80,47,47,47,47,47,53,59,57,57,15,80,70,70,41,31,31,31,17,41,41,46,46,46,25,32,59,0],"gold":228,"neow_bonus":"RANDOM_COMMON_RELIC","is_prod":false,"is_daily":false,"chose_seed":false,"campfire_upgraded":6,"win_rate":0,"timestamp":1555836514,"path_taken":["M","M","?","$","M","R","E","R","T","?","R","M","M","E","R","BOSS","M","$","M","?","?","R","M","R","T","M","?","R","E","M","R","BOSS"],"build_version":"2019-01-23","purchased_purges":3,"victory":false,"max_hp_per_floor":[80,80,80,80,80,80,80,80,80,80,80,80,80,80,80,80,80,80,80,80,80,80,80,83,83,83,88,88,88,88,90,90,90],"card_choices":[{"not_picked":["Warcry","Seeing Red"],"picked":"Spot Weakness","floor":1},{"not_picked":["Body Slam","Clothesline"],"picked":"Shrug It Off","floor":2},{"not_picked":["Twin Strike","Warcry"],"picked":"Headbutt","floor":5},{"not_picked":["Perfected Strike","Impervious"],"picked":"Whirlwind","floor":7},{"not_picked":["Burning Pact","Havoc"],"picked":"Entrench","floor":12},{"not_picked":["Shrug It Off","Power Through"],"picked":"Iron Wave","floor":13},{"not_picked":["Exhume","Burning Pact"],"picked":"Demon Form","floor":14},{"not_picked":["Fiend Fire","Brutality"],"picked":"Juggernaut","floor":16},{"not_picked":["Anger","Armaments"],"picked":"Headbutt+1","floor":18},{"not_picked":["Corruption+1","Wild Strike"],"picked":"Shrug It Off","floor":20},{"not_picked":["Wild Strike","Disarm+1"],"picked":"Feed","floor":21},{"not_picked":["Havoc","Searing Blow","True Grit"],"picked":"SKIP","floor":24},{"not_picked":["Second Wind","Clash","Bloodletting"],"picked":"Singing Bowl","floor":27},{"not_picked":["Wild Strike","Seeing Red+1"],"picked":"Metallicize+1","floor":30},{"not_picked":["Bloodletting+1","Entrench","Whirlwind"],"picked":"Singing Bowl","floor":31}],"player_experience":99674,"relics_obtained":[{"floor":7,"key":"Ancient Tea Set"},{"floor":9,"key":"MawBank"},{"floor":14,"key":"Bronze Scales"},{"floor":26,"key":"Singing Bowl"},{"floor":30,"key":"Whetstone"}],"event_choices":[{"damage_healed":0,"gold_gain":0,"player_choice":"1 cards matched","damage_taken":0,"max_hp_gain":0,"max_hp_loss":0,"event_name":"Match and Keep!","floor":3,"gold_loss":0,"cards_obtained":["Perfected Strike"]},{"damage_healed":0,"gold_gain":0,"cards_transformed":["Strike_R","Defend_R"],"player_choice":"Became Test Subject","damage_taken":0,"max_hp_gain":0,"max_hp_loss":0,"event_name":"Drug Dealer","floor":22,"gold_loss":0,"cards_obtained":["Clothesline","Cleave"]},{"damage_healed":0,"gold_gain":0,"player_choice":"Gave Potion","damage_taken":0,"relics_obtained":["Tiny Chest"],"max_hp_gain":0,"max_hp_loss":0,"event_name":"WeMeetAgain","floor":28,"gold_loss":0}],"is_beta":false,"boss_relics":[{"not_picked":["Lizard Tail","Cursed Key"],"picked":"Empty Cage"}],"items_purged_floors":[4,10,19],"is_endless":false,"potions_floor_spawned":[1,13,16,20,21,24,30],"killed_by":"Automaton","ascension_level":1}