{"gold_per_floor":[118,193,210,360,127,154,154,186,209,174,174,202,23,49,49,125,125,136,148,148,160,171,203,73,73,119,130,164,164,196,207,207,284,284,298,308,308,318,332,332,344,371,371,78,78,110,25,39,39,39,39,39,39,39,70,70],"floor_reached":57,"playtime":6495,"items_purged":["Doubt","Strike_B","Writhe"],"score":3021,"play_id":"214654a0-2411-4265-8c21-5cec4d458ae0","local_time":"20190226223221","is_ascension_mode":true,"campfire_choices":[{"data":"Sunder","floor":7.0,"key":"SMITH"},{"data":"Zap","floor":15.0,"key":"SMITH"},{"floor":25.0,"key":"REST"},{"data":"Defragment","floor":29.0,"key":"SMITH"},{"data":"Defragment","floor":32.0,"key":"SMITH"},{"floor":40.0,"key":"RECALL"},{"data":"Biased Cognition","floor":49,"key":"SMITH"},{"data":"Capacitor","floor":53,"key":"SMITH"}],"neow_cost":"TEN_PERCENT_HP_LOSS","seed_source_timestamp":2497728207211371,"circlet_count":0,"master_deck":["AscendersBane","Strike_B","Strike_B","Strike_B","Defend_B","Defend_B","Defend_B","Defend_B","Zap+1","Dualcast","Biased Cognition+1","Sunder+1","Chill","Capacitor+1","Doom and Gloom","Core Surge","Consume","Chill","Biased Cognition+1","Defragment+1","Genetic Algorithm+1","Cold Snap","Electrodynamics","Defragment+1","Cold Snap","Glacier+1","Coolheaded+1","Compile Driver","Core Surge","Compile Driver","Capacitor","Seek+1","Chill+1","Core Surge","Go for the Eyes+1"],"special_seed":0,"relics":["Cracked Core","Oddly Smooth Stone","Boot","PreservedInsect","Pantograph","Symbiotic Virus","Cursed Key","Anchor","Letter Opener","Potion Belt","Toxic Egg 2","Velvet Choker","Ancient Tea Set","Bag of Preparation","Frozen Egg 2","DataDisk"],"potions_floor_usage":[56,56,56,56],"damage_taken":[{"damage":0.0,"enemies":"Jaw Worm","floor":1.0,"turns":3.0},{"damage":0.0,"enemies":"Small Slimes","floor":3.0,"turns":2.0},{"damage":6.0,"enemies":"3 Sentries","floor":6.0,"turns":6.0},{"damage":16.0,"enemies":"Lagavulin","floor":8.0,"turns":7.0},{"damage":0.0,"enemies":"3 Sentries","floor":12.0,"turns":5.0},{"damage":6.0,"enemies":"Lagavulin","floor":14.0,"turns":6.0},{"damage":7.0,"enemies":"The Guardian","floor":16.0,"turns":9.0},{"damage":2.0,"enemies":"Chosen","floor":18.0,"turns":3.0},{"damage":15.0,"enemies":"Shell Parasite","floor":19.0,"turns":5.0},{"damage":15.0,"enemies":"Snake Plant","floor":21.0,"turns":3.0},{"damage":0.0,"enemies":"Chosen and Byrds","floor":22.0,"turns":9.0},{"damage":20.0,"enemies":"Book of Stabbing","floor":23.0,"turns":5.0},{"damage":0.0,"enemies":"Cultist and Chosen","floor":27.0,"turns":3.0},{"damage":3.0,"enemies":"Gremlin Leader","floor":28.0,"turns":6.0},{"damage":8.0,"enemies":"Slavers","floor":30.0,"turns":3.0},{"damage":0.0,"enemies":"Sentry and Sphere","floor":31.0,"turns":7.0},{"damage":4.0,"enemies":"Champ","floor":33.0,"turns":15.0},{"damage":0.0,"enemies":"3 Shapes","floor":35.0,"turns":3.0},{"damage":3.0,"enemies":"3 Darklings","floor":36.0,"turns":4.0},{"damage":11.0,"enemies":"Writhing Mass","floor":38.0,"turns":7.0},{"damage":0.0,"enemies":"Spire Growth","floor":39.0,"turns":6.0},{"damage":5.0,"enemies":"Sphere and 2 Shapes","floor":41.0,"turns":4.0},{"damage":19.0,"enemies":"Nemesis","floor":42.0,"turns":7.0},{"damage":0,"enemies":"Giant Head","floor":46,"turns":13},{"damage":0,"enemies":"Jaw Worm Horde","floor":48,"turns":5},{"damage":0,"enemies":"Time Eater","floor":50,"turns":11},{"damage":12,"enemies":"Awakened One","floor":51,"turns":19},{"damage":0,"enemies":"Shield and Spear","floor":55,"turns":5},{"damage":53,"enemies":"The Heart","floor":56,"turns":10}],"seed_played":"-3712091771584469174","potions_obtained":[{"floor":1.0,"key":"LiquidBronze"},{"floor":14.0,"key":"PowerPotion"},{"floor":23.0,"key":"LiquidBronze"},{"floor":30.0,"key":"Swift Potion"},{"floor":31.0,"key":"GamblersBrew"},{"floor":38.0,"key":"FocusPotion"}],"is_trial":false,"path_per_floor":["M","?","M","?","$","E","R","E","T","?","?","E","$","E","R","B",null,"M","M","?","M","M","E","$","R","T","M","E","R","E","M","R","B",null,"M","M","?","M","M","R","M","E","T","$","?","E","$","M","R","B","B",null,"R","$","E","B",null],"character_chosen":"DEFECT","items_purchased":["Capacitor","Doom and Gloom","Chill","Ancient Potion","Cold Snap","Bag of Preparation","Core Surge"],"campfire_rested":1,"item_purchase_floors":[5,5,13,24,24,44,47],"current_hp_per_floor":[64,53,53,53,53,47,47,31,31,47,47,47,47,41,41,57,62,60,45,45,30,30,10,10,29,29,29,26,26,18,18,18,39,58,58,55,64,53,53,53,48,29,29,29,29,29,29,29,29,54,52,61,61,61,61,11],"gold":70,"neow_bonus":"THREE_RARE_CARDS","is_prod":false,"is_daily":false,"chose_seed":false,"campfire_upgraded":6,"win_rate":0,"timestamp":1551249141,"path_taken":["M","?","M","?","$","E","R","E","T","?","?","E","?","E","R","BOSS","M","M","?","?","M","E","$","R","T","M","E","R","E","M","R","BOSS","M","M","?","?","M","R","M","E","T","$","?","E","$","?","R","BOSS","BOSS","R","$","E","BOSS"],"build_version":"2019-02-06","purchased_purges":3,"victory":true,"max_hp_per_floor":[64,64,64,64,64,64,64,64,64,64,64,64,64,64,64,64,64,64,64,64,64,64,64,64,64,64,64,64,64,64,64,64,64,64,64,64,64,64,64,64,64,64,64,64,64,64,64,64,64,64,64,64,64,64,64,64],"card_choices":[{"not_picked":["Multi-Cast","Creative AI"],"picked":"Biased Cognition","floor":0.0},{"not_picked":["Gash","Double Energy"],"picked":"Sunder","floor":1.0},{"not_picked":["Streamline","BootSequence"],"picked":"Chill","floor":3.0},{"not_picked":["Turbo","FTL","Capacitor"],"picked":"SKIP","floor":6.0},{"not_picked":["Defragment","Turbo"],"picked":"Core Surge","floor":8.0},{"not_picked":["Redo","Reprogram"],"picked":"Consume","floor":12.0},{"not_picked":["Turbo","Hologram","Rebound"],"picked":"SKIP","floor":14.0},{"not_picked":["Fission","Multi-Cast"],"picked":"Biased Cognition","floor":16.0},{"not_picked":["Barrage","Steam"],"picked":"Defragment","floor":18.0},{"not_picked":["Ball Lightning","Go for the Eyes"],"picked":"Genetic Algorithm+1","floor":19.0},{"not_picked":["Blizzard+1","Sweeping Beam"],"picked":"Cold Snap","floor":21.0},{"not_picked":["Chaos","Turbo"],"picked":"Electrodynamics","floor":22.0},{"not_picked":["Turbo","Compile Driver"],"picked":"Defragment","floor":23.0},{"not_picked":["Reinforced Body","Go for the Eyes"],"picked":"Glacier+1","floor":27.0},{"not_picked":["Barrage+1","White Noise"],"picked":"Coolheaded+1","floor":28.0},{"not_picked":["Redo","Heatsinks","Auto Shields+1"],"picked":"SKIP","floor":30.0},{"not_picked":["Sweeping Beam","Coolheaded+1"],"picked":"Compile Driver","floor":31.0},{"not_picked":["Hyperbeam","Fission+1"],"picked":"Core Surge","floor":33.0},{"not_picked":["Double Energy+1","Redo+1"],"picked":"Compile Driver","floor":35.0},{"not_picked":["Auto Shields+1","Consume+1"],"picked":"Capacitor","floor":36.0},{"not_picked":["Redo+1","Blizzard","Sunder"],"picked":"SKIP","floor":38.0},{"not_picked":["Beam Cell","Leap+1","Recycle+1"],"picked":"SKIP","floor":39.0},{"not_picked":["Beam Cell","Leap+1","Recycle+1"],"picked":"SKIP","floor":39.0},{"not_picked":["Barrage","Storm"],"picked":"Seek+1","floor":41.0},{"not_picked":["Gash","Scrape","Barrage"],"picked":"SKIP","floor":42.0},{"not_picked":["Melter+1","Fusion+1","Static Discharge"],"picked":"SKIP","floor":46},{"not_picked":["Tempest+1","Conserve Battery+1","Streamline"],"picked":"SKIP","floor":48},{"not_picked":["Ball Lightning+1","Streamline"],"picked":"Go for the Eyes+1","floor":55}],"player_experience":1262586,"relics_obtained":[{"floor":6.0,"key":"Oddly Smooth Stone"},{"floor":8.0,"key":"Boot"},{"floor":9.0,"key":"PreservedInsect"},{"floor":12.0,"key":"Pantograph"},{"floor":14.0,"key":"Symbiotic Virus"},{"floor":23.0,"key":"Letter Opener"},{"floor":28.0,"key":"Potion Belt"},{"floor":30.0,"key":"Toxic Egg 2"},{"floor":42.0,"key":"Ancient Tea Set"},{"floor":46,"key":"Frozen Egg 2"},{"floor":55,"key":"DataDisk"}],"event_choices":[{"damage_healed":0.0,"max_hp_gain":0.0,"max_hp_loss":0.0,"gold_gain":75.0,"event_name":"World of Goop","player_choice":"Gather Gold","floor":2.0,"gold_loss":0.0,"damage_taken":11.0},{"damage_healed":0.0,"max_hp_gain":0.0,"max_hp_loss":0.0,"gold_gain":150.0,"event_name":"Liars Game","player_choice":"AGREE","floor":4.0,"gold_loss":0.0,"damage_taken":0.0,"cards_obtained":["Doubt"]},{"damage_healed":16.0,"max_hp_gain":0.0,"max_hp_loss":0.0,"gold_gain":0.0,"event_name":"The Cleric","player_choice":"Healed","floor":10.0,"gold_loss":35.0,"damage_taken":0.0},{"damage_healed":0.0,"max_hp_gain":0.0,"max_hp_loss":0.0,"gold_gain":0.0,"event_name":"Living Wall","player_choice":"Grow","floor":11.0,"gold_loss":0.0,"damage_taken":0.0,"cards_upgraded":["Biased Cognition"]},{"damage_healed":0.0,"max_hp_gain":0.0,"max_hp_loss":0.0,"gold_gain":0.0,"event_name":"WeMeetAgain","player_choice":"Gave Potion","floor":20.0,"gold_loss":0.0,"damage_taken":0.0,"relics_obtained":["Anchor"]},{"damage_healed":9.0,"max_hp_gain":0.0,"max_hp_loss":0.0,"gold_gain":0.0,"event_name":"Wheel of Change","player_choice":"Full Heal","floor":37.0,"gold_loss":0.0,"damage_taken":0.0},{"damage_healed":0,"gold_gain":0,"player_choice":"1 cards matched","damage_taken":0,"max_hp_gain":0,"max_hp_loss":0,"event_name":"Match and Keep!","floor":45,"gold_loss":0,"cards_obtained":["Chill"]}],"is_beta":true,"boss_relics":[{"not_picked":["Lizard Tail","Busted Crown"],"picked":"Cursed Key"},{"not_picked":["Calling Bell","Philosopher\u0027s Stone"],"picked":"Velvet Choker"}],"items_purged_floors":[5,13,44],"is_endless":false,"potions_floor_spawned":[1,14,19,23,30,31,33,35,38,39,55],"ascension_level":20}