{"gold_per_floor":[111,111,121,132,4,4,37,37,37,72,96,21,41,104,104,183,183,198,210,38,56,76,76,91,119,119,119,130,130,163,213,213,291,291,301,321,301,316,333,362,5,33,103,103,16,31,31,62,62,62,62,62,62,62,93,93],"floor_reached":57,"playtime":3387,"items_purged":["Strike_B+1"],"score":3075,"play_id":"c31b6fce-190a-427e-ad4b-a4417b8f6158","local_time":"20190205050920","is_ascension_mode":true,"campfire_choices":[{"data":"Hyperbeam","floor":6.0,"key":"SMITH"},{"data":"Fission","floor":8.0,"key":"SMITH"},{"data":"Beam Cell","floor":15.0,"key":"SMITH"},{"floor":23.0,"key":"REST"},{"data":"Biased Cognition","floor":27.0,"key":"SMITH"},{"floor":29.0,"key":"REST"},{"data":"Defragment","floor":32.0,"key":"SMITH"},{"floor":44.0,"key":"RECALL"},{"floor":49.0,"key":"REST"},{"floor":53.0,"key":"REST"}],"neow_cost":"NONE","seed_source_timestamp":1148223475154092,"circlet_count":0,"master_deck":["AscendersBane","Strike_B+1","Defend_B","Defend_B","Defend_B","Defend_B","Zap","Dualcast","Conserve Battery","Hyperbeam+1","Ball Lightning","Fission+1","Coolheaded","Capacitor","Hologram","Beam Cell+1","Biased Cognition+1","Defragment+1","Gash","White Noise","Cold Snap","Self Repair","Echo Form","Glacier","Chill+1","Capacitor","Undo+1","Hologram","Coolheaded"],"special_seed":0,"relics":["Cracked Core","NeowsBlessing","The Courier","Ornamental Fan","Matryoshka","Whetstone","Tiny Chest","Nuclear Battery","OrangePellets","Bottled Lightning","Meat on the Bone","Potion Belt","Bottled Flame","Fusion Hammer","Juzu Bracelet","Lee\u0027s Waffle","Pen Nib","Pantograph","Bronze Scales","Darkstone Periapt","Mercury Hourglass"],"potions_floor_usage":[56,56,56],"damage_taken":[{"damage":0.0,"enemies":"Small Slimes","floor":1.0,"turns":1.0},{"damage":0.0,"enemies":"Cultist","floor":3.0,"turns":1.0},{"damage":0.0,"enemies":"Jaw Worm","floor":4.0,"turns":1.0},{"damage":0.0,"enemies":"Gremlin Nob","floor":7.0,"turns":2.0},{"damage":28.0,"enemies":"Lagavulin","floor":10.0,"turns":10.0},{"damage":0.0,"enemies":"2 Fungi Beasts","floor":13.0,"turns":1.0},{"damage":3.0,"enemies":"3 Sentries","floor":14.0,"turns":2.0},{"damage":0.0,"enemies":"Slime Boss","floor":16.0,"turns":5.0},{"damage":5.0,"enemies":"Chosen","floor":18.0,"turns":3.0},{"damage":5.0,"enemies":"2 Thieves","floor":19.0,"turns":2.0},{"damage":8.0,"enemies":"Chosen and Byrds","floor":21.0,"turns":5.0},{"damage":24.0,"enemies":"Sentry and Sphere","floor":22.0,"turns":6.0},{"damage":0.0,"enemies":"Snecko","floor":24.0,"turns":3.0},{"damage":14.0,"enemies":"Gremlin Leader","floor":25.0,"turns":5.0},{"damage":21.0,"enemies":"Snake Plant","floor":28.0,"turns":4.0},{"damage":0.0,"enemies":"Slavers","floor":30.0,"turns":1.0},{"damage":17.0,"enemies":"Champ","floor":33.0,"turns":10.0},{"damage":29.0,"enemies":"3 Darklings","floor":35.0,"turns":3.0},{"damage":0.0,"enemies":"3 Shapes","floor":36.0,"turns":6.0},{"damage":5.0,"enemies":"Writhing Mass","floor":38.0,"turns":11.0},{"damage":21.0,"enemies":"Transient","floor":39.0,"turns":6.0},{"damage":27.0,"enemies":"Nemesis","floor":40.0,"turns":11.0},{"damage":5.0,"enemies":"Giant Head","floor":42.0,"turns":11.0},{"damage":0.0,"enemies":"Jaw Worm Horde","floor":46.0,"turns":7.0},{"damage":0.0,"enemies":"Nemesis","floor":48.0,"turns":9.0},{"damage":50.0,"enemies":"Awakened One","floor":50.0,"turns":16.0},{"damage":0.0,"enemies":"Donu and Deca","floor":51.0,"turns":11.0},{"damage":66.0,"enemies":"Shield and Spear","floor":55.0,"turns":15.0},{"damage":48,"enemies":"The Heart","floor":56,"turns":12}],"seed_played":"-5111455550139458122","potions_obtained":[{"floor":1.0,"key":"Fire Potion"},{"floor":14.0,"key":"AttackPotion"},{"floor":21.0,"key":"SkillPotion"},{"floor":22.0,"key":"AttackPotion"},{"floor":24.0,"key":"Weak Potion"},{"floor":30.0,"key":"SkillPotion"},{"floor":33.0,"key":"Block Potion"},{"floor":35.0,"key":"SpeedPotion"},{"floor":37.0,"key":"FearPotion"},{"floor":39.0,"key":"SpeedPotion"}],"is_trial":false,"path_per_floor":["M","?","M","M","$","R","E","R","T","E","T","?","M","E","R","B",null,"M","M","$","M","M","R","M","E","T","R","M","R","E","?","R","B",null,"M","M","?","M","M","E","$","E","T","R","$","M","T","E","R","B","B",null,"R","$","E","B",null],"character_chosen":"DEFECT","items_purchased":["Ball Lightning","Fission","OrangePellets","Capacitor","Lee\u0027s Waffle","PowerPotion","SpeedPotion","Energy Potion"],"campfire_rested":4,"item_purchase_floors":[5,5,20,41,41,41,45,45],"current_hp_per_floor":[64,64,64,64,64,64,64,64,64,36,36,36,36,33,33,33,62,57,52,52,44,20,41,41,27,27,27,18,39,39,39,39,41,64,47,54,54,63,49,48,78,78,78,78,78,78,78,78,78,54,78,78,78,78,38,27],"gold":93,"neow_bonus":"THREE_ENEMY_KILL","is_prod":false,"is_daily":false,"chose_seed":false,"campfire_upgraded":5,"win_rate":0,"timestamp":1549372160,"path_taken":["M","?","M","?","$","R","E","R","T","E","?","?","M","E","R","BOSS","M","M","$","M","M","R","M","E","T","R","M","R","E","?","R","BOSS","M","M","?","?","M","E","$","E","T","R","$","M","?","E","R","BOSS","BOSS","R","$","E","BOSS"],"build_version":"2019-01-23","purchased_purges":1,"victory":true,"max_hp_per_floor":[71,71,71,71,71,71,71,71,71,71,71,71,71,71,71,71,71,71,71,71,71,71,71,71,71,71,71,71,71,71,71,71,71,71,71,71,71,71,71,71,78,78,78,78,78,78,78,78,78,78,78,78,78,78,78,78],"card_choices":[{"not_picked":["Storm","Go for the Eyes","Redo"],"picked":"SKIP","floor":1.0},{"not_picked":["Turbo","Beam Cell"],"picked":"Conserve Battery","floor":3.0},{"not_picked":["Gash","Coolheaded"],"picked":"Hyperbeam","floor":4.0},{"not_picked":["Go for the Eyes","Scrape"],"picked":"Coolheaded","floor":7.0},{"not_picked":["Melter","Doom and Gloom"],"picked":"Capacitor","floor":10.0},{"not_picked":["Beam Cell","Reinforced Body"],"picked":"Hologram","floor":13.0},{"not_picked":["Compile Driver","Aggregate"],"picked":"Beam Cell","floor":14.0},{"not_picked":["Core Surge","Fission"],"picked":"Biased Cognition","floor":16.0},{"not_picked":["Rebound","Leap"],"picked":"Defragment","floor":18.0},{"not_picked":["Steam Power","Double Energy","Steam"],"picked":"SKIP","floor":19.0},{"not_picked":["Sunder","Conserve Battery"],"picked":"Gash","floor":21.0},{"not_picked":["Barrage","Ball Lightning+1"],"picked":"White Noise","floor":22.0},{"not_picked":["Sweeping Beam","Force Field"],"picked":"Cold Snap","floor":24.0},{"not_picked":["Ball Lightning","White Noise","Recycle"],"picked":"SKIP","floor":25.0},{"not_picked":["Doom and Gloom","Stack"],"picked":"Self Repair","floor":28.0},{"not_picked":["Machine Learning","Beam Cell+1","Go for the Eyes"],"picked":"SKIP","floor":30.0},{"not_picked":["Fission","Multi-Cast"],"picked":"Echo Form","floor":33.0},{"not_picked":["Conserve Battery","Turbo"],"picked":"Glacier","floor":35.0},{"not_picked":["Stack","Force Field","Sweeping Beam"],"picked":"SKIP","floor":36.0},{"not_picked":["Sweeping Beam","Steam","Redo"],"picked":"SKIP","floor":38.0},{"not_picked":["Stack","Compile Driver","Barrage+1"],"picked":"SKIP","floor":39.0},{"not_picked":["Static Discharge","Streamline"],"picked":"Chill+1","floor":40.0},{"not_picked":["Coolheaded","Conserve Battery+1"],"picked":"Undo+1","floor":42.0},{"not_picked":["Ball Lightning","Streamline","Loop"],"picked":"SKIP","floor":46.0},{"not_picked":["FTL","Reinforced Body+1"],"picked":"Hologram","floor":48.0},{"not_picked":["Meteor Strike","Gash"],"picked":"Coolheaded","floor":55.0}],"player_experience":1082722,"relics_obtained":[{"floor":7.0,"key":"The Courier"},{"floor":9.0,"key":"Ornamental Fan"},{"floor":10.0,"key":"Matryoshka"},{"floor":11.0,"key":"Whetstone"},{"floor":14.0,"key":"Tiny Chest"},{"floor":25.0,"key":"Bottled Lightning"},{"floor":26.0,"key":"Meat on the Bone"},{"floor":26.0,"key":"Potion Belt"},{"floor":30.0,"key":"Bottled Flame"},{"floor":40.0,"key":"Juzu Bracelet"},{"floor":42.0,"key":"Pen Nib"},{"floor":43.0,"key":"Pantograph"},{"floor":47.0,"key":"Bronze Scales"},{"floor":48.0,"key":"Darkstone Periapt"},{"floor":55.0,"key":"Mercury Hourglass"}],"event_choices":[{"cards_removed":["Strike_B"],"damage_healed":0.0,"max_hp_gain":0.0,"max_hp_loss":0.0,"gold_gain":0.0,"event_name":"Bonfire Elementals","player_choice":"Offered Basic","floor":2.0,"gold_loss":0.0,"damage_taken":0.0},{"cards_removed":["Strike_B"],"damage_healed":0.0,"max_hp_gain":0.0,"max_hp_loss":0.0,"gold_gain":0.0,"event_name":"The Cleric","player_choice":"Card Removal","floor":12.0,"gold_loss":75.0,"damage_taken":0.0},{"damage_healed":0.0,"max_hp_gain":0.0,"max_hp_loss":0.0,"gold_gain":50.0,"event_name":"Nest","player_choice":"Stole From Cult","floor":31.0,"gold_loss":0.0,"damage_taken":0.0},{"damage_healed":0.0,"max_hp_gain":0.0,"max_hp_loss":0.0,"gold_gain":0.0,"event_name":"The Woman in Blue","player_choice":"Bought 1 Potion","floor":37.0,"gold_loss":0.0,"damage_taken":0.0}],"is_beta":true,"boss_relics":[{"not_picked":["Runic Dome","Busted Crown"],"picked":"Nuclear Battery"},{"not_picked":["Snecko Eye","Black Star"],"picked":"Fusion Hammer"}],"items_purged_floors":[41],"is_endless":false,"potions_floor_spawned":[1,14,21,22,24,30,33,35,39,46],"ascension_level":20}