{"gold_per_floor":[210,226,244,71,71,71,98,98,98,112,27,27,302,316,316,316],"floor_reached":16,"playtime":632,"items_purged":[],"score":200,"play_id":"af440408-fedb-4dd6-b89c-4cec15bd00dc","local_time":"20190413022516","is_ascension_mode":true,"campfire_choices":[{"data":"Zap","floor":6,"key":"SMITH"},{"data":"Reinforced Body","floor":8,"key":"SMITH"},{"data":"Hologram","floor":12,"key":"SMITH"},{"floor":15,"key":"REST"}],"neow_cost":"NONE","seed_source_timestamp":2759995437475,"circlet_count":0,"master_deck":["AscendersBane","Strike_B","Strike_B","Strike_B","Strike_B","Defend_B","Defend_B","Defend_B","Defend_B","Zap+1","Dualcast","Coolheaded","Reinforced Body+1","Coolheaded","Hologram+1","Defragment+1","Regret"],"relics":["Cracked Core","Art of War","Frozen Egg 2","Pear"],"potions_floor_usage":[7,16,16],"damage_taken":[{"damage":1,"enemies":"Cultist","floor":1,"turns":3},{"damage":4,"enemies":"2 Louse","floor":2,"turns":3},{"damage":7,"enemies":"Jaw Worm","floor":3,"turns":5},{"damage":31,"enemies":"Lagavulin","floor":7,"turns":8},{"damage":7,"enemies":"Exordium Thugs","floor":10,"turns":6},{"damage":0,"enemies":"3 Louse","floor":14,"turns":3},{"damage":38,"enemies":"Slime Boss","floor":16,"turns":13}],"seed_played":"7982399558553001296","potions_obtained":[{"floor":2,"key":"LiquidBronze"},{"floor":3,"key":"SkillPotion"},{"floor":7,"key":"Weak Potion"}],"is_trial":false,"path_per_floor":["M","M","M","$","?","R","E","R","T","M","$","R","?","M","R","B"],"character_chosen":"DEFECT","items_purchased":["Art of War","Defragment+1"],"campfire_rested":1,"item_purchase_floors":[4,11],"current_hp_per_floor":[63,59,52,52,57,57,26,26,36,29,29,29,29,29,54,16],"gold":316,"neow_bonus":"HUNDRED_GOLD","is_prod":false,"is_daily":false,"chose_seed":false,"campfire_upgraded":3,"win_rate":0,"timestamp":1555147516,"path_taken":["M","M","?","$","?","R","E","R","T","M","$","R","?","M","R","BOSS"],"build_version":"2019-04-04","purchased_purges":0,"victory":false,"max_hp_per_floor":[71,71,71,71,76,76,76,76,86,86,86,86,86,86,86,86],"card_choices":[{"not_picked":["Go for the Eyes","Steam"],"picked":"Coolheaded","floor":1},{"not_picked":["Auto Shields","Leap"],"picked":"Reinforced Body","floor":2},{"not_picked":["Tempest","Leap"],"picked":"Coolheaded","floor":3},{"not_picked":["Reprogram","Leap","Redo"],"picked":"SKIP","floor":7},{"not_picked":["Conserve Battery","Steam"],"picked":"Hologram","floor":10},{"not_picked":["Melter","Gash","Streamline"],"picked":"SKIP","floor":14}],"player_experience":1400946,"relics_obtained":[{"floor":7,"key":"Frozen Egg 2"},{"floor":9,"key":"Pear"}],"event_choices":[{"damage_healed":0,"gold_gain":0,"player_choice":"Donut","damage_taken":0,"max_hp_gain":5,"max_hp_loss":0,"event_name":"Big Fish","floor":5,"gold_loss":0},{"damage_healed":0,"gold_gain":275,"player_choice":"Desecrate","damage_taken":0,"max_hp_gain":0,"max_hp_loss":0,"event_name":"Golden Shrine","floor":13,"gold_loss":0,"cards_obtained":["Regret"]}],"is_beta":true,"boss_relics":[],"items_purged_floors":[],"is_endless":false,"potions_floor_spawned":[2,3,7],"killed_by":"Slime Boss","ascension_level":20}