{"gold_per_floor":[361,372,14,14,29,64,64,98,122,22,42,42,67,85,85,161,161,161,101,101,101,101],"floor_reached":22,"playtime":730,"items_purged":["Strike_B","Strike_B"],"score":412,"play_id":"0dad3456-4055-43cd-9096-cf20d753fa4a","local_time":"20190215023144","is_ascension_mode":true,"campfire_choices":[{"data":"Zap","floor":7.0,"key":"SMITH"},{"data":"Reinforced Body","floor":15.0,"key":"SMITH"}],"neow_cost":"PERCENT_DAMAGE","seed_source_timestamp":1803603596773478,"circlet_count":0,"master_deck":["AscendersBane","Strike_B+1","Defend_B","Defend_B","Defend_B","Defend_B","Zap+1","Dualcast","Cold Snap","Ball Lightning","Ball Lightning","Cold Snap+1","Conserve Battery","Reinforced Body+1","Electrodynamics","Undo"],"special_seed":0,"relics":["Cracked Core","DollysMirror","Whetstone","Anchor","Blood Vial","Ginger","Ancient Tea Set","Ectoplasm"],"potions_floor_usage":[],"damage_taken":[{"damage":0.0,"enemies":"Cultist","floor":1.0,"turns":3.0},{"damage":2.0,"enemies":"Small Slimes","floor":2.0,"turns":3.0},{"damage":2.0,"enemies":"2 Louse","floor":5.0,"turns":2.0},{"damage":4.0,"enemies":"Gremlin Nob","floor":6.0,"turns":3.0},{"damage":11.0,"enemies":"Lagavulin","floor":8.0,"turns":5.0},{"damage":1.0,"enemies":"Gremlin Gang","floor":11.0,"turns":4.0},{"damage":2.0,"enemies":"Gremlin Nob","floor":13.0,"turns":3.0},{"damage":0.0,"enemies":"Exordium Wildlife","floor":14.0,"turns":3.0},{"damage":23,"enemies":"The Guardian","floor":16,"turns":12},{"damage":17,"enemies":"Chosen","floor":18,"turns":5},{"damage":8,"enemies":"2 Thieves","floor":19,"turns":3},{"damage":0,"enemies":"Centurion and Healer","floor":20,"turns":6},{"damage":6,"enemies":"Snecko","floor":22,"turns":4}],"seed_played":"-7032964273239696486","potions_obtained":[{"floor":5.0,"key":"PowerPotion"},{"floor":16,"key":"Poison Potion"},{"floor":19,"key":"SpeedPotion"}],"is_trial":false,"path_per_floor":["M","M","$","?","M","E","R","E","T","$","M","?","E","M","R","B",null,"M","M","M","$","M"],"character_chosen":"DEFECT","items_purchased":["Explosive Potion","DollysMirror"],"campfire_rested":0,"item_purchase_floors":[3,3],"current_hp_per_floor":[46,44,44,44,42,38,38,27,27,27,28,28,28,30,30,9,56,41,35,37,37,33],"gold":101,"neow_bonus":"TWO_FIFTY_GOLD","is_prod":false,"is_daily":false,"chose_seed":false,"campfire_upgraded":2,"win_rate":0,"timestamp":1550226704,"path_taken":["M","M","$","?","M","E","R","E","T","$","M","?","E","M","R","BOSS","M","M","?","$","M"],"build_version":"2019-02-06","purchased_purges":2,"victory":false,"max_hp_per_floor":[71,71,71,71,71,71,71,71,71,71,71,71,71,71,71,71,71,71,71,71,71,71],"card_choices":[{"not_picked":["Recycle","Aggregate"],"picked":"Cold Snap","floor":1.0},{"not_picked":["Gash","Consume"],"picked":"Ball Lightning","floor":2.0},{"not_picked":["Sunder","Chaos"],"picked":"Cold Snap","floor":5.0},{"not_picked":["Force Field","All For One","Gash"],"picked":"SKIP","floor":6.0},{"not_picked":["Fusion","Sweeping Beam"],"picked":"Conserve Battery","floor":8.0},{"not_picked":["Cold Snap","Hello World","Fusion"],"picked":"SKIP","floor":11.0},{"not_picked":["Hello World","Rainbow"],"picked":"Reinforced Body","floor":13.0},{"not_picked":["Tempest","Steam","Streamline"],"picked":"SKIP","floor":14.0},{"not_picked":["Meteor Strike","Machine Learning"],"picked":"Electrodynamics","floor":16},{"not_picked":["Turbo","Heatsinks","Aggregate"],"picked":"SKIP","floor":18},{"not_picked":["Aggregate","Rip and Tear"],"picked":"Undo","floor":19},{"not_picked":["Steam","Turbo","Cold Snap+1"],"picked":"SKIP","floor":20}],"player_experience":1170801,"relics_obtained":[{"floor":6.0,"key":"Whetstone"},{"floor":8.0,"key":"Anchor"},{"floor":9.0,"key":"Blood Vial"},{"floor":13.0,"key":"Ancient Tea Set"}],"event_choices":[{"cards_removed":["Strike_B"],"damage_healed":0.0,"max_hp_gain":0.0,"max_hp_loss":0.0,"gold_gain":0.0,"event_name":"Living Wall","player_choice":"Forget","floor":4.0,"gold_loss":0.0,"damage_taken":0.0},{"damage_healed":0.0,"max_hp_gain":0.0,"max_hp_loss":0.0,"gold_gain":0.0,"event_name":"WeMeetAgain","player_choice":"Gave Potion","floor":12.0,"gold_loss":0.0,"damage_taken":0.0,"relics_obtained":["Ginger"]}],"is_beta":true,"boss_relics":[{"not_picked":["Eternal Feather","Lizard Tail"],"picked":"Ectoplasm"}],"items_purged_floors":[3,10],"is_endless":false,"potions_floor_spawned":[5,11,16,19],"killed_by":"Snecko","ascension_level":20}