{"gold_per_floor":[111,111,111,111,111,111,19,36,36,68,68,87,117,132,132,210,210,229,5,5,23,43,43,43,43,43,61,61],"floor_reached":28,"playtime":728,"items_purged":[],"score":502,"play_id":"8cd2c787-4e65-4873-8c8e-b3caab363669","local_time":"20190312234335","is_ascension_mode":true,"campfire_choices":[{"data":"Zap","floor":6.0,"key":"SMITH"},{"data":"Fission","floor":11.0,"key":"SMITH"},{"floor":15.0,"key":"REST"},{"data":"Loop","floor":23.0,"key":"SMITH"},{"data":"Buffer","floor":25,"key":"SMITH"}],"neow_cost":"NONE","seed_source_timestamp":3397670108386362,"circlet_count":0,"master_deck":["AscendersBane","Strike_B","Strike_B","Strike_B+1","Defend_B","Defend_B","Defend_B+1","Defend_B","Zap+1","Dualcast","Defragment+1","Coolheaded","Loop+1","Ball Lightning","Fission+1","Conserve Battery","Ball Lightning","Buffer+1","Coolheaded","Reinforced Body"],"special_seed":0,"relics":["Cracked Core","NeowsBlessing","Oddly Smooth Stone","Sundial","Juzu Bracelet","Anchor","Snecko Eye","ClockworkSouvenir"],"potions_floor_usage":[],"damage_taken":[{"damage":0.0,"enemies":"Cultist","floor":1.0,"turns":1.0},{"damage":0.0,"enemies":"Small Slimes","floor":8.0,"turns":1.0},{"damage":0.0,"enemies":"Lagavulin","floor":10.0,"turns":1.0},{"damage":0.0,"enemies":"2 Louse","floor":12.0,"turns":2.0},{"damage":10.0,"enemies":"3 Sentries","floor":13.0,"turns":6.0},{"damage":4.0,"enemies":"Gremlin Gang","floor":14.0,"turns":4.0},{"damage":1.0,"enemies":"Slime Boss","floor":16.0,"turns":6.0},{"damage":9.0,"enemies":"Chosen","floor":18.0,"turns":4.0},{"damage":0.0,"enemies":"Shell Parasite","floor":21.0,"turns":6.0},{"damage":20.0,"enemies":"Shelled Parasite and Fungi","floor":22.0,"turns":7.0},{"damage":14,"enemies":"Snake Plant","floor":27,"turns":5},{"damage":13,"enemies":"Slavers","floor":28,"turns":3}],"seed_played":"2024615053963600136","potions_obtained":[{"floor":1.0,"key":"Weak Potion"},{"floor":18.0,"key":"Ancient Potion"}],"is_trial":false,"path_per_floor":["M","?","?","?","?","R","$","M","T","E","R","M","E","M","R","B",null,"M","$","?","M","M","R","?","R","T","M","E"],"character_chosen":"DEFECT","items_purchased":["Coolheaded","Loop","ClockworkSouvenir"],"campfire_rested":1,"item_purchase_floors":[7,7,19],"current_hp_per_floor":[64,64,57,36,36,36,36,36,36,36,36,36,26,22,43,42,64,55,55,55,55,35,35,35,35,35,21,8],"gold":61,"neow_bonus":"THREE_ENEMY_KILL","is_prod":false,"is_daily":false,"chose_seed":false,"campfire_upgraded":4,"win_rate":0,"timestamp":1552459415,"path_taken":["M","?","?","?","?","R","$","M","T","E","R","M","E","M","R","BOSS","M","$","?","M","M","R","?","R","T","M","E"],"build_version":"2019-02-06","purchased_purges":0,"victory":false,"max_hp_per_floor":[71,71,71,71,71,71,71,71,71,71,71,71,71,71,71,71,71,71,71,71,71,71,71,71,71,71,71,71],"card_choices":[{"not_picked":["Self Repair","Melter"],"picked":"Defragment","floor":1.0},{"not_picked":["Go for the Eyes","Chill"],"picked":"Ball Lightning","floor":8.0},{"not_picked":["Recycle","Coolheaded"],"picked":"Fission","floor":10.0},{"not_picked":["Stack","Fusion"],"picked":"Conserve Battery","floor":12.0},{"not_picked":["Beam Cell","Compile Driver"],"picked":"Ball Lightning","floor":13.0},{"not_picked":["FTL","Conserve Battery","Double Energy"],"picked":"SKIP","floor":14.0},{"not_picked":["Rainbow","Reboot"],"picked":"Buffer","floor":16.0},{"not_picked":["Beam Cell","Hologram"],"picked":"Coolheaded","floor":18.0},{"not_picked":["Heatsinks","White Noise"],"picked":"Reinforced Body","floor":21.0},{"not_picked":["Rebound","Beam Cell","FTL"],"picked":"SKIP","floor":22.0},{"not_picked":["Stack","Rebound","Ball Lightning"],"picked":"SKIP","floor":27}],"player_experience":1357545,"relics_obtained":[{"floor":9.0,"key":"Sundial"},{"floor":10.0,"key":"Juzu Bracelet"},{"floor":13.0,"key":"Anchor"}],"event_choices":[{"damage_healed":0.0,"max_hp_gain":0.0,"max_hp_loss":0.0,"gold_gain":0.0,"event_name":"Living Wall","player_choice":"Grow","floor":2.0,"gold_loss":0.0,"damage_taken":0.0,"cards_upgraded":["Defragment"]},{"cards_removed":["Strike_B"],"damage_healed":0.0,"max_hp_gain":0.0,"max_hp_loss":0.0,"gold_gain":0.0,"event_name":"Golden Wing","player_choice":"Card Removal","floor":3.0,"gold_loss":0.0,"damage_taken":7.0},{"damage_healed":0.0,"max_hp_gain":0.0,"max_hp_loss":0.0,"gold_gain":0.0,"event_name":"Shining Light","player_choice":"Entered Light","floor":4.0,"gold_loss":0.0,"damage_taken":21.0,"cards_upgraded":["Defend_B","Strike_B"]},{"damage_healed":0.0,"max_hp_gain":0.0,"max_hp_loss":0.0,"gold_gain":0.0,"event_name":"WeMeetAgain","player_choice":"Gave Potion","floor":5.0,"gold_loss":0.0,"damage_taken":0.0,"relics_obtained":["Oddly Smooth Stone"]},{"damage_healed":0.0,"max_hp_gain":0.0,"max_hp_loss":0.0,"gold_gain":0.0,"event_name":"Beggar","player_choice":"Ignored","floor":20.0,"gold_loss":0.0,"damage_taken":0.0}],"is_beta":true,"boss_relics":[{"not_picked":["Inserter","Pandora\u0027s Box"],"picked":"Snecko Eye"}],"items_purged_floors":[],"is_endless":false,"potions_floor_spawned":[1,18],"killed_by":"Slavers","ascension_level":20}