{"gold_per_floor":[215,73,223,241,251,251,281,281,306,306,25,59,134,162,162,239,239,249,163,163,163,82,82],"floor_reached":23,"playtime":877,"items_purged":["Doubt"],"score":431,"play_id":"f64ef343-9cf8-4b33-adac-1f161dac8644","local_time":"20190304020305","is_ascension_mode":true,"campfire_choices":[{"data":"Defragment","floor":6.0,"key":"SMITH"},{"data":"Zap","floor":8.0,"key":"SMITH"},{"floor":10.0,"key":"REST"},{"floor":15.0,"key":"REST"}],"neow_cost":"NONE","seed_source_timestamp":2840887642001884,"circlet_count":0,"master_deck":["AscendersBane","Strike_B","Strike_B","Strike_B","Strike_B","Defend_B","Defend_B","Defend_B","Defend_B","Zap+1","Dualcast","Conserve Battery","Defragment+1","Capacitor","Coolheaded","Defragment","Electrodynamics","Defragment","Ghostly","Ghostly","Ghostly","Defragment"],"special_seed":0,"relics":["FrozenCore","Blood Vial","Orichalcum","Anchor","Gambling Chip","Meat on the Bone","Omamori"],"potions_floor_usage":[],"damage_taken":[{"damage":2.0,"enemies":"Small Slimes","floor":1.0,"turns":4.0},{"damage":7.0,"enemies":"Jaw Worm","floor":4.0,"turns":4.0},{"damage":3.0,"enemies":"2 Louse","floor":5.0,"turns":3.0},{"damage":29.0,"enemies":"Gremlin Nob","floor":7.0,"turns":4.0},{"damage":12.0,"enemies":"3 Sentries","floor":12.0,"turns":7.0},{"damage":20.0,"enemies":"Gremlin Nob","floor":14.0,"turns":4.0},{"damage":16.0,"enemies":"The Guardian","floor":16.0,"turns":12.0},{"damage":6.0,"enemies":"Spheric Guardian","floor":18.0,"turns":5.0},{"damage":13.0,"enemies":"Colosseum Slavers","floor":22.0,"turns":4.0},{"damage":5.0,"enemies":"Colosseum Nobs","floor":22.0,"turns":6.0},{"damage":27,"enemies":"Gremlin Leader","floor":23,"turns":2}],"seed_played":"-9086777087032934164","potions_obtained":[{"floor":4.0,"key":"Poison Potion"},{"floor":14.0,"key":"Weak Potion"},{"floor":16.0,"key":"Dexterity Potion"}],"is_trial":false,"path_per_floor":["M","$","?","M","M","R","E","R","T","R","$","E","?","E","R","B",null,"M","$","?","T","?","E"],"character_chosen":"DEFECT","items_purchased":["Defragment","Fire Potion","Capacitor","Anchor","Defragment","Defragment"],"campfire_rested":2,"item_purchase_floors":[2,2,11,11,19,22],"current_hp_per_floor":[62,62,62,55,52,52,23,23,23,44,44,34,23,5,26,24,59,55,55,35,35,19,0],"gold":82,"neow_bonus":"HUNDRED_GOLD","is_prod":false,"is_daily":false,"chose_seed":false,"campfire_upgraded":2,"win_rate":0,"timestamp":1551693785,"path_taken":["M","$","?","M","M","R","E","R","T","R","$","E","?","E","R","BOSS","M","$","?","?","?","E"],"build_version":"2019-02-06","purchased_purges":1,"victory":false,"max_hp_per_floor":[71,71,71,71,71,71,71,71,71,71,71,71,71,71,71,71,71,71,71,35,35,35,35],"card_choices":[{"not_picked":["Barrage","Steam Power"],"picked":"Conserve Battery","floor":1.0},{"not_picked":["Turbo","Gash","Force Field"],"picked":"SKIP","floor":4.0},{"not_picked":["Gash","Beam Cell","Go for the Eyes"],"picked":"SKIP","floor":5.0},{"not_picked":["Tempest","Multi-Cast","Stack"],"picked":"SKIP","floor":7.0},{"not_picked":["Storm","Auto Shields"],"picked":"Coolheaded","floor":12.0},{"not_picked":["Meteor Strike","Loop"],"picked":"Defragment","floor":14.0},{"not_picked":["Biased Cognition","Buffer"],"picked":"Electrodynamics","floor":16.0},{"not_picked":["Recycle","Stack","Conserve Battery"],"picked":"SKIP","floor":18.0}],"player_experience":1307911,"relics_obtained":[{"floor":7.0,"key":"Blood Vial"},{"floor":9.0,"key":"Orichalcum"},{"floor":12.0,"key":"Gambling Chip"},{"floor":14.0,"key":"Meat on the Bone"},{"floor":21.0,"key":"Omamori"}],"event_choices":[{"damage_healed":0.0,"max_hp_gain":0.0,"max_hp_loss":0.0,"gold_gain":150.0,"event_name":"Liars Game","player_choice":"AGREE","floor":3.0,"gold_loss":0.0,"damage_taken":0.0,"cards_obtained":["Doubt"]},{"damage_healed":0.0,"max_hp_gain":0.0,"max_hp_loss":0.0,"gold_gain":75.0,"event_name":"World of Goop","player_choice":"Gather Gold","floor":13.0,"gold_loss":0.0,"damage_taken":11.0},{"damage_healed":0.0,"max_hp_gain":0.0,"max_hp_loss":36.0,"gold_gain":0.0,"event_name":"Ghosts","player_choice":"Became a Ghost","floor":20.0,"gold_loss":0.0,"damage_taken":0.0,"cards_obtained":["Ghostly","Ghostly","Ghostly"]},{"damage_healed":0.0,"max_hp_gain":0.0,"max_hp_loss":0.0,"gold_gain":0.0,"event_name":"Colosseum","player_choice":"Fight","floor":22.0,"gold_loss":0.0,"damage_taken":0.0},{"damage_healed":0.0,"max_hp_gain":0.0,"max_hp_loss":0.0,"gold_gain":0.0,"event_name":"Colosseum","player_choice":"Fought Nobs","floor":22.0,"gold_loss":0.0,"damage_taken":0.0}],"is_beta":true,"boss_relics":[{"not_picked":["Busted Crown","Pandora\u0027s Box"],"picked":"FrozenCore"}],"items_purged_floors":[11],"is_endless":false,"potions_floor_spawned":[4,14,16,22,22],"killed_by":"Gremlin Leader","ascension_level":20}