{"gold_per_floor":[211,39,89,109,19,52,52,85,111,122,155,170,170,199,199,199],"floor_reached":16,"playtime":659,"items_purged":[],"score":256,"play_id":"66b61e39-72d7-469f-9b34-6e2e165297bc","local_time":"20190305232154","is_ascension_mode":true,"campfire_choices":[{"data":"Defragment","floor":7.0,"key":"SMITH"},{"floor":13.0,"key":"REST"},{"data":"Consume","floor":15.0,"key":"SMITH"}],"neow_cost":"NONE","seed_source_timestamp":2928024446740258,"circlet_count":0,"master_deck":["AscendersBane","Strike_B","Strike_B","Strike_B","Strike_B","Defend_B","Defend_B","Defend_B","Defend_B","Zap","Dualcast","Defragment+1","Glacier","Cold Snap","Consume+1","Echo Form","BootSequence","Coolheaded","Coolheaded+1"],"special_seed":0,"relics":["Cracked Core","PreservedInsect","Strawberry","Turnip","Happy Flower","Blood Vial","Toxic Egg 2"],"potions_floor_usage":[],"damage_taken":[{"damage":8.0,"enemies":"2 Louse","floor":1.0,"turns":2.0},{"damage":1.0,"enemies":"Cultist","floor":4.0,"turns":3.0},{"damage":7.0,"enemies":"Lagavulin","floor":6.0,"turns":9.0},{"damage":19.0,"enemies":"3 Sentries","floor":8.0,"turns":9.0},{"damage":0.0,"enemies":"Small Slimes","floor":10.0,"turns":4.0},{"damage":9.0,"enemies":"Lagavulin","floor":11.0,"turns":9.0},{"damage":0.0,"enemies":"Exordium Wildlife","floor":12.0,"turns":3.0},{"damage":6.0,"enemies":"3 Sentries","floor":14.0,"turns":9.0},{"damage":47,"enemies":"Hexaghost","floor":16,"turns":16}],"seed_played":"409406840738740782","potions_obtained":[{"floor":8.0,"key":"Explosive Potion"},{"floor":10.0,"key":"FearPotion"}],"is_trial":false,"path_per_floor":["M","$","?","M","$","E","R","E","T","M","E","M","R","E","R","B"],"character_chosen":"DEFECT","items_purchased":["PreservedInsect","Glacier","Cold Snap"],"campfire_rested":1,"item_purchase_floors":[2,5,5],"current_hp_per_floor":[56,56,49,48,48,48,48,29,29,29,20,22,45,41,41,0],"gold":199,"neow_bonus":"HUNDRED_GOLD","is_prod":false,"is_daily":false,"chose_seed":false,"campfire_upgraded":2,"win_rate":0,"timestamp":1551856914,"path_taken":["M","$","?","M","$","E","R","E","T","M","E","?","R","E","R","BOSS"],"build_version":"2019-02-06","purchased_purges":0,"victory":false,"max_hp_per_floor":[71,71,71,71,71,78,78,78,78,78,78,78,78,78,78,78],"card_choices":[{"not_picked":["Compile Driver","Steam","Gash"],"picked":"SKIP","floor":1.0},{"not_picked":["Beam Cell","Sunder"],"picked":"Defragment","floor":4.0},{"not_picked":["Storm","Streamline"],"picked":"Consume","floor":6.0},{"not_picked":["Undo","Ball Lightning"],"picked":"Echo Form","floor":8.0},{"not_picked":["Streamline","Turbo"],"picked":"BootSequence","floor":10.0},{"not_picked":["Streamline","Conserve Battery"],"picked":"Coolheaded","floor":11.0},{"not_picked":["Double Energy","Sweeping Beam","Turbo"],"picked":"SKIP","floor":12.0},{"not_picked":["Gash","Stack"],"picked":"Coolheaded","floor":14.0}],"player_experience":1319433,"relics_obtained":[{"floor":6.0,"key":"Strawberry"},{"floor":8.0,"key":"Turnip"},{"floor":9.0,"key":"Happy Flower"},{"floor":11.0,"key":"Blood Vial"},{"floor":14.0,"key":"Toxic Egg 2"}],"event_choices":[{"damage_healed":0.0,"max_hp_gain":0.0,"max_hp_loss":0.0,"gold_gain":50.0,"event_name":"FaceTrader","player_choice":"Touch","floor":3.0,"gold_loss":0.0,"damage_taken":7.0}],"is_beta":true,"boss_relics":[],"items_purged_floors":[],"is_endless":false,"potions_floor_spawned":[8,10],"killed_by":"Hexaghost","ascension_level":20}