{"gold_per_floor":[119,42,54,73,73,73,104,118,118,9,22,22,32,65,65,170,170,190,190,190,202,7,34,34,65,65,65,78,3,17,17,17,120,120,134,154,174,174,191,191,219,72,97,113,133,43,43],"floor_reached":47,"playtime":3035,"items_purged":["Strike_B","Strike_B"],"score":585,"play_id":"7dca6639-6fb2-4f72-a4e1-d9965f0a91f2","local_time":"20190422012948","is_ascension_mode":true,"campfire_choices":[{"data":"Defragment","floor":6.0,"key":"SMITH"},{"data":"Capacitor","floor":12,"key":"SMITH"},{"data":"Defragment","floor":15,"key":"SMITH"},{"floor":24,"key":"RECALL"},{"data":"Seek","floor":27,"key":"SMITH"},{"floor":32,"key":"REST"},{"data":"Capacitor","floor":40,"key":"SMITH"}],"neow_cost":"TEN_PERCENT_HP_LOSS","seed_source_timestamp":0,"circlet_count":0,"master_deck":["Defend_B","Defend_B","Defend_B","Zap","Ball Lightning","Capacitor+1","Defragment+1","Electrodynamics+1","Cold Snap","Ball Lightning","Capacitor+1","Conserve Battery","Defragment+1","Barrage","RitualDagger","Cold Snap+1","Hologram","White Noise+1","Seek+1","Reprogram","Echo Form","Conserve Battery","Undo+1","Stack+1","Coolheaded+1","Ball Lightning+1","Conserve Battery","Defragment"],"special_seed":0,"relics":["Cracked Core","Mercury Hourglass","Unceasing Top","Incense Burner","Velvet Choker","Lee\u0027s Waffle","Regal Pillow","Dodecahedron","Bottled Tornado","Runic Dome","Bronze Scales"],"potions_floor_usage":[14,18,21,28,47],"damage_taken":[{"damage":2.0,"enemies":"2 Louse","floor":1.0,"turns":3.0},{"damage":0.0,"enemies":"Small Slimes","floor":3.0,"turns":2.0},{"damage":0.0,"enemies":"Jaw Worm","floor":4.0,"turns":3.0},{"damage":9.0,"enemies":"3 Sentries","floor":7.0,"turns":3.0},{"damage":0,"enemies":"3 Louse","floor":8,"turns":1},{"damage":0,"enemies":"Large Slime","floor":11,"turns":3},{"damage":1,"enemies":"Exordium Thugs","floor":13,"turns":3},{"damage":0,"enemies":"Gremlin Nob","floor":14,"turns":3},{"damage":41,"enemies":"The Guardian","floor":16,"turns":6},{"damage":10,"enemies":"2 Thieves","floor":18,"turns":2},{"damage":14,"enemies":"Shell Parasite","floor":21,"turns":4},{"damage":31,"enemies":"Book of Stabbing","floor":23,"turns":4},{"damage":0,"enemies":"Gremlin Leader","floor":25,"turns":4},{"damage":14,"enemies":"Snake Plant","floor":28,"turns":3},{"damage":9,"enemies":"Shelled Parasite and Fungi","floor":30,"turns":3},{"damage":13,"enemies":"Automaton","floor":33,"turns":7},{"damage":11,"enemies":"Orb Walker","floor":35,"turns":3},{"damage":0,"enemies":"3 Shapes","floor":36,"turns":2},{"damage":13,"enemies":"Maw","floor":37,"turns":7},{"damage":6,"enemies":"3 Darklings","floor":39,"turns":2},{"damage":23,"enemies":"Reptomancer","floor":41,"turns":5},{"damage":0,"enemies":"Jaw Worm Horde","floor":44,"turns":3},{"damage":0,"enemies":"Sphere and 2 Shapes","floor":45,"turns":2},{"damage":24,"enemies":"3 Darklings","floor":47,"turns":2}],"seed_played":"-9093375199337601904","potions_obtained":[{"floor":4.0,"key":"EssenceOfSteel"},{"floor":8,"key":"SkillPotion"},{"floor":11,"key":"FearPotion"},{"floor":13,"key":"Ancient Potion"},{"floor":16,"key":"LiquidBronze"},{"floor":18,"key":"EssenceOfSteel"},{"floor":25,"key":"LiquidBronze"},{"floor":39,"key":"SkillPotion"},{"floor":44,"key":"LiquidBronze"}],"is_trial":false,"path_per_floor":["M","$","M","M","?","R","E","M","T","$","M","R","M","E","R","B",null,"M","?","?","M","$","E","R","E","T","R","M","?","M","?","R","B",null,"M","M","M","?","M","R","E","$","T","M","M","?","M"],"character_chosen":"DEFECT","items_purchased":["Capacitor","Capacitor","Lee\u0027s Waffle","Conserve Battery"],"campfire_rested":1,"item_purchase_floors":[2,10,22,42],"current_hp_per_floor":[66,66,66,66,66,66,57,57,57,57,57,57,56,56,56,15,68,58,52,52,38,75,44,44,44,44,44,30,30,21,21,58,45,75,64,64,51,51,45,45,22,22,22,22,22,22,0],"gold":43,"neow_bonus":"REMOVE_TWO","is_prod":false,"is_daily":false,"chose_seed":false,"campfire_upgraded":5,"win_rate":0,"timestamp":1555910988,"path_taken":["M","$","M","M","?","R","E","M","T","$","M","R","M","E","R","BOSS","M","?","?","M","$","E","R","E","T","R","M","?","M","?","R","BOSS","M","M","M","?","?","R","E","$","T","M","M","?","M"],"build_version":"2019-01-23","purchased_purges":2,"victory":false,"max_hp_per_floor":[68,68,68,68,68,68,68,68,68,68,68,68,68,68,68,68,68,68,68,68,68,75,75,75,75,75,75,75,75,75,75,75,75,75,75,75,75,75,75,75,75,75,75,75,75,75,75],"card_choices":[{"not_picked":["Gash","Stack"],"picked":"Ball Lightning","floor":1.0},{"not_picked":["Chaos","BootSequence"],"picked":"Defragment","floor":3.0},{"not_picked":["Coolheaded","Go for the Eyes"],"picked":"Electrodynamics","floor":4.0},{"not_picked":["Redo","Rebound"],"picked":"Cold Snap","floor":7.0},{"not_picked":["Compile Driver","Go for the Eyes"],"picked":"Ball Lightning","floor":8},{"not_picked":["Chill","Beam Cell"],"picked":"Conserve Battery","floor":11},{"not_picked":["Go for the Eyes","Steam","Fusion"],"picked":"SKIP","floor":13},{"not_picked":["Leap","Turbo"],"picked":"Defragment","floor":14},{"not_picked":["Gash","Darkness"],"picked":"Barrage","floor":18},{"not_picked":["Barrage","Redo+1"],"picked":"Hologram","floor":21},{"not_picked":["Leap","Darkness"],"picked":"White Noise+1","floor":23},{"not_picked":["Beam Cell","Leap"],"picked":"Seek","floor":25},{"not_picked":["Hello World","Coolheaded"],"picked":"Reprogram","floor":28},{"not_picked":["Heatsinks","Storm","Beam Cell"],"picked":"SKIP","floor":30},{"not_picked":["Hyperbeam","Fission"],"picked":"Echo Form","floor":33},{"not_picked":["Fusion","Gash"],"picked":"Conserve Battery","floor":35},{"not_picked":["Hologram","Leap"],"picked":"Undo+1","floor":36},{"not_picked":["Hologram","Doom and Gloom+1"],"picked":"Stack+1","floor":37},{"not_picked":["Reprogram+1","Beam Cell+1"],"picked":"Coolheaded+1","floor":39},{"not_picked":["Hyperbeam","Rebound"],"picked":"Ball Lightning+1","floor":41},{"not_picked":["Steam Power+1","Stack"],"picked":"Defragment","floor":44},{"not_picked":["Beam Cell+1","Rebound","Stack"],"picked":"SKIP","floor":45}],"player_experience":120148,"relics_obtained":[{"floor":7.0,"key":"Mercury Hourglass"},{"floor":9,"key":"Unceasing Top"},{"floor":14,"key":"Incense Burner"},{"floor":23,"key":"Regal Pillow"},{"floor":25,"key":"Dodecahedron"},{"floor":26,"key":"Bottled Tornado"},{"floor":41,"key":"Bronze Scales"}],"event_choices":[{"damage_healed":0.0,"max_hp_gain":0.0,"max_hp_loss":0.0,"gold_gain":0.0,"event_name":"Living Wall","player_choice":"Grow","floor":5.0,"gold_loss":0.0,"damage_taken":0.0,"cards_upgraded":["Electrodynamics"]},{"damage_healed":0,"gold_gain":0,"player_choice":"Joined the Cult","damage_taken":6,"max_hp_gain":0,"max_hp_loss":0,"event_name":"Nest","floor":19,"gold_loss":0,"cards_obtained":["RitualDagger"]},{"damage_healed":0,"gold_gain":0,"player_choice":"Read","damage_taken":0,"max_hp_gain":0,"max_hp_loss":0,"event_name":"The Library","floor":20,"gold_loss":0,"cards_obtained":["Cold Snap"]},{"cards_removed":["Strike_B"],"damage_healed":0,"gold_gain":0,"player_choice":"Gave Gold","damage_taken":0,"max_hp_gain":0,"max_hp_loss":0,"event_name":"Beggar","floor":29,"gold_loss":75},{"damage_healed":0,"gold_gain":0,"player_choice":"Ignored","damage_taken":0,"max_hp_gain":0,"max_hp_loss":0,"event_name":"The Mausoleum","floor":31,"gold_loss":0},{"damage_healed":0,"gold_gain":0,"player_choice":"Ignored","damage_taken":0,"max_hp_gain":0,"max_hp_loss":0,"event_name":"SecretPortal","floor":38,"gold_loss":0},{"cards_removed":["Dualcast"],"damage_healed":0,"gold_gain":0,"player_choice":"Upgrade and Remove","damage_taken":0,"max_hp_gain":0,"max_hp_loss":0,"event_name":"Designer","floor":46,"gold_loss":90,"cards_upgraded":["Cold Snap"]}],"is_beta":false,"boss_relics":[{"not_picked":["Coffee Dripper","Philosopher\u0027s Stone"],"picked":"Velvet Choker"},{"not_picked":["Fusion Hammer","Black Star"],"picked":"Runic Dome"}],"items_purged_floors":[10,42],"is_endless":false,"potions_floor_spawned":[4,8,11,13,16,18,25,39,44],"killed_by":"3 Darklings","ascension_level":1}