{"gold_per_floor":[119,138,151,169,2,2,27,55,55,66,96,96,127,138,138,138],"floor_reached":16,"playtime":580,"items_purged":[],"score":244,"play_id":"ae9305a6-0b1b-490e-9bbb-8fc9576301d8","local_time":"20190218205427","is_ascension_mode":true,"campfire_choices":[{"data":"Sweeping Beam","floor":6.0,"key":"SMITH"},{"floor":12.0,"key":"REST"},{"data":"Zap","floor":15.0,"key":"SMITH"}],"neow_cost":"","seed_source_timestamp":0,"circlet_count":0,"master_deck":["AscendersBane","Strike_B","Strike_B","Strike_B","Strike_B","Defend_B","Defend_B","Defend_B","Defend_B","Zap+1","Dualcast","Sweeping Beam+1","Cold Snap","Conserve Battery","White Noise","Fission","Capacitor+1"],"special_seed":0,"relics":["Cracked Core","PreservedInsect","Odd Mushroom","Sundial","Frozen Egg 2","Regal Pillow","Orichalcum"],"potions_floor_usage":[16],"damage_taken":[{"damage":1.0,"enemies":"Cultist","floor":1.0,"turns":3.0},{"damage":2.0,"enemies":"2 Louse","floor":2.0,"turns":3.0},{"damage":7.0,"enemies":"Small Slimes","floor":3.0,"turns":3.0},{"damage":3.0,"enemies":"Blue Slaver","floor":4.0,"turns":4.0},{"damage":13.0,"enemies":"The Mushroom Lair","floor":7.0,"turns":5.0},{"damage":24.0,"enemies":"Gremlin Nob","floor":8.0,"turns":4.0},{"damage":10.0,"enemies":"2 Fungi Beasts","floor":10.0,"turns":3.0},{"damage":2.0,"enemies":"3 Sentries","floor":11.0,"turns":4.0},{"damage":4.0,"enemies":"Gremlin Nob","floor":13.0,"turns":3.0},{"damage":20.0,"enemies":"Large Slime","floor":14.0,"turns":7.0},{"damage":30,"enemies":"The Guardian","floor":16,"turns":2}],"seed_played":"556925576007307555","potions_obtained":[{"floor":3.0,"key":"Block Potion"},{"floor":7.0,"key":"FocusPotion"},{"floor":8.0,"key":"EssenceOfSteel"},{"floor":11.0,"key":"Regen Potion"}],"is_trial":true,"path_per_floor":["M","M","M","M","$","R","?","E","T","M","E","R","E","M","R","B"],"character_chosen":"DEFECT","items_purchased":["PreservedInsect"],"campfire_rested":1,"item_purchase_floors":[5],"current_hp_per_floor":[63,61,54,51,51,51,38,14,14,4,2,38,34,14,14,0],"gold":138,"neow_bonus":"","is_prod":false,"is_daily":false,"chose_seed":true,"campfire_upgraded":2,"win_rate":0,"timestamp":1550552067,"path_taken":["M","M","M","M","?","R","?","E","T","M","E","R","E","M","R","BOSS"],"build_version":"2019-02-06","purchased_purges":0,"victory":false,"max_hp_per_floor":[71,71,71,71,71,71,71,71,71,71,71,71,71,71,71,71],"card_choices":[{"not_picked":["Beam Cell","Hologram"],"picked":"Sweeping Beam","floor":1.0},{"not_picked":["Turbo","Sunder","Scrape"],"picked":"SKIP","floor":2.0},{"not_picked":["Scrape","Steam"],"picked":"Cold Snap","floor":3.0},{"not_picked":["Doom and Gloom","Turbo"],"picked":"Conserve Battery","floor":4.0},{"not_picked":["Sunder","Rainbow"],"picked":"White Noise","floor":7.0},{"not_picked":["Steam Power","Barrage","Reprogram"],"picked":"SKIP","floor":8.0},{"not_picked":["Tempest","Hello World+1","Rebound"],"picked":"SKIP","floor":10.0},{"not_picked":["Hologram","Blizzard"],"picked":"Fission","floor":11.0},{"not_picked":["Steam Power","Beam Cell","Sweeping Beam"],"picked":"SKIP","floor":13.0},{"not_picked":["Go for the Eyes","Loop+1"],"picked":"Capacitor+1","floor":14.0}],"player_experience":1208758,"relics_obtained":[{"floor":7.0,"key":"Odd Mushroom"},{"floor":8.0,"key":"Sundial"},{"floor":9.0,"key":"Frozen Egg 2"},{"floor":11.0,"key":"Regal Pillow"},{"floor":13.0,"key":"Orichalcum"}],"event_choices":[{"damage_healed":0.0,"max_hp_gain":0.0,"max_hp_loss":0.0,"gold_gain":0.0,"event_name":"Mushrooms","player_choice":"Fought Mushrooms","floor":7.0,"gold_loss":0.0,"damage_taken":0.0}],"is_beta":true,"boss_relics":[],"items_purged_floors":[],"is_endless":false,"potions_floor_spawned":[3,7,8,10,11],"killed_by":"The Guardian","ascension_level":20}