{"gold_per_floor":[116,60,72,90,90,90,119,136,136,170,170,445,445,464,464,536,536,552,92,106,33,60,72,112,141,153,165,209,238,264,311,323,414,426,450,31,31,31,50,85,135,135,135,163,177,204,218,251,251,251,251,251,251,49,75,75],"floor_reached":57,"playtime":3297,"items_purged":["Regret"],"score":2830,"play_id":"6eef797c-f658-4b47-be8a-11130f889db4","local_time":"20190328040405","is_ascension_mode":true,"campfire_choices":[{"data":"Inflame","floor":6.0,"key":"SMITH"},{"data":"Bash","floor":11.0,"key":"SMITH"},{"data":"Spot Weakness","floor":13.0,"key":"SMITH"},{"data":"Cleave","floor":15.0,"key":"SMITH"},{"floor":23.0,"key":"REST"},{"floor":27.0,"key":"REST"},{"floor":32.0,"key":"REST"},{"floor":42.0,"key":"RECALL"},{"data":"Feel No Pain","floor":49.0,"key":"SMITH"},{"data":"Sword Boomerang","floor":53.0,"key":"SMITH"}],"neow_cost":"PERCENT_DAMAGE","seed_source_timestamp":237859623224530,"circlet_count":0,"master_deck":["AscendersBane","Strike_R","Strike_R","Strike_R","Strike_R","Defend_R","Defend_R","Defend_R","Defend_R","Bash+1","Anger","Twin Strike","Spot Weakness+1","Inflame+1","Headbutt","Warcry+1","Cleave+1","Limit Break+1","Dropkick","Double Tap+1","Ghostly Armor+1","Dual Wield+1","Seeing Red+1","True Grit+1","Sword Boomerang+1","Reaper","Shrug It Off+1","Exhume+1","Dark Shackles+1","Disarm+1","Feel No Pain+1","Fiend Fire","Secret Technique+1","Limit Break+1"],"special_seed":0,"relics":["Burning Blood","Ginger","Mercury Hourglass","Paper Frog","Toxic Egg 2","Runic Pyramid","MawBank","Potion Belt","Vajra","Mummified Hand","Sozu","Pocketwatch","Self Forming Clay","Bird Faced Urn","Omamori","Dream Catcher","Centennial Puzzle","Magic Flower"],"potions_floor_usage":[55,56,56],"damage_taken":[{"damage":7.0,"enemies":"Cultist","floor":1.0,"turns":4.0},{"damage":3.0,"enemies":"2 Louse","floor":3.0,"turns":3.0},{"damage":5.0,"enemies":"Small Slimes","floor":4.0,"turns":3.0},{"damage":30.0,"enemies":"3 Sentries","floor":7.0,"turns":8.0},{"damage":10.0,"enemies":"Gremlin Gang","floor":8.0,"turns":3.0},{"damage":8.0,"enemies":"Lagavulin","floor":10.0,"turns":5.0},{"damage":7.0,"enemies":"Blue Slaver","floor":14.0,"turns":3.0},{"damage":16.0,"enemies":"The Guardian","floor":16.0,"turns":7.0},{"damage":1.0,"enemies":"Spheric Guardian","floor":18.0,"turns":3.0},{"damage":3.0,"enemies":"3 Byrds","floor":20.0,"turns":3.0},{"damage":21.0,"enemies":"Sentry and Sphere","floor":22.0,"turns":5.0},{"damage":5.0,"enemies":"Gremlin Leader","floor":24.0,"turns":4.0},{"damage":41.0,"enemies":"Snecko","floor":25.0,"turns":5.0},{"damage":28.0,"enemies":"Slavers","floor":28.0,"turns":5.0},{"damage":29.0,"enemies":"Centurion and Healer","floor":29.0,"turns":4.0},{"damage":43.0,"enemies":"Snake Plant","floor":30.0,"turns":4.0},{"damage":12.0,"enemies":"Book of Stabbing","floor":31.0,"turns":3.0},{"damage":33.0,"enemies":"Champ","floor":33.0,"turns":9.0},{"damage":0.0,"enemies":"Orb Walker","floor":35.0,"turns":3.0},{"damage":0.0,"enemies":"3 Shapes","floor":39.0,"turns":2.0},{"damage":39.0,"enemies":"Nemesis","floor":40.0,"turns":7.0},{"damage":71.0,"enemies":"Reptomancer","floor":44.0,"turns":5.0},{"damage":8.0,"enemies":"Maw","floor":45.0,"turns":6.0},{"damage":42.0,"enemies":"Nemesis","floor":46.0,"turns":5.0},{"damage":33.0,"enemies":"Transient","floor":47.0,"turns":6.0},{"damage":150.0,"enemies":"Giant Head","floor":48.0,"turns":9.0},{"damage":87.0,"enemies":"Time Eater","floor":50.0,"turns":10.0},{"damage":100.0,"enemies":"Donu and Deca","floor":51.0,"turns":9.0},{"damage":63,"enemies":"Shield and Spear","floor":55,"turns":6},{"damage":190,"enemies":"The Heart","floor":56,"turns":9}],"seed_played":"-4118516334906803467","potions_obtained":[{"floor":3.0,"key":"SpeedPotion"},{"floor":4.0,"key":"Regen Potion"},{"floor":8.0,"key":"Block Potion"},{"floor":14.0,"key":"Energy Potion"},{"floor":29.0,"key":"SpeedPotion"},{"floor":30.0,"key":"BloodPotion"},{"floor":31.0,"key":"FearPotion"},{"floor":33.0,"key":"PowerPotion"}],"is_trial":false,"path_per_floor":["M","$","M","M","?","R","E","M","T","E","R","?","R","M","R","B",null,"M","$","M","?","M","R","E","M","T","R","E","M","M","E","R","B",null,"M","$","?","$","M","E","?","R","T","E","M","E","M","E","R","B","B",null,"R","$","E","B",null],"character_chosen":"IRONCLAD","items_purchased":["Twin Strike","Dropkick","Double Tap+1","Energy Potion","Ghostly Armor+1","Pocketwatch","Dark Shackles+1","Secret Technique+1"],"campfire_rested":3,"item_purchase_floors":[2,19,19,19,19,36,36,54],"current_hp_per_floor":[49,49,52,53,46,46,37,33,33,31,31,31,31,30,30,20,61,66,66,69,69,54,75,75,40,40,62,40,65,42,36,58,75,75,75,75,71,71,71,71,64,64,64,71,71,71,71,71,71,71,71,71,71,71,71,71],"gold":75,"neow_bonus":"ONE_RARE_RELIC","is_prod":false,"is_daily":false,"chose_seed":false,"campfire_upgraded":6,"win_rate":0,"timestamp":1553771045,"path_taken":["M","?","M","M","?","R","E","M","T","E","R","?","R","M","R","BOSS","M","$","?","?","?","R","E","M","T","R","E","M","M","E","R","BOSS","M","$","?","$","M","E","?","R","T","E","M","E","M","E","R","BOSS","BOSS","R","$","E","BOSS"],"build_version":"2019-03-15","purchased_purges":1,"victory":true,"max_hp_per_floor":[75,75,75,75,75,75,75,75,75,75,75,75,75,75,75,75,75,75,75,75,75,75,75,75,75,75,75,75,75,75,75,75,75,75,75,75,71,71,71,71,71,71,71,71,71,71,71,71,71,71,71,71,71,71,71,71],"card_choices":[{"not_picked":["Clash","Warcry"],"picked":"Anger","floor":1.0},{"not_picked":["Heavy Blade","Anger"],"picked":"Spot Weakness","floor":3.0},{"not_picked":["Iron Wave","Twin Strike"],"picked":"Inflame","floor":4.0},{"not_picked":["Carnage","Armaments","Wild Strike"],"picked":"SKIP","floor":7.0},{"not_picked":["Body Slam","Dual Wield"],"picked":"Headbutt","floor":8.0},{"not_picked":["Carnage","Barricade"],"picked":"Warcry","floor":10.0},{"not_picked":["Bloodletting+1","Flex+1","Cleave"],"picked":"SKIP","floor":14.0},{"not_picked":["Bloodletting+1","Flex+1"],"picked":"Cleave","floor":14.0},{"not_picked":["Feed","Offering+1"],"picked":"Limit Break+1","floor":16.0},{"not_picked":["Clothesline+1","Body Slam","Perfected Strike"],"picked":"SKIP","floor":18.0},{"not_picked":["Intimidate+1","Anger+1"],"picked":"Dual Wield+1","floor":20.0},{"not_picked":["Perfected Strike","Shrug It Off+1"],"picked":"Seeing Red+1","floor":22.0},{"not_picked":["Blood for Blood","Pommel Strike"],"picked":"True Grit+1","floor":24.0},{"not_picked":["Flex+1","Inflame"],"picked":"Sword Boomerang","floor":25.0},{"not_picked":["Evolve","Iron Wave"],"picked":"Reaper","floor":28.0},{"not_picked":["Havoc+1","Cleave","Body Slam"],"picked":"SKIP","floor":29.0},{"not_picked":["Rampage","Warcry+1","Metallicize"],"picked":"SKIP","floor":30.0},{"not_picked":["Ghostly Armor+1","Anger+1"],"picked":"Shrug It Off+1","floor":31.0},{"not_picked":["Barricade","Brutality"],"picked":"Exhume+1","floor":33.0},{"not_picked":["Perfected Strike","Body Slam+1","Intimidate+1"],"picked":"SKIP","floor":35.0},{"not_picked":["Clothesline","Warcry+1","Iron Wave"],"picked":"SKIP","floor":39.0},{"not_picked":["Pommel Strike","Clothesline"],"picked":"Disarm+1","floor":40.0},{"not_picked":["Clothesline","Immolate","Uppercut+1"],"picked":"SKIP","floor":44.0},{"not_picked":["Spot Weakness+1","Clothesline","Searing Blow"],"picked":"SKIP","floor":45.0},{"not_picked":["Metallicize","Pummel","Searing Blow"],"picked":"SKIP","floor":46.0},{"not_picked":["Clothesline","Havoc+1"],"picked":"Feel No Pain","floor":47.0},{"not_picked":["Havoc+1","Intimidate+1"],"picked":"Fiend Fire","floor":48.0},{"not_picked":["Combust","True Grit+1"],"picked":"Limit Break+1","floor":55}],"player_experience":1376068,"relics_obtained":[{"floor":7.0,"key":"Mercury Hourglass"},{"floor":9.0,"key":"Paper Frog"},{"floor":10.0,"key":"Toxic Egg 2"},{"floor":24.0,"key":"Potion Belt"},{"floor":28.0,"key":"Vajra"},{"floor":31.0,"key":"Mummified Hand"},{"floor":40.0,"key":"Self Forming Clay"},{"floor":43.0,"key":"Bird Faced Urn"},{"floor":44.0,"key":"Omamori"},{"floor":46.0,"key":"Dream Catcher"},{"floor":48.0,"key":"Centennial Puzzle"},{"floor":55,"key":"Magic Flower"}],"event_choices":[{"cards_removed":["Strike_R"],"damage_healed":0.0,"max_hp_gain":0.0,"max_hp_loss":0.0,"gold_gain":0.0,"event_name":"Golden Wing","player_choice":"Card Removal","floor":5.0,"gold_loss":0.0,"damage_taken":7.0},{"damage_healed":0.0,"max_hp_gain":0.0,"max_hp_loss":0.0,"gold_gain":275.0,"event_name":"Golden Shrine","player_choice":"Desecrate","floor":12.0,"gold_loss":0.0,"damage_taken":0.0,"cards_obtained":["Regret"]},{"damage_healed":0.0,"max_hp_gain":0.0,"max_hp_loss":0.0,"gold_gain":0.0,"event_name":"WeMeetAgain","player_choice":"Paid Gold","floor":21.0,"gold_loss":73.0,"damage_taken":0.0,"relics_obtained":["MawBank"]},{"damage_healed":0.0,"max_hp_gain":0.0,"max_hp_loss":4.0,"gold_gain":0.0,"event_name":"Winding Halls","player_choice":"Max HP","floor":37.0,"gold_loss":0.0,"damage_taken":0.0},{"damage_healed":0.0,"max_hp_gain":0.0,"max_hp_loss":0.0,"gold_gain":50.0,"event_name":"FaceTrader","player_choice":"Touch","floor":41.0,"gold_loss":0.0,"damage_taken":7.0}],"is_beta":true,"boss_relics":[{"not_picked":["Astrolabe","Eternal Feather"],"picked":"Runic Pyramid"},{"not_picked":["Empty Cage","Pandora\u0027s Box"],"picked":"Sozu"}],"items_purged_floors":[19],"is_endless":false,"potions_floor_spawned":[3,4,8,14,29,30,31,33,40,47,48],"ascension_level":20}