{"gold_per_floor":[111,128,138,158,158,158,176,216,216,216,216,255,255,274,274,399,399,419,433,433,448,134,134,153,278,304,340,340,440,465,481,481,602,602,622,635,651,30,130,171,187,207,207,207,220,220,234,33,33,33],"floor_reached":50,"playtime":3386,"items_purged":["Strike_B"],"score":583,"play_id":"82ab2820-b488-4fd9-9fc6-712cf0823202","local_time":"20190418155422","is_ascension_mode":false,"campfire_choices":[{"data":"Beam Cell","floor":6,"key":"SMITH"},{"floor":10,"key":"REST"},{"floor":13,"key":"REST"},{"data":"Creative AI","floor":15,"key":"SMITH"},{"data":"Electrodynamics","floor":23,"key":"SMITH"},{"floor":28,"key":"REST"},{"data":"Sweeping Beam","floor":32,"key":"SMITH"},{"data":"Rainbow","floor":44,"key":"SMITH"},{"data":"Lockon","floor":46,"key":"SMITH"},{"floor":49,"key":"REST"}],"neow_cost":"NONE","seed_source_timestamp":181756474439479,"circlet_count":0,"master_deck":["Strike_B+1","Strike_B","Strike_B","Defend_B+1","Zap","Dualcast","Hologram","Coolheaded","Cold Snap","Beam Cell+1","Injury","Barrage","Cold Snap","Reinforced Body","Creative AI+1","Electrodynamics+1","Leap","Self Repair+1","Sweeping Beam+1","Beam Cell","Chill","Beam Cell+1","Rainbow+1","Core Surge+1","Skim+1","Auto Shields+1","Conserve Battery+1","Melter+1","Doom and Gloom+1","Lockon+1","Doom and Gloom+1","Parasite","Coolheaded+1","Double Energy+1","Coolheaded+1","Doom and Gloom+1"],"relics":["Cracked Core","Bronze Scales","Golden Idol","Pen Nib","Dodecahedron","Regal Pillow","Velvet Choker","Torii","Mercury Hourglass","Ginger","Shuriken","PreservedInsect","Ancient Tea Set","Astrolabe","Unceasing Top","Ornamental Fan","Smiling Mask","Dream Catcher","OrangePellets"],"potions_floor_usage":[19],"damage_taken":[{"damage":1,"enemies":"Cultist","floor":1,"turns":3},{"damage":3,"enemies":"Jaw Worm","floor":2,"turns":3},{"damage":3,"enemies":"Small Slimes","floor":3,"turns":4},{"damage":8,"enemies":"2 Fungi Beasts","floor":4,"turns":4},{"damage":7,"enemies":"Gremlin Gang","floor":7,"turns":4},{"damage":18,"enemies":"3 Sentries","floor":8,"turns":6},{"damage":1,"enemies":"Gremlin Nob","floor":12,"turns":4},{"damage":12,"enemies":"Blue Slaver","floor":14,"turns":2},{"damage":48,"enemies":"The Guardian","floor":16,"turns":10},{"damage":16,"enemies":"Spheric Guardian","floor":18,"turns":3},{"damage":1,"enemies":"3 Byrds","floor":19,"turns":3},{"damage":22,"enemies":"Snake Plant","floor":21,"turns":3},{"damage":1,"enemies":"3 Cultists","floor":24,"turns":3},{"damage":2,"enemies":"Colosseum Slavers","floor":25,"turns":5},{"damage":26,"enemies":"Colosseum Nobs","floor":25,"turns":4},{"damage":21,"enemies":"Slavers","floor":27,"turns":2},{"damage":9,"enemies":"Chosen and Byrds","floor":30,"turns":5},{"damage":0,"enemies":"Snecko","floor":31,"turns":3},{"damage":47,"enemies":"Collector","floor":33,"turns":11},{"damage":15,"enemies":"3 Darklings","floor":35,"turns":3},{"damage":0,"enemies":"3 Shapes","floor":36,"turns":4},{"damage":0,"enemies":"Transient","floor":37,"turns":5},{"damage":0,"enemies":"Reptomancer","floor":40,"turns":3},{"damage":24,"enemies":"Writhing Mass","floor":41,"turns":4},{"damage":0,"enemies":"Jaw Worm Horde","floor":42,"turns":2},{"damage":6,"enemies":"Maw","floor":45,"turns":7},{"damage":17,"enemies":"4 Shapes","floor":47,"turns":3},{"damage":75,"enemies":"Time Eater","floor":50,"turns":9}],"seed_played":"4084343321385369770","potions_obtained":[{"floor":1,"key":"SkillPotion"},{"floor":2,"key":"Energy Potion"},{"floor":12,"key":"FairyPotion"},{"floor":14,"key":"Regen Potion"},{"floor":18,"key":"FocusPotion"},{"floor":27,"key":"Poison Potion"},{"floor":30,"key":"LiquidBronze"}],"is_trial":false,"path_per_floor":["M","M","M","M","?","R","M","E","T","R","?","E","R","M","R","B",null,"M","M","?","M","$","R","M","?","T","E","R","?","M","M","R","B",null,"M","M","M","$","?","E","M","M","T","R","M","R","M","$","R","B"],"character_chosen":"DEFECT","items_purchased":["Mercury Hourglass","Unceasing Top","Ornamental Fan","Lockon","OrangePellets"],"campfire_rested":4,"item_purchase_floors":[22,38,38,38,48],"current_hp_per_floor":[74,71,68,60,60,60,53,35,35,57,42,41,75,63,63,15,75,59,67,67,55,55,55,64,56,56,45,75,75,75,75,75,38,75,70,75,75,75,75,75,61,71,71,71,75,75,68,68,75,0],"gold":33,"neow_bonus":"RANDOM_COMMON_RELIC","is_prod":false,"is_daily":false,"chose_seed":false,"campfire_upgraded":6,"win_rate":0.0,"timestamp":1555583062,"path_taken":["M","?","M","M","?","R","M","E","T","R","?","E","R","M","R","BOSS","M","M","?","?","$","R","M","?","T","E","R","?","?","M","R","BOSS","M","?","M","$","?","E","?","M","T","R","M","R","M","$","R","BOSS"],"build_version":"2019-01-23","purchased_purges":1,"victory":false,"max_hp_per_floor":[75,75,75,75,75,75,75,75,75,75,75,75,75,75,75,75,75,75,75,75,75,75,75,75,75,75,75,75,75,75,75,75,75,75,75,75,75,75,75,75,75,75,75,75,75,75,75,75,75,75],"card_choices":[{"not_picked":["Double Energy","Steam Power"],"picked":"Hologram","floor":1},{"not_picked":["Compile Driver","Gash"],"picked":"Coolheaded","floor":2},{"not_picked":["Chaos","Gash"],"picked":"Cold Snap","floor":3},{"not_picked":["Turbo","Scrape"],"picked":"Beam Cell","floor":4},{"not_picked":["Gash","BootSequence"],"picked":"Barrage","floor":7},{"not_picked":["Gash","Scrape"],"picked":"Cold Snap","floor":8},{"not_picked":["Rebound","Darkness"],"picked":"Reinforced Body","floor":12},{"not_picked":["Hello World","Aggregate"],"picked":"Creative AI","floor":14},{"not_picked":["Reboot","Thunder Strike"],"picked":"Electrodynamics","floor":16},{"not_picked":["Double Energy+1","Streamline"],"picked":"Leap","floor":18},{"not_picked":["Cold Snap","Steam+1"],"picked":"Self Repair+1","floor":19},{"not_picked":["Fusion","Rebound"],"picked":"Sweeping Beam","floor":21},{"not_picked":["Beam Cell+1","Cold Snap","Streamline"],"picked":"SKIP","floor":24},{"not_picked":["Leap","Blizzard"],"picked":"Beam Cell","floor":25},{"not_picked":["Meteor Strike","BootSequence"],"picked":"Chill","floor":27},{"not_picked":["Heatsinks","Self Repair","Fusion"],"picked":"SKIP","floor":30},{"not_picked":["Sweeping Beam","Redo"],"picked":"Beam Cell+1","floor":31},{"not_picked":["Multi-Cast","Fission"],"picked":"Rainbow","floor":33},{"not_picked":["Chill","Coolheaded+1"],"picked":"Conserve Battery+1","floor":35},{"not_picked":["Rebound","Go for the Eyes"],"picked":"Melter+1","floor":36},{"not_picked":["Hologram","White Noise"],"picked":"Doom and Gloom+1","floor":37},{"not_picked":["Reinforced Body","Beam Cell+1"],"picked":"Doom and Gloom+1","floor":40},{"not_picked":["Turbo+1","Go for the Eyes+1"],"picked":"Coolheaded+1","floor":41},{"not_picked":["Fission","Go for the Eyes"],"picked":"Double Energy+1","floor":42},{"not_picked":["Steam","Turbo+1","Thunder Strike"],"picked":"SKIP","floor":45},{"not_picked":["Steam Power","Aggregate"],"picked":"Coolheaded+1","floor":47},{"not_picked":["Chaos","Cold Snap+1"],"picked":"Doom and Gloom+1","floor":49}],"player_experience":38241,"relics_obtained":[{"floor":8,"key":"Pen Nib"},{"floor":9,"key":"Dodecahedron"},{"floor":12,"key":"Regal Pillow"},{"floor":25,"key":"Ginger"},{"floor":25,"key":"Shuriken"},{"floor":26,"key":"PreservedInsect"},{"floor":27,"key":"Ancient Tea Set"},{"floor":40,"key":"Smiling Mask"},{"floor":43,"key":"Dream Catcher"}],"event_choices":[{"damage_healed":0,"gold_gain":0,"player_choice":"Take Wound","damage_taken":0,"relics_obtained":["Golden Idol"],"max_hp_gain":0,"max_hp_loss":0,"event_name":"Golden Idol","floor":5,"gold_loss":0,"cards_obtained":["Injury"]},{"damage_healed":0,"gold_gain":0,"player_choice":"Entered Light","damage_taken":15,"max_hp_gain":0,"max_hp_loss":0,"event_name":"Shining Light","floor":11,"gold_loss":0,"cards_upgraded":["Defend_B","Strike_B"]},{"damage_healed":0,"gold_gain":0,"player_choice":"Gave Potion","damage_taken":0,"relics_obtained":["Torii"],"max_hp_gain":0,"max_hp_loss":0,"event_name":"WeMeetAgain","floor":20,"gold_loss":0},{"damage_healed":0,"gold_gain":0,"player_choice":"Fight","damage_taken":0,"max_hp_gain":0,"max_hp_loss":0,"event_name":"Colosseum","floor":25,"gold_loss":0},{"damage_healed":0,"gold_gain":0,"player_choice":"Fought Nobs","damage_taken":0,"max_hp_gain":0,"max_hp_loss":0,"event_name":"Colosseum","floor":25,"gold_loss":0},{"damage_healed":0,"gold_gain":100,"player_choice":"Pray","damage_taken":0,"max_hp_gain":0,"max_hp_loss":0,"event_name":"Golden Shrine","floor":29,"gold_loss":0},{"damage_healed":0,"gold_gain":100,"player_choice":"Pray","damage_taken":0,"max_hp_gain":0,"max_hp_loss":0,"event_name":"Golden Shrine","floor":39,"gold_loss":0}],"is_beta":false,"boss_relics":[{"not_picked":["Snecko Eye","Nuclear Battery"],"picked":"Velvet Choker"},{"not_picked":["Runic Pyramid","White Beast Statue"],"picked":"Astrolabe"}],"items_purged_floors":[22],"is_endless":false,"potions_floor_spawned":[1,2,12,14,16,18,25,27,30,37,40],"killed_by":"Time Eater","ascension_level":0}