{"gold_per_floor":[115,134,8,8,24,49,49,65,117,17,167,184,214,224,224,302,302,320,320,22,22,40,74,74,136,161,179,204,219,219,237,237,311,311,331,12,12,29,43,74,74,74,119,119,119],"floor_reached":45,"playtime":2175,"items_purged":["Strike_B","Pain","Doubt"],"score":1026,"play_id":"de236f65-5e96-437e-a8ff-6d98e1c352b3","local_time":"20190119192756","is_ascension_mode":true,"campfire_choices":[{"data":"Zap","floor":7.0,"key":"SMITH"},{"data":"Consume","floor":15.0,"key":"SMITH"},{"data":"Seek","floor":30.0,"key":"SMITH"},{"floor":32.0,"key":"REST"},{"floor":42.0,"key":"REST"},{"floor":44.0,"key":"REST"}],"neow_cost":"NONE","seed_source_timestamp":176599024794616,"circlet_count":0,"master_deck":["AscendersBane","Strike_B+1","Strike_B+1","Strike_B+1","Defend_B+1","Defend_B+1","Defend_B+1","Defend_B+1","Zap+1","Dualcast","Ball Lightning","Ball Lightning","Consume+1","Echo Form","Recycle+1","Meteor Strike","Undo+1","Seek+1","Hologram","Coolheaded+1","Conserve Battery","Chill","Seek","Defragment+1","Double Energy","Writhe"],"special_seed":0,"relics":["Cracked Core","NeowsBlessing","WarpedTongs","Meat on the Bone","Blood Vial","Art of War","Inserter","PreservedInsect","War Paint","Tiny Chest","Symbiotic Virus","Fusion Hammer","Gambling Chip","Bronze Scales","Strawberry"],"potions_floor_usage":[45],"damage_taken":[{"damage":0.0,"enemies":"Cultist","floor":1.0,"turns":1.0},{"damage":0.0,"enemies":"Jaw Worm","floor":2.0,"turns":1.0},{"damage":0.0,"enemies":"Small Slimes","floor":5.0,"turns":1.0},{"damage":27.0,"enemies":"Lagavulin","floor":6.0,"turns":6.0},{"damage":7.0,"enemies":"Looter","floor":8.0,"turns":3.0},{"damage":1.0,"enemies":"Lots of Slimes","floor":12.0,"turns":4.0},{"damage":44.0,"enemies":"3 Sentries","floor":13.0,"turns":7.0},{"damage":7.0,"enemies":"Large Slime","floor":14.0,"turns":4.0},{"damage":28.0,"enemies":"Hexaghost","floor":16.0,"turns":8.0},{"damage":22.0,"enemies":"Spheric Guardian","floor":18.0,"turns":4.0},{"damage":2.0,"enemies":"Chosen","floor":22.0,"turns":4.0},{"damage":13.0,"enemies":"Gremlin Leader","floor":23.0,"turns":5.0},{"damage":11.0,"enemies":"Book of Stabbing","floor":25.0,"turns":4.0},{"damage":0.0,"enemies":"Snake Plant","floor":27.0,"turns":4.0},{"damage":31.0,"enemies":"Gremlin Leader","floor":28.0,"turns":4.0},{"damage":12.0,"enemies":"Cultist and Chosen","floor":29.0,"turns":5.0},{"damage":0.0,"enemies":"Sentry and Sphere","floor":31.0,"turns":6.0},{"damage":42.0,"enemies":"Automaton","floor":33.0,"turns":8.0},{"damage":43.0,"enemies":"3 Darklings","floor":35.0,"turns":8.0},{"damage":0.0,"enemies":"3 Shapes","floor":38.0,"turns":5.0},{"damage":0.0,"enemies":"Transient","floor":39.0,"turns":6.0},{"damage":39.0,"enemies":"Giant Head","floor":40.0,"turns":8.0},{"damage":93,"enemies":"Reptomancer","floor":45,"turns":5}],"seed_played":"-7022284997479527359","potions_obtained":[{"floor":1.0,"key":"Swift Potion"},{"floor":8.0,"key":"Fire Potion"},{"floor":12.0,"key":"Regen Potion"},{"floor":14.0,"key":"Dexterity Potion"},{"floor":16.0,"key":"Strength Potion"},{"floor":18.0,"key":"Block Potion"},{"floor":23.0,"key":"Swift Potion"},{"floor":27.0,"key":"Energy Potion"},{"floor":39.0,"key":"SteroidPotion"},{"floor":40.0,"key":"FocusPotion"}],"is_trial":false,"path_per_floor":["M","M","$","?","M","E","R","M","T","$","?","M","E","M","R","B",null,"M","?","$","?","M","E","?","E","T","M","E","M","R","M","R","B",null,"M","$","?","M","M","E","?","R","T","R","E"],"character_chosen":"DEFECT","items_purchased":["Ball Lightning","PreservedInsect","Gambling Chip"],"campfire_rested":3,"item_purchase_floors":[3,20,36],"current_hp_per_floor":[64,64,64,64,64,37,37,42,42,42,42,43,28,35,35,21,59,39,39,39,39,39,40,40,43,43,45,28,30,30,44,65,37,63,34,34,34,36,38,13,27,48,55,78,0],"gold":119,"neow_bonus":"THREE_ENEMY_KILL","is_prod":false,"is_daily":false,"chose_seed":false,"campfire_upgraded":3,"win_rate":0,"timestamp":1547954876,"path_taken":["M","M","$","?","?","E","R","M","T","$","?","M","E","M","R","BOSS","M","?","$","?","M","E","?","E","T","M","E","M","R","M","R","BOSS","M","?","?","?","M","E","?","R","T","R","E"],"build_version":"2019-01-17","purchased_purges":3,"victory":false,"max_hp_per_floor":[71,71,71,71,71,71,71,71,71,71,71,71,71,71,71,71,71,71,71,71,71,71,71,71,71,71,71,71,71,71,71,71,71,71,71,71,71,71,71,71,71,71,78,78,78],"card_choices":[{"not_picked":["Go for the Eyes","Steam","Leap"],"picked":"SKIP","floor":1.0},{"not_picked":["Melter","Rebound","FTL"],"picked":"SKIP","floor":2.0},{"not_picked":["Redo","Cold Snap"],"picked":"Ball Lightning","floor":5.0},{"not_picked":["Heatsinks","Go for the Eyes","Fusion"],"picked":"SKIP","floor":6.0},{"not_picked":["Chaos","Steam","Recycle"],"picked":"SKIP","floor":8.0},{"not_picked":["Beam Cell","Coolheaded"],"picked":"Consume","floor":12.0},{"not_picked":["Double Energy","Auto Shields"],"picked":"Echo Form","floor":13.0},{"not_picked":["Stack","Gash"],"picked":"Recycle","floor":14.0},{"not_picked":["Seek","Reboot"],"picked":"Meteor Strike","floor":16.0},{"not_picked":["Conserve Battery","Streamline"],"picked":"Undo","floor":18.0},{"not_picked":["Compile Driver","Rebound","Ball Lightning+1"],"picked":"SKIP","floor":22.0},{"not_picked":["Barrage","Rebound+1","Heatsinks"],"picked":"SKIP","floor":23.0},{"not_picked":["Turbo","Redo+1"],"picked":"Hologram","floor":25.0},{"not_picked":["Cold Snap","Tempest"],"picked":"Coolheaded+1","floor":27.0},{"not_picked":["Redo","Doom and Gloom"],"picked":"Conserve Battery","floor":28.0},{"not_picked":["White Noise","Cold Snap"],"picked":"Chill","floor":29.0},{"not_picked":["Scrape","Redo","Static Discharge"],"picked":"SKIP","floor":31.0},{"not_picked":["Fission","Buffer"],"picked":"Seek","floor":33.0},{"not_picked":["Force Field","Reprogram"],"picked":"Defragment","floor":35.0},{"not_picked":["Streamline","Cold Snap","Blizzard"],"picked":"SKIP","floor":38.0},{"not_picked":["Beam Cell","Leap","Rebound"],"picked":"SKIP","floor":39.0},{"not_picked":["Steam Power","Heatsinks+1"],"picked":"Double Energy","floor":40.0}],"player_experience":985806,"relics_obtained":[{"floor":6.0,"key":"Meat on the Bone"},{"floor":9.0,"key":"Blood Vial"},{"floor":13.0,"key":"Art of War"},{"floor":23.0,"key":"War Paint"},{"floor":25.0,"key":"Tiny Chest"},{"floor":28.0,"key":"Symbiotic Virus"},{"floor":40.0,"key":"Bronze Scales"},{"floor":43.0,"key":"Strawberry"}],"event_choices":[{"damage_healed":0.0,"max_hp_gain":0.0,"max_hp_loss":0.0,"gold_gain":0.0,"event_name":"Accursed Blacksmith","player_choice":"Rummage","floor":4.0,"gold_loss":0.0,"damage_taken":0.0,"relics_obtained":["WarpedTongs"],"cards_obtained":["Pain"]},{"damage_healed":0.0,"max_hp_gain":0.0,"max_hp_loss":0.0,"gold_gain":150.0,"event_name":"Liars Game","player_choice":"AGREE","floor":11.0,"gold_loss":0.0,"damage_taken":0.0,"cards_obtained":["Doubt"]},{"damage_healed":0.0,"max_hp_gain":0.0,"max_hp_loss":0.0,"gold_gain":0.0,"event_name":"Back to Basics","player_choice":"Simplicity","floor":19.0,"gold_loss":0.0,"damage_taken":0.0,"cards_upgraded":["Strike_B","Strike_B","Strike_B","Defend_B","Defend_B","Defend_B","Defend_B"]},{"damage_healed":0.0,"max_hp_gain":0.0,"max_hp_loss":0.0,"gold_gain":0.0,"event_name":"Cursed Tome","player_choice":"Ignored","floor":21.0,"gold_loss":0.0,"damage_taken":0.0},{"damage_healed":0.0,"max_hp_gain":0.0,"max_hp_loss":0.0,"gold_gain":0.0,"event_name":"Match and Keep!","player_choice":"1 cards matched","floor":24.0,"gold_loss":0.0,"damage_taken":0.0,"cards_obtained":["Seek"]},{"damage_healed":0.0,"max_hp_gain":0.0,"max_hp_loss":0.0,"gold_gain":0.0,"event_name":"Upgrade Shrine","player_choice":"Upgraded","floor":37.0,"gold_loss":0.0,"damage_taken":0.0,"cards_upgraded":["Defragment"]},{"damage_healed":14.0,"max_hp_gain":0.0,"max_hp_loss":0.0,"gold_gain":0.0,"event_name":"Winding Halls","player_choice":"Writhe","floor":41.0,"gold_loss":0.0,"damage_taken":0.0,"cards_obtained":["Writhe"]}],"is_beta":true,"boss_relics":[{"not_picked":["FrozenCore","Black Star"],"picked":"Inserter"},{"not_picked":["Lizard Tail","Runic Dome"],"picked":"Fusion Hammer"}],"items_purged_floors":[3,10,20],"is_endless":false,"potions_floor_spawned":[1,8,12,14,16,18,23,27,39,40],"killed_by":"Reptomancer","ascension_level":20}