{"gold_per_floor":[113,113,125,143,159,192,192,202,202,219,64,64,96,21,21,125,125,142,161,261,261,276,308,308,335,335,364,377,377,90,105,105,201,201,215,229,242,258,258,258,283,283,310,324,342,342,354,371,371,371],"floor_reached":51,"playtime":4314,"items_purged":["Iron Wave","Strike_R"],"score":893,"play_id":"b6e5e06e-b1aa-46c9-9a83-7d84ee4b5987","local_time":"20190421153118","is_ascension_mode":true,"campfire_choices":[{"data":"Armaments","floor":7,"key":"SMITH"},{"floor":15,"key":"REST"},{"data":"True Grit","floor":24,"key":"SMITH"},{"data":"Limit Break","floor":29,"key":"SMITH"},{"floor":32,"key":"REST"},{"floor":40,"key":"RECALL"},{"data":"Rampage","floor":42,"key":"SMITH"},{"data":"Spot Weakness","floor":46,"key":"SMITH"},{"floor":49,"key":"REST"}],"neow_cost":"PERCENT_DAMAGE","seed_source_timestamp":438638258076503,"circlet_count":0,"master_deck":["Bash","Inflame","Armaments+1","Spot Weakness+1","Warcry","Cleave","Twin Strike","Limit Break+1","Flame Barrier+1","Disarm+1","Corruption","True Grit+1","Feel No Pain","Shockwave+1","Barricade","Entrench","Hemokinesis","Reckless Charge","Berserk","Havoc","Rampage+1","Heavy Blade","Pommel Strike+1","Body Slam+1","Body Slam+1","True Grit+1"],"relics":["Burning Blood","PreservedInsect","Mercury Hourglass","Pen Nib","Vajra","Snecko Eye","Unceasing Top","Meat on the Bone","FaceOfCleric","Turnip","Singing Bowl","Sundial","Dream Catcher","Pandora\u0027s Box","Bottled Lightning","Bag of Marbles"],"potions_floor_usage":[20,50,50,50],"damage_taken":[{"damage":2,"enemies":"Small Slimes","floor":1,"turns":4},{"damage":10,"enemies":"Cultist","floor":3,"turns":4},{"damage":1,"enemies":"Jaw Worm","floor":4,"turns":4},{"damage":10,"enemies":"2 Fungi Beasts","floor":5,"turns":3},{"damage":39,"enemies":"3 Sentries","floor":6,"turns":8},{"damage":10,"enemies":"Gremlin Gang","floor":8,"turns":5},{"damage":5,"enemies":"Looter","floor":10,"turns":3},{"damage":8,"enemies":"Gremlin Nob","floor":13,"turns":3},{"damage":11,"enemies":"Slime Boss","floor":16,"turns":6},{"damage":5,"enemies":"Shell Parasite","floor":18,"turns":3},{"damage":0,"enemies":"3 Byrds","floor":19,"turns":1},{"damage":23,"enemies":"Colosseum Slavers","floor":20,"turns":5},{"damage":12,"enemies":"Colosseum Nobs","floor":20,"turns":3},{"damage":45,"enemies":"Sentry and Sphere","floor":22,"turns":6},{"damage":7,"enemies":"Book of Stabbing","floor":23,"turns":4},{"damage":14,"enemies":"Slavers","floor":25,"turns":4},{"damage":8,"enemies":"Book of Stabbing","floor":27,"turns":4},{"damage":11,"enemies":"Snake Plant","floor":28,"turns":3},{"damage":15,"enemies":"Snecko","floor":31,"turns":4},{"damage":0,"enemies":"Champ","floor":33,"turns":5},{"damage":29,"enemies":"Orb Walker","floor":35,"turns":4},{"damage":14,"enemies":"3 Shapes","floor":36,"turns":5},{"damage":0,"enemies":"Jaw Worm Horde","floor":37,"turns":3},{"damage":21,"enemies":"4 Shapes","floor":38,"turns":4},{"damage":0,"enemies":"Reptomancer","floor":41,"turns":6},{"damage":29,"enemies":"Transient","floor":44,"turns":5},{"damage":28,"enemies":"3 Darklings","floor":45,"turns":3},{"damage":14,"enemies":"Jaw Worm Horde","floor":47,"turns":4},{"damage":0,"enemies":"Transient","floor":48,"turns":5},{"damage":99,"enemies":"Awakened One","floor":50,"turns":9}],"seed_played":"7450304387364416077","potions_obtained":[{"floor":1,"key":"SpeedPotion"},{"floor":3,"key":"Energy Potion"},{"floor":4,"key":"Ancient Potion"},{"floor":22,"key":"PowerPotion"},{"floor":27,"key":"Energy Potion"},{"floor":28,"key":"SteroidPotion"}],"is_trial":false,"path_per_floor":["M","?","M","M","M","E","R","M","T","M","$","$","E","$","R","B",null,"M","M","?","?","M","E","R","E","T","E","M","R","$","M","R","B",null,"M","M","M","M","?","R","E","R","T","M","M","R","M","M","R","B",null],"character_chosen":"IRONCLAD","items_purchased":["Pen Nib","Dream Catcher","Feel No Pain"],"campfire_rested":3,"item_purchase_floors":[11,30,30],"current_hp_per_floor":[76,76,72,77,73,40,40,36,36,37,37,37,35,35,63,58,96,96,96,73,73,47,59,59,66,66,67,65,65,65,71,104,111,111,89,84,93,81,81,81,90,90,90,80,71,71,78,87,126,46],"gold":371,"neow_bonus":"TWENTY_PERCENT_HP_BONUS","is_prod":false,"is_daily":false,"chose_seed":false,"campfire_upgraded":5,"win_rate":0,"timestamp":1555840878,"path_taken":["M","?","?","M","M","E","R","M","T","M","?","$","E","$","R","BOSS","M","M","?","?","M","E","R","E","T","E","M","R","$","?","R","BOSS","M","M","M","M","?","R","E","R","T","?","M","R","M","M","R","BOSS"],"build_version":"2019-01-23","purchased_purges":2,"victory":true,"max_hp_per_floor":[96,96,96,96,96,96,96,96,96,96,96,96,96,96,96,96,96,96,96,96,96,97,98,98,101,101,104,107,107,107,110,110,111,111,112,115,118,121,121,121,124,124,124,125,126,126,129,132,132,133],"card_choices":[{"not_picked":["Flame Barrier","Body Slam"],"picked":"Inflame","floor":1},{"not_picked":["Cleave","Wild Strike"],"picked":"Armaments","floor":3},{"not_picked":["Searing Blow","Shockwave"],"picked":"Spot Weakness","floor":4},{"not_picked":["Clash","Flex"],"picked":"Warcry","floor":5},{"not_picked":["Body Slam","Immolate"],"picked":"Cleave","floor":6},{"not_picked":["Feel No Pain","Armaments"],"picked":"Iron Wave","floor":8},{"not_picked":["Second Wind","Twin Strike","Iron Wave"],"picked":"SKIP","floor":10},{"not_picked":["Reckless Charge","Perfected Strike"],"picked":"Twin Strike","floor":13},{"not_picked":["Reaper","Dark Embrace"],"picked":"Limit Break","floor":16},{"not_picked":["Corruption","Flex"],"picked":"Flame Barrier+1","floor":18},{"not_picked":["Wild Strike","Iron Wave"],"picked":"Disarm+1","floor":19},{"not_picked":["True Grit","Dual Wield"],"picked":"Corruption","floor":22},{"not_picked":["Havoc+1","Bloodletting"],"picked":"True Grit","floor":23},{"not_picked":["Twin Strike+1","Warcry","Dual Wield+1"],"picked":"Singing Bowl","floor":25},{"not_picked":["Spot Weakness","Bludgeon","Bloodletting"],"picked":"Singing Bowl","floor":27},{"not_picked":["Clothesline+1","Armaments+1","Heavy Blade"],"picked":"Singing Bowl","floor":28},{"not_picked":["Intimidate","Metallicize","Headbutt"],"picked":"Singing Bowl","floor":31},{"not_picked":["Whirlwind","True Grit"],"picked":"Shockwave+1","floor":32},{"not_picked":["Demon Form","Offering"],"picked":"Barricade","floor":33},{"not_picked":["Shockwave","Dropkick"],"picked":"Pommel Strike+1","floor":35},{"not_picked":["Cleave+1","Rage+1","Evolve"],"picked":"Singing Bowl","floor":36},{"not_picked":["Thunderclap+1","Shockwave","Anger+1"],"picked":"Singing Bowl","floor":37},{"not_picked":["Armaments","Pommel Strike","Clash+1"],"picked":"Singing Bowl","floor":38},{"not_picked":["Evolve+1","Warcry","Havoc"],"picked":"Singing Bowl","floor":41},{"not_picked":["Flame Barrier+1","Sever Soul"],"picked":"Body Slam+1","floor":44},{"not_picked":["Bloodletting+1","Barricade"],"picked":"Body Slam+1","floor":45},{"not_picked":["Blood for Blood+1","Thunderclap+1","Carnage"],"picked":"Singing Bowl","floor":47},{"not_picked":["Whirlwind+1","Headbutt","Thunderclap"],"picked":"Singing Bowl","floor":48},{"not_picked":["Whirlwind","Cleave"],"picked":"True Grit+1","floor":49}],"player_experience":101443,"relics_obtained":[{"floor":6,"key":"PreservedInsect"},{"floor":9,"key":"Mercury Hourglass"},{"floor":13,"key":"Vajra"},{"floor":20,"key":"Unceasing Top"},{"floor":20,"key":"Meat on the Bone"},{"floor":23,"key":"Turnip"},{"floor":25,"key":"Singing Bowl"},{"floor":27,"key":"Sundial"},{"floor":41,"key":"Bottled Lightning"},{"floor":43,"key":"Bag of Marbles"}],"event_choices":[{"cards_removed":["Strike_R"],"damage_healed":0,"gold_gain":0,"player_choice":"Purged","damage_taken":0,"max_hp_gain":0,"max_hp_loss":0,"event_name":"Purifier","floor":2,"gold_loss":0},{"damage_healed":0,"gold_gain":0,"player_choice":"Fight","damage_taken":0,"max_hp_gain":0,"max_hp_loss":0,"event_name":"Colosseum","floor":20,"gold_loss":0},{"damage_healed":0,"gold_gain":0,"player_choice":"Fought Nobs","damage_taken":0,"max_hp_gain":0,"max_hp_loss":0,"event_name":"Colosseum","floor":20,"gold_loss":0},{"damage_healed":0,"gold_gain":0,"player_choice":"Trade","damage_taken":0,"relics_obtained":["FaceOfCleric"],"max_hp_gain":0,"max_hp_loss":0,"event_name":"FaceTrader","floor":21,"gold_loss":0},{"damage_healed":0,"gold_gain":0,"player_choice":"Got Potions","damage_taken":0,"max_hp_gain":0,"max_hp_loss":0,"event_name":"Lab","floor":39,"gold_loss":0}],"is_beta":false,"boss_relics":[{"not_picked":["Black Star","Astrolabe"],"picked":"Snecko Eye"},{"not_picked":["Runic Dome","Cursed Key"],"picked":"Pandora\u0027s Box"}],"items_purged_floors":[14,30],"is_endless":false,"potions_floor_spawned":[1,3,4,10,18,22,25,27,28,35,47,48],"ascension_level":1}