{"gold_per_floor":[114,133,113,123,123,152,31,31,57,82,102,112,112,112,112,212,262,273,173,190,204,215,245,245,261,286,286,303,321,336,139,139,237,237,248,248,56,70,170,205,205,218,218,236,38,38,38,57,57,57],"floor_reached":51,"playtime":35750,"items_purged":["Defend_B","Auto Shields+1","Defend_B","Strike_B"],"score":736,"play_id":"dedd5bd6-dbc4-4955-a01b-d54ba71434e5","local_time":"20190421224433","is_ascension_mode":false,"campfire_choices":[{"data":"Beam Cell","floor":8,"key":"SMITH"},{"data":"Go for the Eyes","floor":13,"key":"SMITH"},{"data":"Machine Learning","floor":15,"key":"SMITH"},{"floor":24,"key":"REST"},{"floor":27,"key":"REST"},{"floor":32,"key":"REST"},{"data":"Fission","floor":41,"key":"SMITH"},{"floor":47,"key":"REST"},{"data":"Fission","floor":49,"key":"SMITH"}],"neow_cost":"NONE","seed_source_timestamp":1011756177393517,"circlet_count":0,"master_deck":["Strike_B","Defend_B","Blizzard+1","Auto Shields+1","Glacier+1","Rebound","Beam Cell+1","Go for the Eyes+1","Cold Snap","Machine Learning+1","Conserve Battery","Fission+1","Ball Lightning","Cold Snap","Beam Cell+1","Glacier+1","Coolheaded+1","Double Energy","Self Repair","Fission+1","Chill+1","Flash of Steel","Forethought","White Noise+1","Force Field+1"],"relics":["Astrolabe","Bag of Marbles","Pen Nib","Dream Catcher","Tiny House","Lantern","Strawberry","Empty Cage","Strange Spoon","Nunchaku","Potion Belt","Darkstone Periapt"],"potions_floor_usage":[4,6,10,18,21,23,23,29,39,50,50,50,50,50],"damage_taken":[{"damage":0,"enemies":"Small Slimes","floor":1,"turns":6},{"damage":0,"enemies":"Cultist","floor":2,"turns":5},{"damage":0,"enemies":"Jaw Worm","floor":4,"turns":7},{"damage":0,"enemies":"Lagavulin","floor":6,"turns":8},{"damage":0,"enemies":"Gremlin Nob","floor":10,"turns":5},{"damage":7,"enemies":"Blue Slaver","floor":11,"turns":3},{"damage":2,"enemies":"Gremlin Gang","floor":12,"turns":4},{"damage":21,"enemies":"Hexaghost","floor":16,"turns":8},{"damage":0,"enemies":"Spheric Guardian","floor":18,"turns":4},{"damage":0,"enemies":"Shell Parasite","floor":20,"turns":3},{"damage":30,"enemies":"Centurion and Healer","floor":21,"turns":5},{"damage":8,"enemies":"Snake Plant","floor":22,"turns":4},{"damage":39,"enemies":"Gremlin Leader","floor":23,"turns":6},{"damage":1,"enemies":"Chosen and Byrds","floor":25,"turns":5},{"damage":1,"enemies":"Shelled Parasite and Fungi","floor":28,"turns":5},{"damage":2,"enemies":"Centurion and Healer","floor":29,"turns":7},{"damage":0,"enemies":"3 Cultists","floor":30,"turns":4},{"damage":52,"enemies":"Collector","floor":33,"turns":10},{"damage":4,"enemies":"Orb Walker","floor":35,"turns":3},{"damage":10,"enemies":"3 Darklings","floor":38,"turns":5},{"damage":8,"enemies":"Mind Bloom Boss Battle","floor":39,"turns":7},{"damage":9,"enemies":"Giant Head","floor":40,"turns":7},{"damage":15,"enemies":"Spire Growth","floor":42,"turns":5},{"damage":39,"enemies":"Transient","floor":44,"turns":5},{"damage":3,"enemies":"Jaw Worm Horde","floor":48,"turns":4},{"damage":17,"enemies":"Donu and Deca","floor":50,"turns":8}],"seed_played":"-286098869596672424","potions_obtained":[{"floor":1,"key":"AttackPotion"},{"floor":2,"key":"Swift Potion"},{"floor":3,"key":"PowerPotion"},{"floor":6,"key":"Weak Potion"},{"floor":16,"key":"Explosive Potion"},{"floor":17,"key":"SkillPotion"},{"floor":18,"key":"SneckoOil"},{"floor":21,"key":"EssenceOfSteel"},{"floor":25,"key":"FearPotion"},{"floor":28,"key":"Block Potion"},{"floor":29,"key":"Ancient Potion"},{"floor":38,"key":"Poison Potion"},{"floor":40,"key":"SteroidPotion"},{"floor":44,"key":"SteroidPotion"},{"floor":48,"key":"Weak Potion"}],"is_trial":false,"path_per_floor":["M","M","?","M","?","E","$","R","T","E","M","M","R","?","R","B",null,"M","$","M","M","M","E","R","M","T","R","M","M","M","$","R","B",null,"M","?","$","M","?","E","R","M","T","M","$","?","R","M","R","B",null],"character_chosen":"DEFECT","items_purchased":["Cold Snap","Fission","Strange Spoon","AttackPotion"],"campfire_rested":4,"item_purchase_floors":[7,31,37,45],"current_hp_per_floor":[75,75,75,75,80,80,80,80,80,80,73,71,71,71,71,50,85,85,85,85,55,47,8,33,32,39,66,65,63,63,63,90,45,92,92,87,87,84,83,81,81,73,73,41,41,41,67,71,71,61],"gold":57,"neow_bonus":"BOSS_RELIC","is_prod":false,"is_daily":false,"chose_seed":false,"campfire_upgraded":5,"win_rate":0.0,"timestamp":1555901073,"path_taken":["M","M","?","?","?","E","$","R","T","E","M","M","R","?","R","BOSS","M","$","M","M","?","E","R","M","T","R","?","M","M","$","R","BOSS","M","?","$","M","?","E","R","M","T","M","$","?","R","M","R","BOSS"],"build_version":"2019-01-23","purchased_purges":4,"victory":true,"max_hp_per_floor":[75,75,75,75,80,80,80,80,80,80,80,80,80,80,80,80,85,85,85,85,85,85,85,85,85,92,92,92,92,92,92,92,92,92,92,92,92,92,92,92,92,92,92,92,92,87,87,87,87,87],"card_choices":[{"not_picked":["Skim","Ball Lightning"],"picked":"Glacier","floor":1},{"not_picked":["Barrage","Gash"],"picked":"Rebound","floor":2},{"not_picked":["Steam Power","Doom and Gloom"],"picked":"Beam Cell","floor":4},{"not_picked":["Ball Lightning","Hologram"],"picked":"Go for the Eyes","floor":6},{"not_picked":["Steam","Leap","Barrage"],"picked":"SKIP","floor":10},{"not_picked":["Auto Shields","Barrage"],"picked":"Machine Learning","floor":11},{"not_picked":["Chaos","Barrage"],"picked":"Conserve Battery","floor":12},{"not_picked":["Biased Cognition","Reboot"],"picked":"Fission","floor":16},{"not_picked":["Storm","Sweeping Beam"],"picked":"Ball Lightning","floor":17},{"not_picked":["Ball Lightning","Gash"],"picked":"Cold Snap","floor":18},{"not_picked":["Lockon+1","Hologram","Gash"],"picked":"SKIP","floor":20},{"not_picked":["Steam","Hologram","Compile Driver"],"picked":"SKIP","floor":21},{"not_picked":["Thunder Strike","Ball Lightning+1"],"picked":"Beam Cell+1","floor":22},{"not_picked":["Ball Lightning","Steam","Machine Learning"],"picked":"SKIP","floor":23},{"not_picked":["Melter+1","Stack+1"],"picked":"Glacier+1","floor":24},{"not_picked":["Stack","Beam Cell","Barrage"],"picked":"SKIP","floor":25},{"not_picked":["Doom and Gloom+1","Melter"],"picked":"Coolheaded+1","floor":27},{"not_picked":["Steam","Melter"],"picked":"Double Energy","floor":28},{"not_picked":["Genetic Algorithm","Sweeping Beam","Leap"],"picked":"SKIP","floor":29},{"not_picked":["Rebound+1","Ball Lightning"],"picked":"Self Repair","floor":30},{"not_picked":["Consume","Ball Lightning"],"picked":"Chill+1","floor":35},{"not_picked":["Transmutation","Dark Shackles"],"picked":"Flash of Steel","floor":36},{"not_picked":["PanicButton","Purity"],"picked":"Forethought","floor":36},{"not_picked":["Sweeping Beam+1","Redo+1","Rip and Tear+1"],"picked":"SKIP","floor":38},{"not_picked":["Streamline","Hologram+1","Compile Driver+1"],"picked":"SKIP","floor":40},{"not_picked":["Loop","Leap+1"],"picked":"White Noise+1","floor":42},{"not_picked":["Storm","Fusion","Genetic Algorithm"],"picked":"SKIP","floor":44},{"not_picked":["Rebound","Coolheaded"],"picked":"Force Field+1","floor":47},{"not_picked":["Stack","Leap","Ball Lightning"],"picked":"SKIP","floor":48}],"player_experience":100115,"relics_obtained":[{"floor":6,"key":"Bag of Marbles"},{"floor":9,"key":"Pen Nib"},{"floor":10,"key":"Dream Catcher"},{"floor":23,"key":"Lantern"},{"floor":26,"key":"Strawberry"},{"floor":39,"key":"Nunchaku"},{"floor":40,"key":"Potion Belt"},{"floor":43,"key":"Darkstone Periapt"}],"event_choices":[{"damage_healed":0,"gold_gain":0,"player_choice":"Bought 1 Potion","damage_taken":0,"max_hp_gain":0,"max_hp_loss":0,"event_name":"The Woman in Blue","floor":3,"gold_loss":0},{"damage_healed":0,"gold_gain":0,"player_choice":"Donut","damage_taken":0,"max_hp_gain":5,"max_hp_loss":0,"event_name":"Big Fish","floor":5,"gold_loss":0},{"damage_healed":0,"gold_gain":0,"player_choice":"Ignored","damage_taken":0,"max_hp_gain":0,"max_hp_loss":0,"event_name":"NoteForYourself","floor":14,"gold_loss":0},{"damage_healed":0,"gold_gain":0,"player_choice":"Memory 2","damage_taken":5,"max_hp_gain":0,"max_hp_loss":0,"event_name":"SensoryStone","floor":36,"gold_loss":0},{"damage_healed":0,"gold_gain":0,"player_choice":"Fight","damage_taken":0,"max_hp_gain":0,"max_hp_loss":0,"event_name":"MindBloom","floor":39,"gold_loss":0},{"damage_healed":0,"gold_gain":0,"player_choice":"Max HP","damage_taken":0,"max_hp_gain":0,"max_hp_loss":5,"event_name":"Winding Halls","floor":46,"gold_loss":0}],"is_beta":false,"boss_relics":[{"not_picked":["Orrery","Velvet Choker"],"picked":"Tiny House"},{"not_picked":["Runic Pyramid","Philosopher\u0027s Stone"],"picked":"Empty Cage"}],"items_purged_floors":[7,19,31,45],"is_endless":false,"potions_floor_spawned":[1,2,6,16,18,21,25,28,29,38,40,44,48],"ascension_level":0}