{"gold_per_floor":[148,148,163,180,330,355,355,355,381,398,398,425,435,20,20,94,94,108,123,123,142,142,142,154,154,177,192,192,192,208,208,208,286,286,286],"floor_reached":35,"playtime":1004,"items_purged":["Doubt"],"score":714,"play_id":"65917da9-df9e-4e48-8a66-1cb2b7276820","local_time":"20190126010925","is_ascension_mode":true,"campfire_choices":[{"floor":7.0,"key":"REST"},{"data":"Spot Weakness","floor":11.0,"key":"SMITH"},{"data":"Sword Boomerang","floor":15.0,"key":"SMITH"},{"data":"Immolate","floor":23.0,"key":"SMITH"},{"floor":25.0,"key":"REST"},{"data":"Spot Weakness","floor":28.0,"key":"SMITH"},{"data":"True Grit","floor":32.0,"key":"SMITH"}],"neow_cost":"NONE","seed_source_timestamp":0,"circlet_count":0,"master_deck":["AscendersBane","Strike_R","Strike_R","Strike_R","Strike_R","Defend_R","Defend_R","Defend_R","Defend_R","Bash+1","Spot Weakness+1","Sword Boomerang+1","Shrug It Off","Flex","Reaper","Spot Weakness+1","Impervious","Anger","Headbutt","Immolate+1","Shrug It Off","Battle Trance","True Grit+1","Demon Form"],"special_seed":0,"relics":["Burning Blood","Tiny Chest","Vajra","Omamori","Bag of Marbles","Philosopher\u0027s Stone","Smiling Mask","Juzu Bracelet","Gambling Chip","Coffee Dripper"],"potions_floor_usage":[],"damage_taken":[{"damage":4.0,"enemies":"2 Louse","floor":1.0,"turns":4.0},{"damage":7.0,"enemies":"Cultist","floor":3.0,"turns":4.0},{"damage":15.0,"enemies":"Small Slimes","floor":4.0,"turns":4.0},{"damage":53.0,"enemies":"Lagavulin","floor":6.0,"turns":9.0},{"damage":16.0,"enemies":"3 Louse","floor":10.0,"turns":5.0},{"damage":29.0,"enemies":"Gremlin Gang","floor":13.0,"turns":5.0},{"damage":16.0,"enemies":"The Guardian","floor":16.0,"turns":7.0},{"damage":12.0,"enemies":"Spheric Guardian","floor":18.0,"turns":5.0},{"damage":25.0,"enemies":"Chosen","floor":19.0,"turns":5.0},{"damage":33.0,"enemies":"Snake Plant","floor":21.0,"turns":5.0},{"damage":26.0,"enemies":"Cultist and Chosen","floor":24.0,"turns":4.0},{"damage":11.0,"enemies":"Snecko","floor":27.0,"turns":4.0},{"damage":0.0,"enemies":"3 Cultists","floor":30.0,"turns":2.0},{"damage":94.0,"enemies":"Collector","floor":33.0,"turns":10.0},{"damage":0,"enemies":"3 Shapes","floor":35,"turns":1}],"seed_played":"6523882476037587621","potions_obtained":[{"floor":4.0,"key":"BloodPotion"},{"floor":21.0,"key":"LiquidBronze"},{"floor":24.0,"key":"Regen Potion"},{"floor":30.0,"key":"Regen Potion"}],"is_trial":false,"path_per_floor":["M","?","M","M","?","E","R","?","T","M","R","T","M","$","R","B",null,"M","M","?","M","$","R","M","R","T","M","R","?","M","T","R","B",null,"M"],"character_chosen":"IRONCLAD","items_purchased":["Reaper","Spot Weakness","Regen Potion","AttackPotion"],"campfire_rested":2,"item_purchase_floors":[14,14,14,14],"current_hp_per_floor":[70,70,69,60,60,20,42,42,42,32,32,32,9,9,9,14,60,64,52,52,33,33,33,13,35,35,30,30,30,57,57,57,33,65,65],"gold":286,"neow_bonus":"RANDOM_COMMON_RELIC","is_prod":false,"is_daily":false,"chose_seed":false,"campfire_upgraded":5,"win_rate":0,"timestamp":1548493765,"path_taken":["M","?","?","M","?","E","R","?","T","?","R","?","M","$","R","BOSS","M","M","?","?","$","R","?","R","T","?","R","?","M","?","R","BOSS","M"],"build_version":"2019-01-23","purchased_purges":1,"victory":false,"max_hp_per_floor":[75,75,75,75,75,75,75,75,75,75,75,75,75,75,75,75,75,75,75,75,75,75,75,75,75,75,75,75,75,75,75,75,75,75,75],"card_choices":[{"not_picked":["Wild Strike","Bloodletting"],"picked":"Spot Weakness","floor":1.0},{"not_picked":["Seeing Red","Clothesline"],"picked":"Sword Boomerang","floor":3.0},{"not_picked":["Feel No Pain","Clash"],"picked":"Shrug It Off","floor":4.0},{"not_picked":["Rupture","Warcry","Sever Soul"],"picked":"SKIP","floor":6.0},{"not_picked":["Warcry","Wild Strike","Clothesline"],"picked":"SKIP","floor":10.0},{"not_picked":["Perfected Strike","Burning Pact","Body Slam"],"picked":"SKIP","floor":13.0},{"not_picked":["Bludgeon","Fiend Fire"],"picked":"Impervious","floor":16.0},{"not_picked":["Armaments","Cleave"],"picked":"Anger","floor":18.0},{"not_picked":["Anger","Rage"],"picked":"Headbutt","floor":19.0},{"not_picked":["Warcry","Infernal Blade","Sever Soul"],"picked":"SKIP","floor":21.0},{"not_picked":["Heavy Blade","Iron Wave","Thunderclap"],"picked":"SKIP","floor":24.0},{"not_picked":["Second Wind","Armaments"],"picked":"Battle Trance","floor":27.0},{"not_picked":["Thunderclap","Dropkick"],"picked":"True Grit","floor":30.0},{"not_picked":["Dark Embrace","Impervious"],"picked":"Demon Form","floor":33.0}],"player_experience":1033026,"relics_obtained":[{"floor":6.0,"key":"Vajra"},{"floor":9.0,"key":"Omamori"},{"floor":12.0,"key":"Bag of Marbles"},{"floor":26.0,"key":"Smiling Mask"},{"floor":31.0,"key":"Gambling Chip"}],"event_choices":[{"damage_healed":0.0,"max_hp_gain":0.0,"max_hp_loss":0.0,"gold_gain":0.0,"event_name":"Upgrade Shrine","player_choice":"Upgraded","floor":2.0,"gold_loss":0.0,"damage_taken":0.0,"cards_upgraded":["Bash"]},{"damage_healed":0.0,"max_hp_gain":0.0,"max_hp_loss":0.0,"gold_gain":150.0,"event_name":"Liars Game","player_choice":"AGREE","floor":5.0,"gold_loss":0.0,"damage_taken":0.0,"cards_obtained":["Doubt"]},{"damage_healed":0.0,"max_hp_gain":0.0,"max_hp_loss":0.0,"gold_gain":0.0,"cards_transformed":["Strike_R"],"event_name":"Transmorgrifier","player_choice":"Transformed","floor":8.0,"gold_loss":0.0,"damage_taken":0.0,"cards_obtained":["Flex"]},{"damage_healed":0.0,"max_hp_gain":0.0,"max_hp_loss":0.0,"gold_gain":0.0,"event_name":"Match and Keep!","player_choice":"2 cards matched","floor":20.0,"gold_loss":0.0,"damage_taken":0.0,"cards_obtained":["Immolate","Shrug It Off"]},{"damage_healed":0.0,"max_hp_gain":0.0,"max_hp_loss":0.0,"gold_gain":0.0,"event_name":"Addict","player_choice":"Stole Relic","floor":29.0,"gold_loss":0.0,"damage_taken":0.0,"relics_obtained":["Juzu Bracelet"],"cards_obtained":["Shame"]}],"is_beta":true,"boss_relics":[{"not_picked":["Runic Cube","White Beast Statue"],"picked":"Philosopher\u0027s Stone"},{"not_picked":["Cursed Key","Empty Cage"],"picked":"Coffee Dripper"}],"items_purged_floors":[14],"is_endless":false,"potions_floor_spawned":[4,21,24,27,30],"killed_by":"3 Shapes","ascension_level":20}