{"gold_per_floor":[110,126,126,51,66,66,98,98,98,98,113,139,201,224,224,297,297,317,317,364,92,111,111,124,143,190,190,202,237,249,282,282,353,353,371,371,6,18,1017,1052,1052,1062,1062,1062,272,322,347,265,265,265,265,265,265,38,68,68],"floor_reached":57,"playtime":3264,"items_purged":["Injury","Strike_G","Strike_G"],"score":2812,"play_id":"320cee94-f872-4aad-8524-917e3c5a8493","local_time":"20190420053249","is_ascension_mode":true,"campfire_choices":[{"data":"Noxious Fumes","floor":6.0,"key":"SMITH"},{"data":"Corpse Explosion","floor":8.0,"key":"SMITH"},{"data":"Neutralize","floor":10.0,"key":"SMITH"},{"floor":15.0,"key":"REST"},{"data":"1","floor":23.0,"key":"LIFT"},{"floor":27.0,"key":"REST"},{"floor":32.0,"key":"REST"},{"data":"2","floor":41.0,"key":"LIFT"},{"floor":44.0,"key":"REST"},{"floor":49.0,"key":"RECALL"},{"floor":53.0,"key":"REST"}],"neow_cost":"CURSE","seed_source_timestamp":26449346084237,"circlet_count":0,"master_deck":["AscendersBane","Defend_G","Defend_G","Defend_G","Defend_G","Defend_G","Strike_G","Survivor","Neutralize+1","Corpse Explosion+1","Endless Agony","Noxious Fumes+1","Backflip","Dash","Crippling Poison","Storm of Steel","Tactician","Deflect","After Image","Die Die Die","Footwork","Deflect","Leg Sweep","Blade Dance+1","Acrobatics","Deflect","PiercingWail+1","Calculated Gamble","Footwork","Panacea+1","Cloak And Dagger+1","Escape Plan+1","PiercingWail+1","Deflect+1","After Image"],"special_seed":0,"relics":["Ring of the Snake","Girya","Shuriken","Ornamental Fan","Unceasing Top","Odd Mushroom","Fusion Hammer","Omamori","Strawberry","Sundial","Runic Pyramid","Art of War","Happy Flower","Bronze Scales","ClockworkSouvenir","Toxic Egg 2","Oddly Smooth Stone","Tingsha","Ancient Tea Set","DollysMirror","Pear"],"potions_floor_usage":[55],"damage_taken":[{"damage":7.0,"enemies":"Small Slimes","floor":1.0,"turns":3.0},{"damage":3.0,"enemies":"2 Louse","floor":2.0,"turns":2.0},{"damage":2.0,"enemies":"Jaw Worm","floor":5.0,"turns":5.0},{"damage":15.0,"enemies":"3 Sentries","floor":7.0,"turns":4.0},{"damage":3.0,"enemies":"Blue Slaver","floor":11.0,"turns":5.0},{"damage":8.0,"enemies":"Gremlin Nob","floor":12.0,"turns":3.0},{"damage":16.0,"enemies":"Lagavulin Event","floor":13.0,"turns":5.0},{"damage":5.0,"enemies":"The Mushroom Lair","floor":14.0,"turns":4.0},{"damage":3.0,"enemies":"Hexaghost","floor":16.0,"turns":9.0},{"damage":7.0,"enemies":"2 Thieves","floor":18.0,"turns":4.0},{"damage":10.0,"enemies":"Spheric Guardian","floor":22.0,"turns":6.0},{"damage":10.0,"enemies":"Snecko","floor":24.0,"turns":6.0},{"damage":16.0,"enemies":"Sentry and Sphere","floor":25.0,"turns":7.0},{"damage":15.0,"enemies":"Snake Plant","floor":28.0,"turns":5.0},{"damage":3.0,"enemies":"Slavers","floor":29.0,"turns":2.0},{"damage":0.0,"enemies":"Centurion and Healer","floor":30.0,"turns":5.0},{"damage":5.0,"enemies":"Gremlin Leader","floor":31.0,"turns":5.0},{"damage":2.0,"enemies":"Champ","floor":33.0,"turns":11.0},{"damage":12.0,"enemies":"3 Darklings","floor":35.0,"turns":5.0},{"damage":3.0,"enemies":"Orb Walker","floor":38.0,"turns":4.0},{"damage":9.0,"enemies":"Reptomancer","floor":40.0,"turns":6.0},{"damage":6.0,"enemies":"Spire Growth","floor":42.0,"turns":6.0},{"damage":8.0,"enemies":"2 Orb Walkers","floor":46.0,"turns":5.0},{"damage":0.0,"enemies":"Nemesis","floor":47.0,"turns":7.0},{"damage":16.0,"enemies":"Donu and Deca","floor":50.0,"turns":8.0},{"damage":22.0,"enemies":"Time Eater","floor":51.0,"turns":17.0},{"damage":21,"enemies":"Shield and Spear","floor":55,"turns":6},{"damage":28,"enemies":"The Heart","floor":56,"turns":12}],"seed_played":"-8289540609059036158","potions_obtained":[{"floor":5.0,"key":"Dexterity Potion"},{"floor":7.0,"key":"SteroidPotion"},{"floor":12.0,"key":"Energy Potion"},{"floor":14.0,"key":"Energy Potion"},{"floor":18.0,"key":"GhostInAJar"},{"floor":29.0,"key":"LiquidBronze"},{"floor":30.0,"key":"Block Potion"},{"floor":31.0,"key":"Explosive Potion"},{"floor":38.0,"key":"SteroidPotion"},{"floor":40.0,"key":"Swift Potion"},{"floor":46.0,"key":"EssenceOfSteel"}],"is_trial":false,"path_per_floor":["M","M","?","$","M","R","E","R","T","R","M","E","?","?","R","B",null,"M","?","T","$","M","R","M","M","T","R","M","E","M","E","R","B",null,"M","?","$","M","?","E","R","M","T","R","$","?","E","$","R","B","B",null,"R","$","E","B",null],"character_chosen":"THE_SILENT","items_purchased":["Footwork","Deflect","Leg Sweep","Art of War","Calculated Gamble","ClockworkSouvenir","Toxic Egg 2","Oddly Smooth Stone","Panacea+1","Cloak And Dagger+1","PiercingWail+1","Deflect+1","DollysMirror"],"campfire_rested":5,"item_purchase_floors":[21,21,21,37,37,45,45,45,45,45,48,48,54],"current_hp_per_floor":[52,49,54,54,52,52,37,37,37,37,34,26,10,5,26,23,59,52,52,52,52,42,42,32,16,16,37,22,26,26,21,44,42,69,57,57,57,54,54,45,45,39,39,61,61,53,53,53,53,37,15,59,74,74,63,35],"gold":68,"neow_bonus":"THREE_RARE_CARDS","is_prod":false,"is_daily":false,"chose_seed":false,"campfire_upgraded":3,"win_rate":0,"timestamp":1555763569,"path_taken":["M","M","?","$","M","R","E","R","T","R","M","E","?","?","R","BOSS","M","?","?","$","M","R","M","M","T","R","M","E","M","E","R","BOSS","M","?","$","M","?","E","R","M","T","R","$","?","E","$","R","BOSS","BOSS","R","$","E","BOSS"],"build_version":"2019-04-04","purchased_purges":3,"victory":true,"max_hp_per_floor":[66,66,71,71,71,71,71,71,71,71,71,71,71,71,71,71,71,71,71,71,71,71,71,71,71,71,71,71,78,78,78,78,78,78,78,74,74,74,74,74,74,74,74,74,74,74,74,74,74,74,74,74,74,74,84,84],"card_choices":[{"not_picked":["Malaise","Adrenaline"],"picked":"Corpse Explosion","floor":0.0},{"not_picked":["Acrobatics","Sucker Punch"],"picked":"Endless Agony","floor":1.0},{"not_picked":["Dagger Throw","Deadly Poison"],"picked":"Noxious Fumes","floor":2.0},{"not_picked":["Underhanded Strike","Dagger Throw"],"picked":"Backflip","floor":5.0},{"not_picked":["Reflex","Underhanded Strike"],"picked":"Dash","floor":7.0},{"not_picked":["Backflip","Outmaneuver"],"picked":"Crippling Poison","floor":11.0},{"not_picked":["Deadly Poison","Reflex"],"picked":"Storm of Steel","floor":12.0},{"not_picked":["Infinite Blades","Flechettes"],"picked":"Tactician","floor":13.0},{"not_picked":["Dodge and Roll","Bane"],"picked":"Deflect","floor":14.0},{"not_picked":["Setup+1","Dagger Spray","Underhanded Strike"],"picked":"SKIP","floor":18.0},{"not_picked":["Deflect","Dagger Throw"],"picked":"Blade Dance+1","floor":22.0},{"not_picked":["Accuracy","Leg Sweep+1"],"picked":"Acrobatics","floor":24.0},{"not_picked":["Glass Knife","Outmaneuver","Cloak And Dagger"],"picked":"SKIP","floor":25.0},{"not_picked":["Heel Hook","Slice","Cloak And Dagger"],"picked":"SKIP","floor":28.0},{"not_picked":["Dash","Deadly Poison","Choke"],"picked":"SKIP","floor":29.0},{"not_picked":["Blur","Terror","Sucker Punch"],"picked":"SKIP","floor":30.0},{"not_picked":["Outmaneuver","Poisoned Stab"],"picked":"Deflect","floor":31.0},{"not_picked":["Cloak And Dagger","Poisoned Stab"],"picked":"PiercingWail+1","floor":35.0},{"not_picked":["Leg Sweep","Well Laid Plans","Outmaneuver"],"picked":"SKIP","floor":38.0},{"not_picked":["Blade Dance","A Thousand Cuts","Flying Knee"],"picked":"SKIP","floor":40.0},{"not_picked":["Reflex","Dash"],"picked":"Footwork","floor":42.0},{"not_picked":["Leg Sweep+1","Outmaneuver+1"],"picked":"Escape Plan+1","floor":46.0},{"not_picked":["Outmaneuver+1","Slice","Dagger Spray+1"],"picked":"SKIP","floor":47.0},{"not_picked":["Crippling Poison+1","Bane","Skewer"],"picked":"SKIP","floor":55}],"player_experience":1423047,"relics_obtained":[{"floor":7.0,"key":"Girya"},{"floor":9.0,"key":"Shuriken"},{"floor":12.0,"key":"Ornamental Fan"},{"floor":13.0,"key":"Unceasing Top"},{"floor":14.0,"key":"Odd Mushroom"},{"floor":26.0,"key":"Omamori"},{"floor":29.0,"key":"Strawberry"},{"floor":31.0,"key":"Sundial"},{"floor":40.0,"key":"Happy Flower"},{"floor":43.0,"key":"Bronze Scales"},{"floor":46.0,"key":"Tingsha"},{"floor":47.0,"key":"Ancient Tea Set"},{"floor":55,"key":"Pear"}],"event_choices":[{"damage_healed":0.0,"max_hp_gain":5.0,"max_hp_loss":0.0,"gold_gain":0.0,"event_name":"Big Fish","player_choice":"Donut","floor":3.0,"gold_loss":0.0,"damage_taken":0.0},{"damage_healed":0.0,"max_hp_gain":0.0,"max_hp_loss":0.0,"gold_gain":0.0,"event_name":"Dead Adventurer","player_choice":"Searched \u00271\u0027 times","floor":13.0,"gold_loss":0.0,"damage_taken":0.0},{"damage_healed":0.0,"max_hp_gain":0.0,"max_hp_loss":0.0,"gold_gain":0.0,"event_name":"Mushrooms","player_choice":"Fought Mushrooms","floor":14.0,"gold_loss":0.0,"damage_taken":0.0},{"damage_healed":0.0,"max_hp_gain":0.0,"max_hp_loss":0.0,"gold_gain":0.0,"cards_transformed":["Strike_G","Strike_G"],"event_name":"Drug Dealer","player_choice":"Became Test Subject","floor":19.0,"gold_loss":0.0,"damage_taken":0.0,"cards_obtained":["After Image","Die Die Die"]},{"damage_healed":0.0,"max_hp_gain":0.0,"max_hp_loss":4.0,"gold_gain":0.0,"event_name":"Winding Halls","player_choice":"Max HP","floor":36.0,"gold_loss":0.0,"damage_taken":0.0},{"damage_healed":0.0,"max_hp_gain":0.0,"max_hp_loss":0.0,"gold_gain":999.0,"event_name":"MindBloom","player_choice":"Gold","floor":39.0,"gold_loss":0.0,"damage_taken":0.0,"cards_obtained":["Normality","Normality"]},{"damage_healed":0.0,"max_hp_gain":0.0,"max_hp_loss":0.0,"gold_gain":0.0,"event_name":"Mysterious Sphere","player_choice":"Fight","floor":46.0,"gold_loss":0.0,"damage_taken":0.0}],"is_beta":true,"boss_relics":[{"not_picked":["Tiny House","Coffee Dripper"],"picked":"Fusion Hammer"},{"not_picked":["Lizard Tail","WristBlade"],"picked":"Runic Pyramid"}],"items_purged_floors":[4,21,37],"is_endless":false,"potions_floor_spawned":[5,7,12,14,18,24,29,30,31,38,40,42,46],"ascension_level":20}