{"gold_per_floor":[116,132,282,292,305,340,340,370,370,370,370,403,423,101,101,180,180,190,205,218,218,268,268],"floor_reached":23,"playtime":679,"items_purged":["Doubt"],"score":522,"play_id":"c68d5d08-ab75-445a-80af-3d7c7078b4f9","local_time":"20190204195824","is_ascension_mode":true,"campfire_choices":[{"floor":7.0,"key":"REST"},{"floor":10.0,"key":"REST"},{"data":"Apotheosis","floor":15.0,"key":"SMITH"}],"neow_cost":"NONE","seed_source_timestamp":1119053237136515,"circlet_count":0,"master_deck":["AscendersBane","Strike_B","Strike_B","Strike_B","Strike_B","Defend_B","Defend_B","Defend_B","Defend_B","Zap","Dualcast","Biased Cognition+1","Cold Snap","Ball Lightning","Consume","Ball Lightning","Ball Lightning","Glacier","Apotheosis+1","Creative AI","Genetic Algorithm","Creative AI"],"special_seed":0,"relics":["Cracked Core","Happy Flower","Mercury Hourglass","Unceasing Top","Calipers","Snecko Eye"],"potions_floor_usage":[23],"damage_taken":[{"damage":2.0,"enemies":"Jaw Worm","floor":1.0,"turns":3.0},{"damage":0.0,"enemies":"2 Louse","floor":2.0,"turns":2.0},{"damage":0.0,"enemies":"Cultist","floor":4.0,"turns":2.0},{"damage":12.0,"enemies":"Exordium Thugs","floor":5.0,"turns":5.0},{"damage":43.0,"enemies":"Gremlin Nob","floor":6.0,"turns":5.0},{"damage":16.0,"enemies":"Lagavulin","floor":8.0,"turns":6.0},{"damage":10.0,"enemies":"3 Sentries","floor":12.0,"turns":3.0},{"damage":1.0,"enemies":"Blue Slaver","floor":13.0,"turns":2.0},{"damage":0.0,"enemies":"Slime Boss","floor":16.0,"turns":5.0},{"damage":20.0,"enemies":"3 Byrds","floor":18.0,"turns":4.0},{"damage":5.0,"enemies":"Spheric Guardian","floor":19.0,"turns":4.0},{"damage":10.0,"enemies":"Snecko","floor":20.0,"turns":4.0},{"damage":40,"enemies":"Slavers","floor":23,"turns":2}],"seed_played":"-4115140490285972865","potions_obtained":[{"floor":1.0,"key":"Weak Potion"},{"floor":8.0,"key":"Energy Potion"},{"floor":12.0,"key":"Swift Potion"},{"floor":18.0,"key":"Energy Potion"}],"is_trial":false,"path_per_floor":["M","M","?","M","M","E","R","E","T","R","?","E","M","$","R","B",null,"M","M","M","?","?","E"],"character_chosen":"DEFECT","items_purchased":["Fire Potion","Apotheosis"],"campfire_rested":2,"item_purchase_floors":[14,14],"current_hp_per_floor":[62,62,62,62,50,7,28,12,12,33,33,23,22,22,22,22,59,39,34,24,38,38,0],"gold":268,"neow_bonus":"ONE_RANDOM_RARE_CARD","is_prod":false,"is_daily":false,"chose_seed":false,"campfire_upgraded":1,"win_rate":0,"timestamp":1549339104,"path_taken":["M","M","?","M","M","E","R","E","T","R","?","E","?","$","R","BOSS","M","M","M","?","?","E"],"build_version":"2019-01-23","purchased_purges":1,"victory":false,"max_hp_per_floor":[71,71,71,71,71,71,71,71,71,71,71,71,71,71,71,71,71,71,71,71,71,71,71],"card_choices":[{"not_picked":["Heatsinks","Gash"],"picked":"Cold Snap","floor":1.0},{"not_picked":["FTL","Blizzard"],"picked":"Ball Lightning","floor":2.0},{"not_picked":["Rebound","Heatsinks","Redo"],"picked":"SKIP","floor":4.0},{"not_picked":["Recycle","Cold Snap"],"picked":"Consume","floor":5.0},{"not_picked":["Amplify","Compile Driver"],"picked":"Ball Lightning","floor":6.0},{"not_picked":["Hello World","White Noise"],"picked":"Ball Lightning","floor":8.0},{"not_picked":["Conserve Battery","Gash"],"picked":"Glacier","floor":12.0},{"not_picked":["White Noise","Storm","Aggregate"],"picked":"SKIP","floor":13.0},{"not_picked":["Reboot","Hyperbeam"],"picked":"Creative AI","floor":16.0},{"not_picked":["Compile Driver","Leap","Steam"],"picked":"SKIP","floor":18.0},{"not_picked":["Turbo","Sweeping Beam"],"picked":"Genetic Algorithm","floor":19.0},{"not_picked":["Stack","Scrape"],"picked":"Creative AI","floor":20.0}],"player_experience":1080064,"relics_obtained":[{"floor":6.0,"key":"Happy Flower"},{"floor":8.0,"key":"Mercury Hourglass"},{"floor":9.0,"key":"Unceasing Top"},{"floor":12.0,"key":"Calipers"}],"event_choices":[{"damage_healed":0.0,"max_hp_gain":0.0,"max_hp_loss":0.0,"gold_gain":150.0,"event_name":"Liars Game","player_choice":"AGREE","floor":3.0,"gold_loss":0.0,"damage_taken":0.0,"cards_obtained":["Doubt"]},{"damage_healed":0.0,"max_hp_gain":0.0,"max_hp_loss":0.0,"gold_gain":0.0,"event_name":"Upgrade Shrine","player_choice":"Upgraded","floor":11.0,"gold_loss":0.0,"damage_taken":0.0,"cards_upgraded":["Biased Cognition"]},{"damage_healed":14.0,"max_hp_gain":0.0,"max_hp_loss":0.0,"gold_gain":0.0,"event_name":"The Library","player_choice":"Heal","floor":21.0,"gold_loss":0.0,"damage_taken":0.0},{"damage_healed":0,"gold_gain":100,"player_choice":"Bet on Murderer","damage_taken":0,"max_hp_gain":0,"max_hp_loss":0,"event_name":"The Joust","floor":22,"gold_loss":50}],"is_beta":true,"boss_relics":[{"not_picked":["Velvet Choker","Orrery"],"picked":"Snecko Eye"}],"items_purged_floors":[14],"is_endless":false,"potions_floor_spawned":[1,8,12,13,18],"killed_by":"Slavers","ascension_level":20}