{"gold_per_floor":[118,268,268,136,148,174,174,205,205,205,240,251,268,46,46,120,120,140,140,155,171,96,96,126,146,215,35,45,17,17,29,29,103,103,115,115,215,215,215,272,66,81,163,193,193,205,223,249,249,249,249,249,249,37,69,69],"floor_reached":57,"playtime":4059,"items_purged":["Doubt","Shame","Strike_R","Combust"],"score":2881,"play_id":"47e7e9c8-5e25-457c-aecc-6069ecf6ca32","local_time":"20190308002101","is_ascension_mode":true,"campfire_choices":[{"data":"Clothesline","floor":7.0,"key":"SMITH"},{"floor":10.0,"key":"REST"},{"data":"Disarm","floor":15.0,"key":"SMITH"},{"data":"Bash","floor":23.0,"key":"SMITH"},{"floor":32.0,"key":"REST"},{"floor":45.0,"key":"REST"},{"floor":49.0,"key":"RECALL"},{"floor":53.0,"key":"REST"}],"neow_cost":"CURSE","seed_source_timestamp":0,"circlet_count":0,"master_deck":["AscendersBane","Defend_R","Defend_R","Defend_R","Bash+1","Clothesline+1","Dropkick","Dropkick","Burning Pact","True Grit","Dropkick","Shockwave","Disarm+1","Offering","Corruption","Shrug It Off","Shrug It Off","Fiend Fire","Evolve","Rage+1","True Grit+1"],"special_seed":0,"relics":["Burning Blood","Thread and Needle","Bag of Preparation","Torii","Pear","Busted Crown","Strawberry","Bird Faced Urn","Black Star","Magic Flower","Paper Frog","Tiny Chest","Ornamental Fan","Kunai","Dream Catcher","Toxic Egg 2","Bottled Flame","OrangePellets","Mummified Hand","Unceasing Top"],"potions_floor_usage":[56,56],"damage_taken":[{"damage":5.0,"enemies":"2 Louse","floor":1.0,"turns":4.0},{"damage":7.0,"enemies":"Jaw Worm","floor":5.0,"turns":2.0},{"damage":6.0,"enemies":"Gremlin Nob","floor":6.0,"turns":3.0},{"damage":60.0,"enemies":"3 Sentries","floor":8.0,"turns":22.0},{"damage":28.0,"enemies":"Lagavulin","floor":11.0,"turns":7.0},{"damage":0.0,"enemies":"Cultist","floor":12.0,"turns":3.0},{"damage":1.0,"enemies":"Blue Slaver","floor":13.0,"turns":3.0},{"damage":26.0,"enemies":"The Guardian","floor":16.0,"turns":17.0},{"damage":9.0,"enemies":"Chosen","floor":18.0,"turns":3.0},{"damage":7.0,"enemies":"2 Thieves","floor":20.0,"turns":4.0},{"damage":7.0,"enemies":"Snake Plant","floor":21.0,"turns":4.0},{"damage":23.0,"enemies":"Slavers","floor":24.0,"turns":5.0},{"damage":20.0,"enemies":"Sentry and Sphere","floor":25.0,"turns":6.0},{"damage":24.0,"enemies":"Chosen and Byrds","floor":28.0,"turns":5.0},{"damage":2.0,"enemies":"Snake Plant","floor":31.0,"turns":4.0},{"damage":9.0,"enemies":"Champ","floor":33.0,"turns":5.0},{"damage":13.0,"enemies":"Orb Walker","floor":35.0,"turns":5.0},{"damage":7.0,"enemies":"Mind Bloom Boss Battle","floor":37.0,"turns":5.0},{"damage":67.0,"enemies":"Reptomancer","floor":40.0,"turns":3.0},{"damage":24.0,"enemies":"3 Shapes","floor":42.0,"turns":22.0},{"damage":7.0,"enemies":"Nemesis","floor":44.0,"turns":3.0},{"damage":0.0,"enemies":"Sphere and 2 Shapes","floor":46.0,"turns":4.0},{"damage":6.0,"enemies":"4 Shapes","floor":47.0,"turns":26.0},{"damage":6.0,"enemies":"Giant Head","floor":48.0,"turns":4.0},{"damage":59.0,"enemies":"Donu and Deca","floor":50.0,"turns":6.0},{"damage":24.0,"enemies":"Awakened One","floor":51.0,"turns":4.0},{"damage":42.0,"enemies":"Shield and Spear","floor":55.0,"turns":6.0},{"damage":59,"enemies":"The Heart","floor":56,"turns":10}],"seed_played":"-9032357113027433490","potions_obtained":[{"floor":1.0,"key":"Dexterity Potion"},{"floor":12.0,"key":"LiquidBronze"},{"floor":13.0,"key":"Explosive Potion"},{"floor":21.0,"key":"EssenceOfSteel"},{"floor":24.0,"key":"FearPotion"},{"floor":35.0,"key":"SteroidPotion"},{"floor":46.0,"key":"EssenceOfSteel"}],"is_trial":false,"path_per_floor":["M","?","?","$","M","E","R","E","T","R","E","M","M","$","R","B",null,"M","T","M","M","?","R","E","M","T","$","M","$","?","M","R","B",null,"M","?","?","?","?","E","$","M","T","E","R","M","M","E","R","B","B",null,"R","$","E","B",null],"character_chosen":"IRONCLAD","items_purchased":["FearPotion","Shockwave","Disarm","Shrug It Off","Shrug It Off","Dexterity Potion","OrangePellets"],"campfire_rested":4,"item_purchase_floors":[4,14,14,27,29,41,54],"current_hp_per_floor":[69,69,69,69,68,68,68,14,14,36,24,30,35,35,35,15,68,65,72,71,70,70,70,53,41,41,41,27,27,27,31,58,61,84,83,83,86,86,86,32,32,20,20,28,54,69,75,84,84,37,25,72,87,87,60,13],"gold":69,"neow_bonus":"TRANSFORM_TWO_CARDS","is_prod":false,"is_daily":false,"chose_seed":false,"campfire_upgraded":3,"win_rate":0,"timestamp":1552033261,"path_taken":["M","?","?","$","M","E","R","E","T","R","E","M","M","$","R","BOSS","M","?","M","M","?","R","E","M","T","$","M","$","?","?","R","BOSS","M","?","?","?","?","E","?","M","T","E","R","M","?","E","R","BOSS","BOSS","R","$","E","BOSS"],"build_version":"2019-02-06","purchased_purges":4,"victory":true,"max_hp_per_floor":[75,75,75,75,75,75,75,75,75,75,85,85,85,85,85,85,85,85,92,92,92,92,92,92,92,92,92,92,92,92,92,92,92,92,92,92,92,92,87,87,87,87,87,87,87,87,87,87,87,87,87,87,87,87,87,87],"card_choices":[{"not_picked":["Rampage","Havoc","Clothesline"],"picked":"SKIP","floor":1.0},{"not_picked":["Anger","Armaments","Perfected Strike"],"picked":"SKIP","floor":5.0},{"not_picked":["Clothesline","Wild Strike"],"picked":"Burning Pact","floor":6.0},{"not_picked":["Wild Strike","Brutality"],"picked":"Combust","floor":8.0},{"not_picked":["Power Through","Iron Wave","Seeing Red"],"picked":"SKIP","floor":11.0},{"not_picked":["Reckless Charge","Heavy Blade"],"picked":"True Grit","floor":12.0},{"not_picked":["Fire Breathing","Sever Soul"],"picked":"Dropkick","floor":13.0},{"not_picked":["Brutality","Barricade"],"picked":"Offering","floor":16.0},{"not_picked":["Feel No Pain"],"picked":"SKIP","floor":18.0},{"not_picked":["Flex"],"picked":"SKIP","floor":20.0},{"not_picked":["Searing Blow"],"picked":"SKIP","floor":21.0},{"not_picked":["Bloodletting"],"picked":"SKIP","floor":24.0},{"not_picked":[],"picked":"Corruption","floor":25.0},{"not_picked":["Metallicize"],"picked":"SKIP","floor":28.0},{"not_picked":[],"picked":"Evolve","floor":31.0},{"not_picked":["Sword Boomerang"],"picked":"SKIP","floor":35.0},{"not_picked":["Wild Strike"],"picked":"SKIP","floor":40.0},{"not_picked":["Warcry"],"picked":"SKIP","floor":42.0},{"not_picked":["Battle Trance"],"picked":"SKIP","floor":44.0},{"not_picked":["Cleave"],"picked":"SKIP","floor":46.0},{"not_picked":["Flex"],"picked":"SKIP","floor":47.0},{"not_picked":[],"picked":"Rage","floor":48.0},{"not_picked":[],"picked":"True Grit+1","floor":53.0},{"not_picked":["Wild Strike"],"picked":"SKIP","floor":55.0}],"player_experience":1336416,"relics_obtained":[{"floor":6.0,"key":"Thread and Needle"},{"floor":8.0,"key":"Bag of Preparation"},{"floor":9.0,"key":"Torii"},{"floor":11.0,"key":"Pear"},{"floor":19.0,"key":"Strawberry"},{"floor":24.0,"key":"Bird Faced Urn"},{"floor":37.0,"key":"Magic Flower"},{"floor":40.0,"key":"Paper Frog"},{"floor":40.0,"key":"Tiny Chest"},{"floor":43.0,"key":"Ornamental Fan"},{"floor":44.0,"key":"Kunai"},{"floor":44.0,"key":"Dream Catcher"},{"floor":48.0,"key":"Toxic Egg 2"},{"floor":48.0,"key":"Bottled Flame"},{"floor":55.0,"key":"Mummified Hand"},{"floor":55.0,"key":"Unceasing Top"}],"event_choices":[{"damage_healed":0.0,"max_hp_gain":0.0,"max_hp_loss":0.0,"gold_gain":150.0,"event_name":"Liars Game","player_choice":"AGREE","floor":2.0,"gold_loss":0.0,"damage_taken":0.0,"cards_obtained":["Doubt"]},{"damage_healed":0.0,"max_hp_gain":0.0,"max_hp_loss":0.0,"gold_gain":0.0,"cards_transformed":["Strike_R"],"event_name":"Transmorgrifier","player_choice":"Transformed","floor":3.0,"gold_loss":0.0,"damage_taken":0.0,"cards_obtained":["Dropkick"]},{"cards_removed":["Strike_R"],"damage_healed":0.0,"max_hp_gain":0.0,"max_hp_loss":0.0,"gold_gain":0.0,"event_name":"Beggar","player_choice":"Gave Gold","floor":22.0,"gold_loss":75.0,"damage_taken":0.0},{"damage_healed":0.0,"max_hp_gain":0.0,"max_hp_loss":0.0,"gold_gain":0.0,"event_name":"Match and Keep!","player_choice":"1 cards matched","floor":30.0,"gold_loss":0.0,"damage_taken":0.0,"cards_obtained":["Fiend Fire"]},{"cards_removed":["Defend_R"],"damage_healed":0.0,"max_hp_gain":0.0,"max_hp_loss":0.0,"gold_gain":0.0,"event_name":"Falling","player_choice":"Removed Skill","floor":36.0,"gold_loss":0.0,"damage_taken":0.0},{"damage_healed":0.0,"max_hp_gain":0.0,"max_hp_loss":0.0,"gold_gain":0.0,"event_name":"MindBloom","player_choice":"Fight","floor":37.0,"gold_loss":0.0,"damage_taken":0.0},{"damage_healed":0.0,"max_hp_gain":0.0,"max_hp_loss":0.0,"gold_gain":0.0,"event_name":"SensoryStone","player_choice":"Memory 1","floor":38.0,"gold_loss":0.0,"damage_taken":0.0},{"damage_healed":0.0,"max_hp_gain":0.0,"max_hp_loss":5.0,"gold_gain":0.0,"event_name":"Winding Halls","player_choice":"Max HP","floor":39.0,"gold_loss":0.0,"damage_taken":0.0}],"is_beta":true,"boss_relics":[{"not_picked":["Pandora\u0027s Box","Orrery"],"picked":"Busted Crown"},{"not_picked":["Philosopher\u0027s Stone","White Beast Statue"],"picked":"Black Star"}],"items_purged_floors":[4,14,27,41],"is_endless":false,"potions_floor_spawned":[1,12,13,18,21,24,31,35,37,46],"ascension_level":20}