{"gold_per_floor":[110,122,122,122,134,134,150,183,208,224,254,270,295,61,61,61],"floor_reached":16,"playtime":605,"items_purged":["Strike_R"],"score":344,"play_id":"6367bfff-7828-42f2-8a0e-295f5445fa59","local_time":"20190224204206","is_ascension_mode":true,"campfire_choices":[{"data":"Bash","floor":6.0,"key":"SMITH"},{"data":"Dual Wield","floor":15,"key":"SMITH"}],"neow_cost":"NONE","seed_source_timestamp":2410506983398959,"circlet_count":0,"master_deck":["AscendersBane","Strike_R","Strike_R","Strike_R","Defend_R","Defend_R","Defend_R","Defend_R","Bash+1","Whirlwind+1","Thunderclap","Feed","Armaments","Battle Trance","Juggernaut","Dual Wield+1","Corruption"],"special_seed":0,"relics":["Burning Blood","Boot","Blood Vial","Omamori","Oddly Smooth Stone","PreservedInsect"],"potions_floor_usage":[10,11],"damage_taken":[{"damage":14.0,"enemies":"Jaw Worm","floor":1.0,"turns":4.0},{"damage":0.0,"enemies":"2 Louse","floor":2.0,"turns":1.0},{"damage":1.0,"enemies":"Cultist","floor":5.0,"turns":3.0},{"damage":11.0,"enemies":"Blue Slaver","floor":7.0,"turns":4.0},{"damage":25.0,"enemies":"3 Sentries","floor":8.0,"turns":5.0},{"damage":7,"enemies":"Exordium Wildlife","floor":10,"turns":5},{"damage":37,"enemies":"Gremlin Nob","floor":11,"turns":4},{"damage":0,"enemies":"Looter","floor":12,"turns":4},{"damage":20,"enemies":"3 Sentries","floor":13,"turns":3},{"damage":3,"enemies":"Hexaghost","floor":16,"turns":4}],"seed_played":"1536993607063729115","potions_obtained":[{"floor":2.0,"key":"GamblersBrew"},{"floor":5.0,"key":"Poison Potion"}],"is_trial":false,"path_per_floor":["M","M","?","?","M","R","M","E","T","M","E","M","E","$","R","B"],"character_chosen":"IRONCLAD","items_purchased":["Dual Wield","Corruption"],"campfire_rested":0,"item_purchase_floors":[14,14],"current_hp_per_floor":[60,66,66,66,71,71,66,50,50,54,28,36,24,24,24,23],"gold":61,"neow_bonus":"RANDOM_COMMON_RELIC","is_prod":false,"is_daily":false,"chose_seed":false,"campfire_upgraded":2,"win_rate":0,"timestamp":1551069726,"path_taken":["M","M","?","?","M","R","?","E","T","M","E","M","E","$","R","BOSS"],"build_version":"2019-02-06","purchased_purges":1,"victory":false,"max_hp_per_floor":[75,75,75,75,75,75,75,78,78,81,84,84,84,84,84,84],"card_choices":[{"not_picked":["True Grit","Shrug It Off"],"picked":"Whirlwind","floor":1.0},{"not_picked":["Blood for Blood","Pommel Strike"],"picked":"Thunderclap","floor":2.0},{"not_picked":["Iron Wave","Heavy Blade","Blood for Blood"],"picked":"SKIP","floor":5.0},{"not_picked":["Heavy Blade","Sword Boomerang"],"picked":"Feed","floor":7.0},{"not_picked":["Corruption","Thunderclap"],"picked":"Armaments","floor":8.0},{"not_picked":["Rupture","Flex"],"picked":"Battle Trance","floor":10},{"not_picked":["Pummel","True Grit","Infernal Blade"],"picked":"SKIP","floor":11},{"not_picked":["Rupture","Barricade","Heavy Blade"],"picked":"SKIP","floor":12},{"not_picked":["Wild Strike","Heavy Blade"],"picked":"Juggernaut","floor":13}],"player_experience":1242156,"relics_obtained":[{"floor":8.0,"key":"Blood Vial"},{"floor":9.0,"key":"Omamori"},{"floor":11,"key":"Oddly Smooth Stone"},{"floor":13,"key":"PreservedInsect"}],"event_choices":[{"damage_healed":0.0,"max_hp_gain":0.0,"max_hp_loss":0.0,"gold_gain":0.0,"event_name":"Living Wall","player_choice":"Grow","floor":3.0,"gold_loss":0.0,"damage_taken":0.0,"cards_upgraded":["Whirlwind"]},{"cards_removed":["Strike_R"],"damage_healed":0.0,"max_hp_gain":0.0,"max_hp_loss":0.0,"gold_gain":0.0,"event_name":"Purifier","player_choice":"Purged","floor":4.0,"gold_loss":0.0,"damage_taken":0.0}],"is_beta":true,"boss_relics":[],"items_purged_floors":[14],"is_endless":false,"potions_floor_spawned":[2,5,7,8],"killed_by":"Hexaghost","ascension_level":20}