{"gold_per_floor":[117,117,132,132,143,143,143,143,143,54,86,86,99,99],"floor_reached":14,"playtime":541,"items_purged":[],"score":176,"play_id":"0c3cd713-0b76-473a-8ba6-c250ed4c1d5e","local_time":"20181027232511","is_ascension_mode":true,"campfire_choices":[{"data":"Blade Dance","floor":6,"key":"SMITH"}],"neow_cost":"NONE","seed_source_timestamp":87207070860571,"circlet_count":0,"master_deck":["Defend_G","Defend_G","Defend_G","Defend_G","Defend_G","Strike_G","Strike_G","Strike_G","Strike_G","Survivor","Neutralize","AscendersBane","After Image+1","Poisoned Stab","Blade Dance+1","Grand Finale","Accuracy","Bouncing Flask","PiercingWail"],"relics":["Ring of the Snake","FossilizedHelix","Ancient Tea Set"],"potions_floor_usage":[14],"damage_taken":[{"damage":0,"enemies":"2 Louse","floor":1,"turns":5},{"damage":0,"enemies":"Jaw Worm","floor":3,"turns":5},{"damage":1,"enemies":"Small Slimes","floor":5,"turns":5},{"damage":42,"enemies":"Lagavulin","floor":11,"turns":9},{"damage":0,"enemies":"2 Fungi Beasts","floor":13,"turns":4},{"damage":25,"enemies":"3 Sentries","floor":14,"turns":6}],"seed_played":"4774859433936258399","potions_obtained":[{"floor":13,"key":"GamblersBrew"}],"is_trial":false,"path_per_floor":["M","?","M","?","M","R","?","?","T","$","E","$","M"],"character_chosen":"THE_SILENT","items_purchased":["Accuracy"],"campfire_rested":0,"item_purchase_floors":[10],"current_hp_per_floor":[59,59,59,59,58,58,58,63,63,63,21,21,21,0],"gold":99,"neow_bonus":"TRANSFORM_CARD","is_prod":false,"is_daily":false,"chose_seed":false,"campfire_upgraded":1,"win_rate":0,"timestamp":1540707911,"path_taken":["M","?","M","?","M","R","?","?","T","$","E","$","?","E"],"build_version":"2018-10-25v2","purchased_purges":0,"victory":false,"max_hp_per_floor":[66,66,66,66,66,66,66,71,71,71,71,71,71,71],"card_choices":[{"not_picked":["Slice","Flying Knee"],"picked":"Poisoned Stab","floor":1},{"not_picked":["Caltrops","Flying Knee"],"picked":"Blade Dance","floor":3},{"not_picked":["Acrobatics","Calculated Gamble"],"picked":"Grand Finale","floor":5},{"not_picked":["Catalyst","Cloak And Dagger"],"picked":"Bouncing Flask","floor":11},{"not_picked":["Dagger Throw","Bane"],"picked":"PiercingWail","floor":13}],"player_experience":667587,"relics_obtained":[{"floor":9,"key":"FossilizedHelix"},{"floor":11,"key":"Ancient Tea Set"}],"event_choices":[{"damage_healed":0,"gold_gain":0,"player_choice":"Leave","damage_taken":0,"max_hp_gain":0,"max_hp_loss":0,"event_name":"The Cleric","floor":2,"gold_loss":0},{"damage_healed":0,"gold_gain":0,"player_choice":"Grow","damage_taken":0,"max_hp_gain":0,"max_hp_loss":0,"event_name":"Living Wall","floor":4,"gold_loss":0,"cards_upgraded":["After Image"]},{"damage_healed":0,"gold_gain":0,"player_choice":"Searched \u00271\u0027 times","damage_taken":0,"max_hp_gain":0,"max_hp_loss":0,"event_name":"Dead Adventurer","floor":7,"gold_loss":0},{"damage_healed":0,"gold_gain":0,"player_choice":"Donut","damage_taken":0,"max_hp_gain":5,"max_hp_loss":0,"event_name":"Big Fish","floor":8,"gold_loss":0}],"is_beta":false,"boss_relics":[],"items_purged_floors":[],"is_endless":false,"potions_floor_spawned":[13],"killed_by":"3 Sentries","ascension_level":20}