{"path_per_floor":["M","?","?","M","M","R","E","M","T","M","R","T","M","$","R","B",null,"M","$","?","?","?","M","R","T","T","E","R","M","E","$","R","B",null,"M","$","M","$","?","R","M","T","T","M","R","M","R","M","R","B"],"character_chosen":"THE_SILENT","items_purchased":["Kunai","Noxious Fumes","Shuriken"],"gold_per_floor":[140,215,215,229,249,249,282,306,354,379,379,406,431,95,95,216,216,240,140,140,140,140,164,164,164,164,197,197,211,252,89,89,218,218,238,238,256,16,0,0,13,38,38,63,63,78,78,92,92,92],"floor_reached":51,"campfire_rested":4,"playtime":3578,"current_hp_per_floor":[70,59,42,40,40,40,21,21,28,28,51,51,51,51,51,35,77,77,77,77,77,77,67,67,67,67,59,59,59,39,39,39,10,77,75,75,62,62,62,62,20,20,20,10,33,32,55,44,67,15],"items_purged":["Strike_G","Defend_G","Writhe"],"gold":92,"score":685,"play_id":"eb2316ef-0f20-4a8c-ad94-8435b92aa7e9","local_time":"20180319014725","is_prod":false,"is_daily":false,"is_ascension_mode":false,"campfire_upgraded":3,"timestamp":1521438445,"path_taken":["M","?","?","M","M","R","E","M","T","?","R","?","?","$","R","BOSS","M","?","?","?","?","M","R","?","T","E","R","?","E","$","R","BOSS","M","$","?","?","?","R","M","?","T","M","R","M","R","?","R","BOSS"],"build_version":"2018-03-15v3","purchased_purges":4,"victory":true,"master_deck":["Defend_G+1","Defend_G+1","Defend_G+1","Strike_G+1","Strike_G+1","Strike_G+1","Survivor","Neutralize+1","Backflip","Backflip","Flying Knee","Quick Slash","Well Laid Plans","Slice+1","Adrenaline","Backstab+1","Choke+1","Sucker Punch","Bouncing Flask+1","Dagger Throw+1","Noxious Fumes","Burst","Catalyst+1","Phantasmal Killer+1","Masterful Stab+1","Prepared+1","Flying Knee","Footwork","Terror+1","Adrenaline","Dodge and Roll+1","Choke"],"max_hp_per_floor":[70,70,70,70,70,70,70,70,77,77,77,77,77,77,77,77,77,77,77,77,77,77,77,77,77,77,77,77,77,77,77,77,77,77,77,77,77,77,77,77,77,77,77,77,77,77,77,77,77,77],"relics":["Ring of the Snake","Tiny Chest","Golden Idol","Centennial Puzzle","Strawberry","Prayer Wheel","Kunai","Velvet Choker","Paper Crane","Unceasing Top","Sundial","Girya","Happy Flower","Astrolabe","Shuriken","Red Mask","Blood Vial","Frozen Egg 2"],"card_choices":[{"not_picked":["Dodge and Roll","Escape Plan"],"picked":"Backflip"},{"not_picked":["Dagger Spray","Slice"],"picked":"Backflip"},{"not_picked":["Venomology","Masterful Stab"],"picked":"Flying Knee"},{"not_picked":["PiercingWail","Expertise"],"picked":"Quick Slash"},{"not_picked":["Infinite Blades","PiercingWail"],"picked":"Well Laid Plans"},{"not_picked":["Deflect","PiercingWail"],"picked":"Slice"},{"not_picked":["Glass Knife","Storm of Steel"],"picked":"Adrenaline"},{"not_picked":["Bane","Deadly Poison"],"picked":"Choke"},{"not_picked":["Choke","Flying Knee"],"picked":"Outmaneuver"},{"not_picked":["Bane","A Thousand Cuts"],"picked":"Sucker Punch"},{"not_picked":["Dodge and Roll","Dagger Spray"],"picked":"Bouncing Flask"},{"not_picked":["Choke","Dodge and Roll"],"picked":"Dagger Throw"},{"not_picked":["Night Terror","Unload"],"picked":"Burst"},{"not_picked":["Crippling Poison","Dodge and Roll"],"picked":"Prepared"},{"not_picked":["Skewer","Dodge and Roll"],"picked":"Flying Knee"},{"not_picked":["Dagger Spray","Catalyst"],"picked":"Footwork"},{"not_picked":["Reflex","Underhanded Strike"],"picked":"Terror"},{"not_picked":["Terror","Outmaneuver"],"picked":"Adrenaline"},{"not_picked":["Dagger Spray","Acrobatics"],"picked":"Dodge and Roll"},{"not_picked":["Cloak And Dagger","Deflect"],"picked":"Choke"}],"player_experience":80001,"potions_floor_usage":[7,10,30,33,44,48,50,50,50],"damage_taken":[{"damage":0,"enemies":"Small Slimes","floor":1,"turns":4},{"damage":2,"enemies":"Jaw Worm","floor":4,"turns":6},{"damage":0,"enemies":"Cultist","floor":5,"turns":5},{"damage":19,"enemies":"Lagavulin","floor":7,"turns":7},{"damage":0,"enemies":"2 Fungi Beasts","floor":8,"turns":4},{"damage":0,"enemies":"3 Louse","floor":10,"turns":3},{"damage":0,"enemies":"Exordium Wildlife","floor":13,"turns":4},{"damage":16,"enemies":"The Guardian","floor":16,"turns":16},{"damage":0,"enemies":"Shell Parasite","floor":18,"turns":6},{"damage":10,"enemies":"Spheric Guardian","floor":23,"turns":4},{"damage":8,"enemies":"Slavers","floor":27,"turns":5},{"damage":0,"enemies":"Snake Plant","floor":29,"turns":3},{"damage":20,"enemies":"Gremlin Leader","floor":30,"turns":4},{"damage":29,"enemies":"Automaton","floor":33,"turns":8},{"damage":2,"enemies":"Orb Walker","floor":35,"turns":2},{"damage":13,"enemies":"3 Darklings","floor":37,"turns":5},{"damage":42,"enemies":"4 Shapes","floor":41,"turns":4},{"damage":12,"enemies":"Maw","floor":44,"turns":4},{"damage":3,"enemies":"Sphere and 2 Shapes","floor":46,"turns":3},{"damage":13,"enemies":"3 Darklings","floor":48,"turns":4},{"damage":54,"enemies":"Donu and Deca","floor":50,"turns":7}],"event_choices":[{"event_name":"World of Goop","player_choice":"Gather Gold","floor":2,"damage_taken":0},{"event_name":"Golden Idol","player_choice":"Take Damage","floor":3,"damage_taken":0},{"event_name":"The Library","player_choice":"Read","floor":20,"damage_taken":0},{"event_name":"Back to Basics","player_choice":"Simplicity","floor":21,"damage_taken":0},{"event_name":"The Mausoleum","player_choice":"Yes","floor":22,"damage_taken":0},{"event_name":"Tomb of Lord Red Mask","player_choice":"Paid","floor":39,"damage_taken":0}],"boss_relics":[{"not_picked":["Snecko Eye","The Specimen"],"picked":"Velvet Choker"},{"not_picked":["Eternal Feather","Orrery"],"picked":"Astrolabe"}],"potions_floor_spawned":[4,5,13,23,29,33,37,44,46,48],"seed_played":"8035475458630058114","ascension_level":0,"is_trial":false}