{"gold_per_floor":[112,124,199,216,216,249,261,261,261,261,289,307,326,341,341,444,444,455,470,420,52,52,52,86,106,106,106],"floor_reached":27,"playtime":1299,"items_purged":["Strike_B"],"score":235,"play_id":"60e7ea62-33f6-4122-bca6-e82e64d04461","local_time":"20190417223308","is_ascension_mode":false,"campfire_choices":[{"floor":8,"key":"REST"},{"floor":10,"key":"REST"},{"data":"Biased Cognition","floor":15,"key":"SMITH"},{"data":"Defragment","floor":23,"key":"SMITH"}],"neow_cost":"NONE","seed_source_timestamp":121369085695653,"circlet_count":0,"master_deck":["Strike_B","Strike_B","Strike_B","Defend_B","Defend_B","Defend_B","Defend_B","Zap+1","Dualcast","Biased Cognition+1","Conserve Battery","Chill","Sweeping Beam+1","Defragment+1","Loop","Sweeping Beam","Darkness","White Noise","Barrage","Creative AI","Compile Driver","FTL","Redo","Capacitor","Defragment+1","Capacitor+1"],"relics":["Cracked Core","Boot","Regal Pillow","Odd Mushroom","Velvet Choker","Pantograph","Frozen Egg 2","Incense Burner"],"potions_floor_usage":[],"damage_taken":[{"damage":7,"enemies":"2 Louse","floor":1,"turns":2},{"damage":1,"enemies":"Jaw Worm","floor":2,"turns":3},{"damage":0,"enemies":"Small Slimes","floor":4,"turns":3},{"damage":25,"enemies":"Gremlin Nob","floor":6,"turns":4},{"damage":11,"enemies":"Exordium Thugs","floor":7,"turns":5},{"damage":6,"enemies":"The Mushroom Lair","floor":11,"turns":4},{"damage":0,"enemies":"Blue Slaver","floor":12,"turns":3},{"damage":0,"enemies":"2 Fungi Beasts","floor":13,"turns":3},{"damage":11,"enemies":"Red Slaver","floor":14,"turns":4},{"damage":25,"enemies":"Hexaghost","floor":16,"turns":6},{"damage":1,"enemies":"Chosen","floor":18,"turns":4},{"damage":13,"enemies":"2 Thieves","floor":19,"turns":3},{"damage":27,"enemies":"Book of Stabbing","floor":24,"turns":4},{"damage":29,"enemies":"Snecko","floor":25,"turns":7},{"damage":6,"enemies":"Shelled Parasite and Fungi","floor":27,"turns":1}],"seed_played":"4760172195386488688","potions_obtained":[{"floor":7,"key":"FearPotion"},{"floor":11,"key":"SkillPotion"},{"floor":12,"key":"EssenceOfSteel"}],"is_trial":false,"path_per_floor":["M","M","?","M","?","E","M","R","T","R","?","M","M","M","R","B",null,"M","M","?","$","?","R","E","M","T","M"],"character_chosen":"DEFECT","items_purchased":["Pantograph","Redo"],"campfire_rested":2,"item_purchase_floors":[21,21],"current_hp_per_floor":[68,67,56,56,41,16,5,27,27,64,58,58,58,47,47,22,75,74,61,61,61,61,61,34,5,5,0],"gold":106,"neow_bonus":"ONE_RANDOM_RARE_CARD","is_prod":false,"is_daily":false,"chose_seed":false,"campfire_upgraded":2,"win_rate":0.0,"timestamp":1555520588,"path_taken":["M","M","?","M","?","E","M","R","T","R","?","M","M","M","R","BOSS","M","M","?","?","?","R","E","M","T","M"],"build_version":"2019-01-23","purchased_purges":1,"victory":false,"max_hp_per_floor":[75,75,75,75,75,75,75,75,75,75,75,75,75,75,75,75,75,75,75,75,75,75,75,75,75,75,75],"card_choices":[{"not_picked":["Beam Cell","Chaos"],"picked":"Conserve Battery","floor":1},{"not_picked":["Gash","Redo"],"picked":"Chill","floor":2},{"not_picked":["Beam Cell","Hologram"],"picked":"Sweeping Beam","floor":4},{"not_picked":["Rebound","Gash"],"picked":"Defragment","floor":6},{"not_picked":["Rip and Tear","Defragment"],"picked":"Loop","floor":7},{"not_picked":["Compile Driver","Redo"],"picked":"Sweeping Beam","floor":11},{"not_picked":["Force Field","Conserve Battery"],"picked":"Darkness","floor":12},{"not_picked":["Scrape","Loop"],"picked":"White Noise","floor":13},{"not_picked":["Rebound","Reboot"],"picked":"Barrage","floor":14},{"not_picked":["Multi-Cast","Rainbow"],"picked":"Creative AI","floor":16},{"not_picked":["Barrage","Hologram"],"picked":"Compile Driver","floor":18},{"not_picked":["Conserve Battery+1","Steam"],"picked":"FTL","floor":19},{"not_picked":["Coolheaded+1","Glacier"],"picked":"Defragment","floor":24},{"not_picked":["Beam Cell","Consume"],"picked":"Capacitor+1","floor":25}],"player_experience":23717,"relics_obtained":[{"floor":6,"key":"Boot"},{"floor":9,"key":"Regal Pillow"},{"floor":11,"key":"Odd Mushroom"},{"floor":24,"key":"Frozen Egg 2"},{"floor":26,"key":"Incense Burner"}],"event_choices":[{"damage_healed":0,"gold_gain":75,"player_choice":"Gather Gold","damage_taken":11,"max_hp_gain":0,"max_hp_loss":0,"event_name":"World of Goop","floor":3,"gold_loss":0},{"damage_healed":0,"gold_gain":0,"player_choice":"Entered Light","damage_taken":15,"max_hp_gain":0,"max_hp_loss":0,"event_name":"Shining Light","floor":5,"gold_loss":0,"cards_upgraded":["Sweeping Beam","Zap"]},{"damage_healed":0,"gold_gain":0,"player_choice":"Fought Mushrooms","damage_taken":0,"max_hp_gain":0,"max_hp_loss":0,"event_name":"Mushrooms","floor":11,"gold_loss":0},{"damage_healed":0,"gold_gain":0,"player_choice":"Bet on Owner","damage_taken":0,"max_hp_gain":0,"max_hp_loss":0,"event_name":"The Joust","floor":20,"gold_loss":50},{"damage_healed":0,"gold_gain":0,"player_choice":"Read","damage_taken":0,"max_hp_gain":0,"max_hp_loss":0,"event_name":"The Library","floor":22,"gold_loss":0,"cards_obtained":["Capacitor"]}],"is_beta":false,"boss_relics":[{"not_picked":["White Beast Statue","Cursed Key"],"picked":"Velvet Choker"}],"items_purged_floors":[21],"is_endless":false,"potions_floor_spawned":[7,11,12,16,18],"killed_by":"Shelled Parasite and Fungi","ascension_level":0}