{"gold_per_floor":[110,110,129,144,244,279,290,290,340,340,351,351,366,376,376,376],"floor_reached":16,"playtime":327,"items_purged":[],"score":120,"play_id":"35f133a0-a932-4c74-9231-393752152b05","local_time":"20190331032645","is_ascension_mode":true,"campfire_choices":[{"data":"Heavy Blade","floor":8,"key":"SMITH"},{"data":"Flex","floor":10,"key":"SMITH"},{"floor":12,"key":"REST"},{"data":"Shockwave","floor":15,"key":"SMITH"}],"neow_cost":"NONE","seed_source_timestamp":842314879042602,"circlet_count":0,"master_deck":["Strike_R","Strike_R","Strike_R","Strike_R","Strike_R","Defend_R","Defend_R","Defend_R","Defend_R","Bash","Heavy Blade+1","Flex","Shockwave+1","Flex+1","Clothesline","Flex"],"relics":["Burning Blood","Gremlin Horn","Bag of Preparation"],"potions_floor_usage":[16],"damage_taken":[{"damage":6,"enemies":"Cultist","floor":1,"turns":3},{"damage":19,"enemies":"Jaw Worm","floor":3,"turns":3},{"damage":0,"enemies":"2 Louse","floor":4,"turns":2},{"damage":30,"enemies":"Lagavulin","floor":6,"turns":5},{"damage":24,"enemies":"Large Slime","floor":7,"turns":7},{"damage":6,"enemies":"Looter","floor":11,"turns":2},{"damage":8,"enemies":"Blue Slaver","floor":13,"turns":2},{"damage":5,"enemies":"Red Slaver","floor":14,"turns":2},{"damage":64,"enemies":"Slime Boss","floor":16,"turns":6}],"seed_played":"-1054139606754037000","potions_obtained":[{"floor":3,"key":"Weak Potion"},{"floor":4,"key":"LiquidBronze"},{"floor":11,"key":"SkillPotion"},{"floor":14,"key":"Strength Potion"}],"is_trial":false,"path_per_floor":["M","$","M","M","?","E","M","R","T","R","M","R","M","M","R","B"],"character_chosen":"IRONCLAD","items_purchased":[],"campfire_rested":1,"item_purchase_floors":[],"current_hp_per_floor":[88,88,75,81,81,57,39,39,39,39,39,65,63,64,64,0],"gold":376,"neow_bonus":"TEN_PERCENT_HP_BONUS","is_prod":false,"is_daily":false,"chose_seed":false,"campfire_upgraded":3,"win_rate":0,"timestamp":1553999205,"path_taken":["M","?","?","M","?","E","M","R","T","R","M","R","M","?","R","BOSS"],"build_version":"2019-01-23","purchased_purges":0,"victory":false,"max_hp_per_floor":[88,88,88,88,88,88,88,88,88,88,88,88,88,88,88,88],"card_choices":[{"not_picked":["True Grit","Iron Wave"],"picked":"Heavy Blade","floor":1},{"not_picked":["Armaments","Sever Soul"],"picked":"Flex","floor":3},{"not_picked":["Reckless Charge","Burning Pact"],"picked":"Shockwave","floor":4},{"not_picked":["Bloodletting","Sentinel","Fiend Fire"],"picked":"SKIP","floor":6},{"not_picked":["Sword Boomerang","Havoc"],"picked":"Flex","floor":7},{"not_picked":["Sword Boomerang","Warcry"],"picked":"Clothesline","floor":11},{"not_picked":["Infernal Blade","Warcry","Perfected Strike"],"picked":"SKIP","floor":13},{"not_picked":["Fire Breathing","Anger"],"picked":"Flex","floor":14}],"player_experience":333991,"relics_obtained":[{"floor":6,"key":"Gremlin Horn"},{"floor":9,"key":"Bag of Preparation"}],"event_choices":[{"damage_healed":0,"gold_gain":100,"player_choice":"Gold","damage_taken":0,"max_hp_gain":0,"max_hp_loss":0,"event_name":"Wheel of Change","floor":5,"gold_loss":0}],"is_beta":false,"boss_relics":[],"items_purged_floors":[],"is_endless":false,"potions_floor_spawned":[3,4,11,14],"killed_by":"Slime Boss","ascension_level":3}