{"gold_per_floor":[112,112,4,17,30,30,60,121,121,154,154,182,195,250,250,323,323,335,435,449,178,68,98,98,123,170,181,181,181,181,209,209,288,288,300,315,315,590,607,607,639,201,201,201,151,151,181,192,192,192,192,192,192,2,29,29],"floor_reached":57,"playtime":2516,"items_purged":["Strike_R","Regret","Regret"],"score":2789,"play_id":"63071ad5-aeb2-450e-8474-565e42c7585b","local_time":"20190303235856","is_ascension_mode":true,"campfire_choices":[{"data":"Immolate","floor":6.0,"key":"SMITH"},{"data":"Inflame","floor":15.0,"key":"SMITH"},{"data":"Limit Break","floor":24.0,"key":"SMITH"},{"floor":28.0,"key":"REST"},{"data":"Ghostly","floor":32.0,"key":"SMITH"},{"data":"Ghostly","floor":40.0,"key":"SMITH"},{"data":"Disarm","floor":44.0,"key":"SMITH"},{"floor":46.0,"key":"RECALL"},{"floor":49.0,"key":"REST"},{"data":"Ghostly","floor":53.0,"key":"SMITH"}],"neow_cost":"NONE","seed_source_timestamp":2831576981674218,"circlet_count":0,"master_deck":["AscendersBane","Strike_R","Strike_R","Defend_R","Defend_R+1","Defend_R+1","Defend_R","Bash+1","Immolate+1","Spot Weakness","Headbutt+1","True Grit+1","Inflame+1","Iron Wave+1","Whirlwind+1","Impervious","Limit Break+1","Iron Wave+1","Limit Break","Ghostly+1","Ghostly+1","Ghostly+1","Shrug It Off","Heavy Blade+1","Blind","Exhume","Disarm+1","Injury","Limit Break","Heavy Blade+1","Evolve+1"],"special_seed":0,"relics":["Burning Blood","Gremlin Horn","Ornamental Fan","Molten Egg 2","War Paint","Meat on the Bone","Smiling Mask","Cursed Key","Unceasing Top","Shuriken","Membership Card","Frozen Egg 2","Happy Flower","Bottled Tornado","Velvet Choker","MawBank","Pocketwatch","Potion Belt","Kunai","Girya","Incense Burner","Bottled Lightning"],"potions_floor_usage":[56,56,56,56,56,56,56,56],"damage_taken":[{"damage":4.0,"enemies":"Jaw Worm","floor":1.0,"turns":5.0},{"damage":1.0,"enemies":"Cultist","floor":4.0,"turns":3.0},{"damage":7.0,"enemies":"2 Louse","floor":5.0,"turns":2.0},{"damage":48.0,"enemies":"Lagavulin","floor":7.0,"turns":10.0},{"damage":8.0,"enemies":"3 Sentries","floor":8.0,"turns":4.0},{"damage":8.0,"enemies":"Gremlin Nob","floor":10.0,"turns":3.0},{"damage":2.0,"enemies":"3 Sentries","floor":12.0,"turns":2.0},{"damage":6.0,"enemies":"Looter","floor":13.0,"turns":3.0},{"damage":23.0,"enemies":"Hexaghost","floor":16.0,"turns":7.0},{"damage":0.0,"enemies":"3 Byrds","floor":18.0,"turns":4.0},{"damage":18.0,"enemies":"Colosseum Slavers","floor":19.0,"turns":4.0},{"damage":7.0,"enemies":"Colosseum Nobs","floor":19.0,"turns":2.0},{"damage":4.0,"enemies":"Shell Parasite","floor":20.0,"turns":3.0},{"damage":18.0,"enemies":"Slavers","floor":23.0,"turns":3.0},{"damage":42.0,"enemies":"Book of Stabbing","floor":25.0,"turns":5.0},{"damage":22.0,"enemies":"Snecko","floor":27.0,"turns":5.0},{"damage":12.0,"enemies":"Gremlin Leader","floor":31.0,"turns":4.0},{"damage":1.0,"enemies":"Collector","floor":33.0,"turns":6.0},{"damage":0.0,"enemies":"Orb Walker","floor":35.0,"turns":3.0},{"damage":5.0,"enemies":"3 Shapes","floor":36.0,"turns":3.0},{"damage":9.0,"enemies":"Sphere and 2 Shapes","floor":39.0,"turns":5.0},{"damage":4.0,"enemies":"Reptomancer","floor":41.0,"turns":4.0},{"damage":18.0,"enemies":"Giant Head","floor":47.0,"turns":7.0},{"damage":29.0,"enemies":"Jaw Worm Horde","floor":48.0,"turns":4.0},{"damage":24.0,"enemies":"Awakened One","floor":50.0,"turns":8.0},{"damage":13.0,"enemies":"Donu and Deca","floor":51.0,"turns":5.0},{"damage":9.0,"enemies":"Shield and Spear","floor":55.0,"turns":9.0},{"damage":6,"enemies":"The Heart","floor":56,"turns":8}],"seed_played":"1882252603281138210","potions_obtained":[{"floor":1.0,"key":"SkillPotion"},{"floor":7.0,"key":"GamblersBrew"},{"floor":8.0,"key":"SkillPotion"},{"floor":18.0,"key":"PowerPotion"},{"floor":20.0,"key":"BloodPotion"},{"floor":33.0,"key":"Explosive Potion"},{"floor":39.0,"key":"Ancient Potion"}],"is_trial":false,"path_per_floor":["M","?","$","M","M","R","E","?","T","E","?","E","M","T","R","B",null,"M","?","M","$","?","E","R","E","T","M","R","?","?","E","R","B",null,"M","M","?","?","M","R","E","$","T","R","$","R","E","M","R","B","B",null,"R","$","E","B",null],"character_chosen":"IRONCLAD","items_purchased":["Spot Weakness","Headbutt","Membership Card","Disarm","PowerPotion","Pocketwatch","Potion Belt","EntropicBrew","SteroidPotion","Evolve+1","Incense Burner"],"campfire_rested":2,"item_purchase_floors":[3,3,21,42,42,42,42,42,42,54,54],"current_hp_per_floor":[77,77,77,82,81,81,39,37,37,35,10,14,26,26,26,21,67,73,60,62,62,62,50,50,34,34,30,54,54,41,35,35,40,41,41,41,36,36,33,33,35,35,35,35,35,35,35,24,36,30,35,40,40,40,37,41],"gold":29,"neow_bonus":"TEN_PERCENT_HP_BONUS","is_prod":false,"is_daily":false,"chose_seed":false,"campfire_upgraded":7,"win_rate":0,"timestamp":1551686336,"path_taken":["M","?","$","?","M","R","E","?","T","E","?","E","M","?","R","BOSS","M","?","M","$","?","E","R","E","T","?","R","?","?","E","R","BOSS","M","M","?","?","M","R","E","$","T","R","$","R","E","?","R","BOSS","BOSS","R","$","E","BOSS"],"build_version":"2019-02-06","purchased_purges":3,"victory":true,"max_hp_per_floor":[82,82,82,82,82,82,82,82,82,82,82,82,82,82,82,82,82,82,82,82,82,82,82,82,82,82,82,82,82,41,41,41,41,41,41,41,41,41,41,41,41,41,41,41,41,41,41,41,41,41,41,41,41,41,41,41],"card_choices":[{"not_picked":["Searing Blow","Headbutt","Entrench"],"picked":"SKIP","floor":1.0},{"not_picked":["Power Through","Sentinel","Cleave"],"picked":"SKIP","floor":4.0},{"not_picked":["Sword Boomerang","Sever Soul"],"picked":"True Grit","floor":5.0},{"not_picked":["Entrench","Rupture"],"picked":"Inflame","floor":7.0},{"not_picked":["Bloodletting","Body Slam+1"],"picked":"Iron Wave+1","floor":10.0},{"not_picked":["Spot Weakness","Flex"],"picked":"Whirlwind+1","floor":12.0},{"not_picked":["Dropkick+1","Havoc","Clash+1"],"picked":"SKIP","floor":13.0},{"not_picked":["Dropkick+1","Havoc","Clash+1"],"picked":"SKIP","floor":13.0},{"not_picked":["Exhume","Juggernaut"],"picked":"Impervious","floor":16.0},{"not_picked":["Cleave+1","Rupture","Headbutt+1"],"picked":"SKIP","floor":18.0},{"not_picked":["Bloodletting","Feed+1"],"picked":"Limit Break","floor":23.0},{"not_picked":["Headbutt+1","Wild Strike+1"],"picked":"Iron Wave+1","floor":25.0},{"not_picked":["Armaments","Pommel Strike+1"],"picked":"Limit Break","floor":27.0},{"not_picked":["Headbutt+1","Feel No Pain+1","Combust+1"],"picked":"SKIP","floor":31.0},{"not_picked":["Perfected Strike+1","Clash+1"],"picked":"Shrug It Off","floor":35.0},{"not_picked":["Sword Boomerang+1","Dropkick+1"],"picked":"Heavy Blade+1","floor":36.0},{"not_picked":["Secret Weapon","Jack Of All Trades"],"picked":"Blind","floor":37.0},{"not_picked":["Armaments","Twin Strike+1","Wild Strike+1"],"picked":"SKIP","floor":39.0},{"not_picked":["Body Slam+1","Intimidate"],"picked":"Exhume","floor":41.0},{"not_picked":["Sentinel","Rampage+1"],"picked":"Limit Break","floor":47.0},{"not_picked":["Power Through","Intimidate"],"picked":"Heavy Blade+1","floor":48.0},{"not_picked":["Dual Wield","Rampage+1","Evolve+1"],"picked":"SKIP","floor":55.0}],"player_experience":1305395,"relics_obtained":[{"floor":7.0,"key":"Gremlin Horn"},{"floor":8.0,"key":"Ornamental Fan"},{"floor":9.0,"key":"Molten Egg 2"},{"floor":10.0,"key":"War Paint"},{"floor":12.0,"key":"Meat on the Bone"},{"floor":14.0,"key":"Smiling Mask"},{"floor":19.0,"key":"Unceasing Top"},{"floor":19.0,"key":"Shuriken"},{"floor":23.0,"key":"Frozen Egg 2"},{"floor":25.0,"key":"Happy Flower"},{"floor":31.0,"key":"Bottled Tornado"},{"floor":41.0,"key":"MawBank"},{"floor":43.0,"key":"Kunai"},{"floor":47.0,"key":"Girya"},{"floor":55.0,"key":"Bottled Lightning"}],"event_choices":[{"damage_healed":0.0,"max_hp_gain":0.0,"max_hp_loss":0.0,"gold_gain":0.0,"cards_transformed":["Strike_R"],"event_name":"Transmorgrifier","player_choice":"Transformed","floor":2.0,"gold_loss":0.0,"damage_taken":0.0,"cards_obtained":["Immolate"]},{"damage_healed":0.0,"max_hp_gain":0.0,"max_hp_loss":0.0,"gold_gain":30.0,"event_name":"Dead Adventurer","player_choice":"Searched \u00272\u0027 times","floor":8.0,"gold_loss":0.0,"damage_taken":0.0},{"damage_healed":0.0,"max_hp_gain":0.0,"max_hp_loss":0.0,"gold_gain":0.0,"event_name":"Shining Light","player_choice":"Entered Light","floor":11.0,"gold_loss":0.0,"damage_taken":25.0,"cards_upgraded":["Headbutt","Bash"]},{"damage_healed":0.0,"max_hp_gain":0.0,"max_hp_loss":0.0,"gold_gain":0.0,"event_name":"Colosseum","player_choice":"Fight","floor":19.0,"gold_loss":0.0,"damage_taken":0.0},{"damage_healed":0.0,"max_hp_gain":0.0,"max_hp_loss":0.0,"gold_gain":0.0,"event_name":"Colosseum","player_choice":"Fought Nobs","floor":19.0,"gold_loss":0.0,"damage_taken":0.0},{"cards_removed":["Strike_R"],"damage_healed":0.0,"max_hp_gain":0.0,"max_hp_loss":0.0,"gold_gain":0.0,"event_name":"Designer","player_choice":"Upgrade and Remove","floor":22.0,"gold_loss":110.0,"damage_taken":0.0,"cards_upgraded":["True Grit"]},{"damage_healed":0.0,"max_hp_gain":0.0,"max_hp_loss":0.0,"gold_gain":0.0,"event_name":"Vampires","player_choice":"Ignored","floor":29.0,"gold_loss":0.0,"damage_taken":0.0},{"damage_healed":0.0,"max_hp_gain":0.0,"max_hp_loss":41.0,"gold_gain":0.0,"event_name":"Ghosts","player_choice":"Became a Ghost","floor":30.0,"gold_loss":0.0,"damage_taken":0.0,"cards_obtained":["Ghostly","Ghostly","Ghostly"]},{"damage_healed":0.0,"max_hp_gain":0.0,"max_hp_loss":0.0,"gold_gain":0.0,"event_name":"SensoryStone","player_choice":"Memory 2","floor":37.0,"gold_loss":0.0,"damage_taken":5.0},{"damage_healed":0.0,"max_hp_gain":0.0,"max_hp_loss":0.0,"gold_gain":275.0,"event_name":"Golden Shrine","player_choice":"Desecrate","floor":38.0,"gold_loss":0.0,"damage_taken":0.0,"cards_obtained":["Regret"]}],"is_beta":true,"boss_relics":[{"not_picked":["Busted Crown","White Beast Statue"],"picked":"Cursed Key"},{"not_picked":["Black Blood","Pandora\u0027s Box"],"picked":"Velvet Choker"}],"items_purged_floors":[21,42,45],"is_endless":false,"potions_floor_spawned":[1,7,8,18,19,20,33,39,47,48],"ascension_level":20}