{"path_per_floor":["M","?","M","?","M","E","R","M","T","$","R","E","R","T","R","B",null,"M","?","M","$","?","R","E","R","T","?","$","M","E","M","R","B",null,"M","?","?","?","M","R","E","R","T","M","M","M","$","?","R","B"],"character_chosen":"IRONCLAD","items_purchased":["Flex","Inflame","Shrug It Off","Mummified Hand"],"gold_per_floor":[118,118,135,135,147,181,181,201,274,199,199,224,224,301,301,405,405,417,417,437,285,285,285,315,315,315,240,240,252,283,294,294,392,392,408,408,408,408,427,427,462,462,462,473,493,504,48,48,48,48],"floor_reached":51,"campfire_rested":2,"playtime":3350,"current_hp_per_floor":[80,80,80,80,80,68,68,59,59,59,59,54,54,54,54,51,80,66,66,67,67,67,67,39,39,39,39,39,26,16,34,58,52,80,57,57,57,47,46,46,47,47,47,50,33,58,58,58,80,20],"items_purged":["Strike_R","Strike_R","Clumsy"],"gold":48,"score":747,"play_id":"acd8fc26-fa92-4d91-bc31-1fa81cec8332","local_time":"20180319004629","is_prod":false,"is_daily":false,"is_ascension_mode":false,"campfire_upgraded":8,"timestamp":1521434789,"path_taken":["M","?","M","?","?","E","R","M","T","$","R","E","R","?","R","BOSS","M","?","M","$","?","R","E","R","T","?","$","M","E","M","R","BOSS","M","?","?","?","?","R","E","R","T","M","M","M","$","?","R","BOSS"],"build_version":"2018-03-15v3","purchased_purges":3,"victory":true,"master_deck":["Strike_R+1","Strike_R+1","Strike_R+1","Defend_R+1","Defend_R+1","Defend_R+1","Bash+1","Pommel Strike+1","Flex+1","Sword Boomerang+1","Heavy Blade+1","Limit Break+1","Twin Strike","Evolve+1","Flex+1","Heavy Blade+1","Heavy Blade+1","Demon Form+1","Heavy Blade+1","Bandage Up","Madness+1","Madness","Shrug It Off","Infernal Blade+1","Warcry+1","Inflame+1","Shrug It Off"],"max_hp_per_floor":[80,80,80,80,80,80,80,80,80,80,80,80,80,80,80,80,80,80,80,80,80,80,80,80,80,80,80,80,80,80,80,80,80,80,80,80,80,80,80,80,80,80,80,80,80,80,80,80,80,80],"relics":["Burning Blood","Bottled Flame","Shuriken","Frozen Egg 2","Self Forming Clay","Velvet Choker","Blood Vial","Lantern","Meat on the Bone","Lizard Tail","Charon\u0027s Ashes","Matryoshka","Mummified Hand"],"card_choices":[{"not_picked":["Power Through","Havoc"],"picked":"Pommel Strike"},{"not_picked":["Juggernaut","Clash"],"picked":"Flex"},{"not_picked":["Intimidate","Wild Strike"],"picked":"Sword Boomerang"},{"not_picked":["Flex","Clash"],"picked":"Heavy Blade"},{"not_picked":["Dark Embrace","Reaper"],"picked":"Limit Break"},{"not_picked":["Sentinel","Fire Breathing"],"picked":"Twin Strike"},{"not_picked":["Uppercut","Cleave"],"picked":"Evolve"},{"not_picked":["Fiend Fire","Anger"],"picked":"Heavy Blade"},{"not_picked":["Juggernaut","Feed"],"picked":"Demon Form"},{"not_picked":["Cleave","Havoc"],"picked":"Heavy Blade"},{"not_picked":["Perfected Strike","Thunderclap"],"picked":"Shrug It Off"},{"not_picked":["Thunderclap","Iron Wave"],"picked":"Infernal Blade"},{"not_picked":["Thunderclap","Juggernaut"],"picked":"Warcry"}],"player_experience":76651,"potions_floor_usage":[50,50,50],"damage_taken":[{"damage":0.0,"enemies":"Small Slimes","floor":1.0,"turns":5.0},{"damage":6.0,"enemies":"Cultist","floor":3.0,"turns":3.0},{"damage":1.0,"enemies":"Jaw Worm","floor":5.0,"turns":4.0},{"damage":18.0,"enemies":"Lagavulin","floor":6.0,"turns":3.0},{"damage":15.0,"enemies":"Gremlin Gang","floor":8.0,"turns":5.0},{"damage":11.0,"enemies":"3 Sentries","floor":12.0,"turns":4.0},{"damage":9.0,"enemies":"Slime Boss","floor":16.0,"turns":7.0},{"damage":20.0,"enemies":"2 Thieves","floor":18.0,"turns":4.0},{"damage":5.0,"enemies":"3 Byrds","floor":20.0,"turns":4.0},{"damage":34.0,"enemies":"Slavers","floor":24.0,"turns":5.0},{"damage":21.0,"enemies":"Snake Plant","floor":29.0,"turns":2.0},{"damage":18.0,"enemies":"Book of Stabbing","floor":30.0,"turns":4.0},{"damage":2.0,"enemies":"Cultist and Chosen","floor":31.0,"turns":3.0},{"damage":26.0,"enemies":"Automaton","floor":33.0,"turns":6.0},{"damage":29.0,"enemies":"3 Darklings","floor":35.0,"turns":4.0},{"damage":25.0,"enemies":"3 Shapes","floor":39.0,"turns":3.0},{"damage":23.0,"enemies":"Giant Head","floor":41.0,"turns":5.0},{"damage":21,"enemies":"Sphere and 2 Shapes","floor":44,"turns":4},{"damage":41,"enemies":"Maw","floor":45,"turns":5},{"damage":35,"enemies":"3 Darklings","floor":46,"turns":3},{"damage":82,"enemies":"Awakened One","floor":50,"turns":7}],"event_choices":[{"event_name":"The Lab","player_choice":"Got Potions","floor":2.0,"damage_taken":0.0},{"event_name":"Upgrade Shrine","player_choice":"Upgraded","floor":4.0,"damage_taken":0.0},{"event_name":"Back to Basics","player_choice":"Simplicity","floor":19.0,"damage_taken":0.0},{"event_name":"The Library","player_choice":"Read","floor":22.0,"damage_taken":0.0},{"event_name":"Beggar","player_choice":"Gave Gold","floor":27.0,"damage_taken":0.0},{"event_name":"Mysterious Sphere","player_choice":"Ignore","floor":36.0,"damage_taken":0.0},{"event_name":"Match and Keep!","player_choice":"2 cards matched","floor":37.0,"damage_taken":0.0},{"event_name":"Winding Halls","player_choice":"Embrace Madness","floor":38.0,"damage_taken":0.0},{"event_name":"Accursed Blacksmith","player_choice":"Ignore","floor":48,"damage_taken":0}],"boss_relics":[],"potions_floor_spawned":[3,6,16,29,30,39,45,46],"seed_played":"-4434306962724467718","ascension_level":0,"is_trial":false}