{"path_per_floor":["M","M","$","?","?","R","M","E","T","?","M","E","M","M","R","B",null,"M","M","$","?","?","R","E","R","T","R","M","M","E","?","R","B",null,"M","?","$","M","?","E","?","M","T","?","E","$","M","M","R","B"],"character_chosen":"IRONCLAD","items_purchased":["Shrug It Off","Apotheosis","Shrug It Off","Magic Flower","Heavy Blade"],"gold_per_floor":[114,131,32,32,32,32,46,72,72,147,164,193,206,223,223,320,320,339,356,56,56,56,56,87,87,87,87,99,119,151,151,151,248,248,262,308,15,32,32,64,64,74,74,74,107,55,66,76,76,76],"floor_reached":51,"campfire_rested":1,"playtime":5113,"current_hp_per_floor":[68,72,72,72,58,58,72,55,55,44,35,16,32,45,45,33,72,72,70,70,70,70,70,52,52,52,52,58,64,37,37,58,46,72,70,71,71,72,72,72,62,72,72,72,72,72,68,72,72,64],"items_purged":["Strike_R","Defend_R"],"gold":76,"play_id":"299ae14b-f7c7-475e-9bdc-9af0047cf436","is_prod":false,"is_daily":false,"is_ascension_mode":false,"campfire_upgraded":3,"path_taken":["M","M","$","?","?","R","M","E","T","?","M","E","M","M","R","BOSS","M","M","$","?","?","R","E","R","T","R","M","M","E","?","R","BOSS","M","?","$","?","?","E","?","M","T","?","E","$","?","M","R","BOSS"],"build_version":"2018-01-25-PROD3","purchased_purges":2,"victory":true,"master_deck":["Strike_R+1","Defend_R","Bash","Flex","Feel No Pain+1","Shrug It Off","Reaper+1","Metallicize","Heavy Blade+1","Armaments","Flex","Reaper","Whirlwind","Apotheosis+1","Shrug It Off","Warcry","Warcry","Clash+1","Heavy Blade","Seeing Red","Reaper","Pommel Strike","Headbutt+1","Warcry+1","Inflame+1","Spot Weakness","Spot Weakness+1","Madness","Thunderclap+1","Heavy Blade"],"max_hp_per_floor":[72,72,72,72,72,72,72,72,72,72,72,72,72,72,72,72,72,72,72,72,72,72,72,72,72,72,72,72,72,72,72,72,72,72,72,72,72,72,72,72,72,72,72,72,72,72,72,72,72,72],"relics":["Burning Blood","Girya","Torii","Darkstone Periapt","Velvet Choker","Gremlin Horn","Sundial","Bottled Tornado","Orrery","Red Skull","Magic Flower","Lantern","Letter Opener","Bird Faced Urn","Bag of Preparation"],"card_choices":[{"not_picked":["Pummel","Clothesline"],"picked":"Flex"},{"not_picked":["Sever Soul","Twin Strike"],"picked":"Feel No Pain"},{"not_picked":["Searing Blow","Heavy Blade"],"picked":"Metallicize"},{"not_picked":["Rupture","Clash"],"picked":"Heavy Blade"},{"not_picked":["Cleave","Shrug It Off"],"picked":"Armaments"},{"not_picked":["Twin Strike","Pummel"],"picked":"Flex"},{"not_picked":["Berserk","Barricade"],"picked":"Reaper"},{"not_picked":["Blood for Blood","Iron Wave"],"picked":"Whirlwind"},{"not_picked":["Body Slam","Bloodletting"],"picked":"Warcry"},{"not_picked":["Clash","Body Slam"],"picked":"Warcry"},{"not_picked":["Feel No Pain","Power Through"],"picked":"Clash"},{"not_picked":["Iron Wave","Second Wind"],"picked":"Heavy Blade"},{"not_picked":["Barricade","Juggernaut"],"picked":"Reaper"},{"not_picked":["Rupture","Disarm"],"picked":"Pommel Strike"},{"not_picked":["Sword Boomerang","Uppercut"],"picked":"Headbutt"},{"not_picked":["True Grit","Rage"],"picked":"Warcry"},{"not_picked":["True Grit","Heavy Blade"],"picked":"Inflame"},{"not_picked":["Demon Form","Corruption"],"picked":"Spot Weakness"},{"not_picked":["Cleave","Shockwave"],"picked":"Spot Weakness"},{"not_picked":["Hemokinesis","Sword Boomerang"],"picked":"Thunderclap"}],"player_experience":39583,"potions_floor_usage":[16,33,45,50],"damage_taken":[{"damage":10.0,"enemies":"Jaw Worm","floor":1.0,"turns":4.0},{"damage":0.0,"enemies":"Small Slimes","floor":2.0,"turns":2.0},{"damage":1.0,"enemies":"Cultist","floor":7.0,"turns":4.0},{"damage":30.0,"enemies":"Lagavulin","floor":8.0,"turns":8.0},{"damage":15.0,"enemies":"Exordium Thugs","floor":11.0,"turns":4.0},{"damage":32,"enemies":"Gremlin Nob","floor":12,"turns":5},{"damage":0,"enemies":"2 Fungi Beasts","floor":13,"turns":5},{"damage":8,"enemies":"3 Louse","floor":14,"turns":4},{"damage":24,"enemies":"The Guardian","floor":16,"turns":13},{"damage":1,"enemies":"Chosen","floor":18,"turns":8},{"damage":16,"enemies":"Shell Parasite","floor":19,"turns":10},{"damage":45,"enemies":"Book of Stabbing","floor":24,"turns":6},{"damage":0,"enemies":"Centurion and Healer","floor":28,"turns":2},{"damage":0,"enemies":"Snake Plant","floor":29,"turns":2},{"damage":33,"enemies":"Gremlin Leader","floor":30,"turns":4},{"damage":46,"enemies":"Collector","floor":33,"turns":5},{"damage":8,"enemies":"Orb Walker","floor":35,"turns":3},{"damage":26,"enemies":"Mysterious Sphere","floor":36,"turns":4},{"damage":31,"enemies":"3 Darklings","floor":38,"turns":4},{"damage":57,"enemies":"Nemesis","floor":40,"turns":7},{"damage":8,"enemies":"Sphere and 2 Shapes","floor":42,"turns":2},{"damage":24,"enemies":"Giant Head","floor":45,"turns":7},{"damage":30,"enemies":"4 Shapes","floor":47,"turns":2},{"damage":1,"enemies":"Maw","floor":48,"turns":5},{"damage":39,"enemies":"Awakened One","floor":50,"turns":6}],"event_choices":[{"event_name":"Living Wall","player_choice":"Change","floor":4.0,"damage_taken":0.0},{"event_name":"Shining Light","player_choice":"Entered Light","floor":5.0,"damage_taken":0.0},{"event_name":"World of Goop","player_choice":"Gather Gold","floor":10.0,"damage_taken":0.0},{"event_name":"Bonfire Elementals","player_choice":"BASIC","floor":21,"damage_taken":0},{"event_name":"Back to Basics","player_choice":"Elegance","floor":22,"damage_taken":0},{"event_name":"The Library","player_choice":"Read","floor":31,"damage_taken":0},{"event_name":"Mysterious Sphere","player_choice":"Fight","floor":36,"damage_taken":0},{"event_name":"Accursed Blacksmith","player_choice":"Rummage","floor":39,"damage_taken":0},{"event_name":"Winding Halls","player_choice":"Embrace Madness","floor":41,"damage_taken":0}],"boss_relics":[{"not_picked":["Tiny House","Runic Pyramid"],"picked":"Velvet Choker"},{"not_picked":["Runic Cube","Calling Bell"],"picked":"Orrery"}],"potions_floor_spawned":[1,13,14,28,29,40,42,47],"seed_played":"6069066147990642337","ascension_level":0,"is_trial":false}