{"gold_per_floor":[359,86,86,86,86,120,120,153,203,216,52,52,73,109,109,109],"floor_reached":16,"playtime":500,"items_purged":["Strike_B"],"score":232,"play_id":"025ae22e-5d58-4e91-a77b-907f4832cdda","local_time":"20190301004651","is_ascension_mode":true,"campfire_choices":[{"data":"Zap","floor":7,"key":"SMITH"},{"data":"Doom and Gloom","floor":12,"key":"SMITH"},{"data":"Ball Lightning","floor":15,"key":"SMITH"}],"neow_cost":"PERCENT_DAMAGE","seed_source_timestamp":2667598611711191,"circlet_count":0,"master_deck":["AscendersBane","Strike_B","Strike_B","Strike_B","Defend_B","Defend_B+1","Defend_B","Defend_B","Zap+1","Dualcast","Conserve Battery+1","Ball Lightning+1","Glacier","Coolheaded","Doom and Gloom+1","Self Repair"],"relics":["Cracked Core","OrangePellets","Bag of Preparation","Golden Idol","War Paint","Ancient Tea Set","Blood Vial","Happy Flower"],"potions_floor_usage":[6,14,16],"damage_taken":[{"damage":2,"enemies":"Jaw Worm","floor":1,"turns":4},{"damage":4,"enemies":"Gremlin Nob","floor":6,"turns":3},{"damage":7,"enemies":"Lagavulin","floor":8,"turns":8},{"damage":1,"enemies":"Small Slimes","floor":10,"turns":3},{"damage":0,"enemies":"2 Louse","floor":13,"turns":2},{"damage":6,"enemies":"3 Sentries","floor":14,"turns":7},{"damage":32,"enemies":"Hexaghost","floor":16,"turns":11}],"seed_played":"2252186105174732651","potions_obtained":[{"floor":1,"key":"FocusPotion"},{"floor":6,"key":"EssenceOfSteel"},{"floor":10,"key":"Weak Potion"},{"floor":14,"key":"SkillPotion"}],"is_trial":false,"path_per_floor":["M","$","?","?","?","E","R","E","T","M","$","R","M","E","R","B"],"character_chosen":"DEFECT","items_purchased":["OrangePellets","Ball Lightning","Self Repair"],"campfire_rested":0,"item_purchase_floors":[2,2,11],"current_hp_per_floor":[44,44,33,33,33,29,29,22,22,23,23,23,25,28,28,0],"gold":109,"neow_bonus":"TWO_FIFTY_GOLD","is_prod":false,"is_daily":false,"chose_seed":false,"campfire_upgraded":3,"win_rate":0,"timestamp":1551430011,"path_taken":["M","$","?","?","?","E","R","E","T","M","$","R","?","E","R","BOSS"],"build_version":"2019-02-06","purchased_purges":1,"victory":false,"max_hp_per_floor":[71,71,71,71,64,64,64,64,64,64,64,64,64,64,64,64],"card_choices":[{"not_picked":["Rebound","White Noise"],"picked":"Conserve Battery","floor":1},{"not_picked":["Rainbow","Hello World"],"picked":"Glacier","floor":6},{"not_picked":["Tempest","Rainbow"],"picked":"Coolheaded","floor":8},{"not_picked":["Turbo","Go for the Eyes"],"picked":"Doom and Gloom","floor":10},{"not_picked":["Leap","Sweeping Beam","Auto Shields"],"picked":"SKIP","floor":13},{"not_picked":["Barrage","Streamline","Leap"],"picked":"SKIP","floor":14}],"player_experience":1292863,"relics_obtained":[{"floor":6,"key":"War Paint"},{"floor":8,"key":"Ancient Tea Set"},{"floor":9,"key":"Blood Vial"},{"floor":14,"key":"Happy Flower"}],"event_choices":[{"damage_healed":0,"gold_gain":0,"player_choice":"Success","damage_taken":11,"relics_obtained":["Bag of Preparation"],"max_hp_gain":0,"max_hp_loss":0,"event_name":"Scrap Ooze","floor":3,"gold_loss":0},{"damage_healed":0,"gold_gain":0,"player_choice":"Ignored","damage_taken":0,"max_hp_gain":0,"max_hp_loss":0,"event_name":"Shining Light","floor":4,"gold_loss":0},{"damage_healed":0,"gold_gain":0,"player_choice":"Lose Max HP","damage_taken":0,"relics_obtained":["Golden Idol"],"max_hp_gain":0,"max_hp_loss":7,"event_name":"Golden Idol","floor":5,"gold_loss":0}],"is_beta":true,"boss_relics":[],"items_purged_floors":[11],"is_endless":false,"potions_floor_spawned":[1,6,10,14],"killed_by":"Hexaghost","ascension_level":20}