{"gold_per_floor":[13,33,43,43,43,43,82,102,128,146,160,191,82,125,125,125],"floor_reached":16,"playtime":884,"items_purged":["Strike_G"],"score":122,"play_id":"1ffaadab-99b3-4933-97b2-7d2b51d0b9a2","local_time":"20190420221144","is_ascension_mode":false,"campfire_choices":[{"data":"Noxious Fumes","floor":6.0,"key":"SMITH"},{"data":"Caltrops","floor":15,"key":"SMITH"}],"neow_cost":"NO_GOLD","seed_source_timestamp":0,"circlet_count":0,"master_deck":["Defend_G","Defend_G","Defend_G","Defend_G","Strike_G","Strike_G","Strike_G","Survivor","Neutralize","Deadly Poison","Noxious Fumes+1","Well Laid Plans","Dodge and Roll","Deadly Poison","Dodge and Roll","Calculated Gamble","Caltrops","Caltrops+1","Deadly Poison"],"special_seed":0,"relics":["Ring of the Snake","Golden Idol","Omamori","Regal Pillow","Oddly Smooth Stone","Ginger"],"potions_floor_usage":[14],"damage_taken":[{"damage":2.0,"enemies":"Jaw Worm","floor":1.0,"turns":6.0},{"damage":0.0,"enemies":"Small Slimes","floor":2.0,"turns":5.0},{"damage":0.0,"enemies":"Cultist","floor":3.0,"turns":4.0},{"damage":18.0,"enemies":"Gremlin Nob","floor":7.0,"turns":4.0},{"damage":5.0,"enemies":"Blue Slaver","floor":8.0,"turns":5.0},{"damage":1.0,"enemies":"3 Louse","floor":10.0,"turns":4.0},{"damage":2.0,"enemies":"Large Slime","floor":11.0,"turns":6.0},{"damage":13.0,"enemies":"Lagavulin","floor":12.0,"turns":5.0},{"damage":11,"enemies":"Gremlin Nob","floor":14,"turns":5},{"damage":18,"enemies":"The Guardian","floor":16,"turns":2}],"seed_played":"-9096125076939620","potions_obtained":[{"floor":2.0,"key":"Poison Potion"},{"floor":7.0,"key":"Ancient Potion"},{"floor":8.0,"key":"SpeedPotion"},{"floor":11.0,"key":"AttackPotion"}],"is_trial":false,"path_per_floor":["M","M","M","?","?","R","E","M","T","M","M","E","$","E","R","B"],"character_chosen":"THE_SILENT","items_purchased":["Caltrops"],"campfire_rested":0,"item_purchase_floors":[13],"current_hp_per_floor":[68,68,68,68,51,51,33,28,28,27,25,12,12,1,1,0],"gold":125,"neow_bonus":"REMOVE_TWO","is_prod":false,"is_daily":false,"chose_seed":false,"campfire_upgraded":2,"win_rate":0,"timestamp":1555812704,"path_taken":["M","M","M","?","?","R","E","M","T","M","M","E","?","E","R","BOSS"],"build_version":"2019-01-23","purchased_purges":1,"victory":false,"max_hp_per_floor":[70,70,70,70,70,70,70,70,70,70,70,70,70,70,70,70],"card_choices":[{"not_picked":["Outmaneuver","Prepared"],"picked":"Deadly Poison","floor":1.0},{"not_picked":["All Out Attack","Dagger Throw"],"picked":"Noxious Fumes","floor":2.0},{"not_picked":["Blade Dance","Riddle With Holes"],"picked":"Well Laid Plans","floor":3.0},{"not_picked":["Grand Finale","Accuracy"],"picked":"Dodge and Roll","floor":7.0},{"not_picked":["Outmaneuver","Poisoned Stab"],"picked":"Deadly Poison","floor":8.0},{"not_picked":["Quick Slash","All Out Attack"],"picked":"Dodge and Roll","floor":10.0},{"not_picked":["Blade Dance","Expertise"],"picked":"Calculated Gamble","floor":11.0},{"not_picked":["A Thousand Cuts","Skewer"],"picked":"Caltrops","floor":12.0},{"not_picked":["Prepared","Acrobatics"],"picked":"Deadly Poison","floor":14}],"player_experience":110849,"relics_obtained":[{"floor":7.0,"key":"Omamori"},{"floor":9.0,"key":"Regal Pillow"},{"floor":12.0,"key":"Oddly Smooth Stone"},{"floor":14,"key":"Ginger"}],"event_choices":[{"damage_healed":0.0,"max_hp_gain":0.0,"max_hp_loss":0.0,"gold_gain":0.0,"event_name":"Liars Game","player_choice":"Ignored","floor":4.0,"gold_loss":0.0,"damage_taken":0.0},{"damage_healed":0.0,"max_hp_gain":0.0,"max_hp_loss":0.0,"gold_gain":0.0,"event_name":"Golden Idol","player_choice":"Take Damage","floor":5.0,"gold_loss":0.0,"damage_taken":17.0,"relics_obtained":["Golden Idol"]}],"is_beta":false,"boss_relics":[],"items_purged_floors":[13],"is_endless":false,"potions_floor_spawned":[2,7,8,11],"killed_by":"The Guardian","ascension_level":0}