{"gold_per_floor":[113,113,127,50,50,50,78,78,78,90,90,109,109,122,122,194,194,208,8,19,38,88,88,119,44,44,109,89,89,89],"floor_reached":30,"playtime":829,"items_purged":["Strike_G"],"score":582,"play_id":"d7cadb43-8773-4524-a427-2bab7bdb2f8e","local_time":"20190420043246","is_ascension_mode":true,"campfire_choices":[{"data":"Neutralize","floor":6.0,"key":"SMITH"},{"data":"Deadly Poison","floor":8.0,"key":"SMITH"},{"data":"Poisoned Stab","floor":11.0,"key":"SMITH"},{"data":"Predator","floor":13.0,"key":"SMITH"},{"data":"Well Laid Plans","floor":15.0,"key":"SMITH"},{"floor":23.0,"key":"REST"}],"neow_cost":"NONE","seed_source_timestamp":25452568320578,"circlet_count":0,"master_deck":["AscendersBane","Defend_G","Defend_G","Defend_G","Defend_G","Defend_G","Strike_G","Strike_G","Strike_G","Strike_G","Survivor","Neutralize+1","Poisoned Stab+1","Well Laid Plans+1","Deadly Poison+1","PiercingWail","Predator+1","Wraith Form v2+1","Backstab","Corpse Explosion","Deadly Poison","Blur","Backflip"],"special_seed":0,"relics":["Ring of the Snake","NeowsBlessing","Paper Crane","Frozen Egg 2","Velvet Choker","The Specimen","Girya","Tiny Chest"],"potions_floor_usage":[30],"damage_taken":[{"damage":0.0,"enemies":"2 Louse","floor":1.0,"turns":1.0},{"damage":0.0,"enemies":"Small Slimes","floor":3.0,"turns":1.0},{"damage":0.0,"enemies":"3 Sentries","floor":7.0,"turns":1.0},{"damage":0.0,"enemies":"Jaw Worm","floor":10.0,"turns":4.0},{"damage":0.0,"enemies":"3 Louse","floor":12.0,"turns":3.0},{"damage":11.0,"enemies":"Exordium Thugs","floor":14.0,"turns":4.0},{"damage":33.0,"enemies":"Slime Boss","floor":16.0,"turns":12.0},{"damage":20.0,"enemies":"Shell Parasite","floor":18.0,"turns":6.0},{"damage":9.0,"enemies":"3 Byrds","floor":20.0,"turns":3.0},{"damage":0.0,"enemies":"Snake Plant","floor":21.0,"turns":4.0},{"damage":9.0,"enemies":"Gremlin Leader","floor":24.0,"turns":6.0},{"damage":38.0,"enemies":"Book of Stabbing","floor":27.0,"turns":5.0},{"damage":0,"enemies":"Centurion and Healer","floor":30,"turns":2}],"seed_played":"2676641208215998543","potions_obtained":[{"floor":3.0,"key":"EssenceOfSteel"},{"floor":12.0,"key":"Ancient Potion"},{"floor":16.0,"key":"SkillPotion"},{"floor":20.0,"key":"Poison Potion"},{"floor":27.0,"key":"Dexterity Potion"}],"is_trial":false,"path_per_floor":["M","?","M","$","?","R","E","R","T","M","R","M","R","M","R","B",null,"M","$","M","M","?","R","E","$","T","E","?","$","M"],"character_chosen":"THE_SILENT","items_purchased":["Well Laid Plans","Corpse Explosion","Deadly Poison"],"campfire_rested":1,"item_purchase_floors":[4,19,19],"current_hp_per_floor":[59,48,48,48,53,53,53,53,53,53,53,53,53,42,42,9,56,36,36,27,27,27,48,39,39,39,1,1,1,1],"gold":89,"neow_bonus":"THREE_ENEMY_KILL","is_prod":false,"is_daily":false,"chose_seed":false,"campfire_upgraded":5,"win_rate":0,"timestamp":1555759966,"path_taken":["M","?","M","$","?","R","E","R","T","M","R","M","R","M","R","BOSS","M","$","M","M","?","R","E","$","T","E","?","?","M"],"build_version":"2019-04-04","purchased_purges":1,"victory":false,"max_hp_per_floor":[66,66,66,66,71,71,71,71,71,71,71,71,71,71,71,71,71,71,71,71,71,71,71,71,71,71,71,71,71,71],"card_choices":[{"not_picked":["Prepared","Underhanded Strike","Blade Dance"],"picked":"SKIP","floor":1.0},{"not_picked":["Bane","Cloak And Dagger"],"picked":"Poisoned Stab","floor":3.0},{"not_picked":["Tactician","Unload"],"picked":"Deadly Poison","floor":7.0},{"not_picked":["Prepared","Expertise"],"picked":"PiercingWail","floor":10.0},{"not_picked":["Cloak And Dagger","Concentrate"],"picked":"Predator","floor":12.0},{"not_picked":["Flying Knee","Dagger Throw","Prepared"],"picked":"SKIP","floor":14.0},{"not_picked":["Flying Knee","Dagger Throw","Prepared"],"picked":"SKIP","floor":14.0},{"not_picked":["Bullet Time","Glass Knife"],"picked":"Wraith Form v2+1","floor":16.0},{"not_picked":["Underhanded Strike","Bane"],"picked":"Backstab","floor":18.0},{"not_picked":["Infinite Blades+1","All Out Attack","Dagger Spray"],"picked":"SKIP","floor":20.0},{"not_picked":["Blade Dance","Dagger Spray","Blur"],"picked":"SKIP","floor":21.0},{"not_picked":["Slice","Prepared"],"picked":"Blur","floor":24.0},{"not_picked":["Corpse Explosion","Bane"],"picked":"Backflip","floor":27.0}],"player_experience":1422218,"relics_obtained":[{"floor":7.0,"key":"Frozen Egg 2"},{"floor":24.0,"key":"The Specimen"},{"floor":26.0,"key":"Girya"},{"floor":27.0,"key":"Tiny Chest"}],"event_choices":[{"damage_healed":0.0,"max_hp_gain":0.0,"max_hp_loss":0.0,"gold_gain":0.0,"event_name":"Scrap Ooze","player_choice":"Success","floor":2.0,"gold_loss":0.0,"damage_taken":11.0,"relics_obtained":["Paper Crane"]},{"damage_healed":0.0,"max_hp_gain":5.0,"max_hp_loss":0.0,"gold_gain":0.0,"event_name":"Big Fish","player_choice":"Donut","floor":5.0,"gold_loss":0.0,"damage_taken":0.0},{"damage_healed":0.0,"max_hp_gain":0.0,"max_hp_loss":0.0,"gold_gain":50.0,"event_name":"Nest","player_choice":"Stole From Cult","floor":22.0,"gold_loss":0.0,"damage_taken":0.0},{"damage_healed":0.0,"max_hp_gain":0.0,"max_hp_loss":0.0,"gold_gain":0.0,"event_name":"The Woman in Blue","player_choice":"Bought 1 Potion","floor":28.0,"gold_loss":0.0,"damage_taken":0.0}],"is_beta":true,"boss_relics":[{"not_picked":["WristBlade","Ectoplasm"],"picked":"Velvet Choker"}],"items_purged_floors":[25],"is_endless":false,"potions_floor_spawned":[3,12,16,20,27],"killed_by":"Centurion and Healer","ascension_level":20}