{"gold_per_floor":[110,185,203,353,353,380,380,405,405,430,430,430,99,99,99,192,192],"floor_reached":17,"playtime":437,"items_purged":["Strike_R"],"score":338,"play_id":"427d9175-33b5-449b-8b38-d760114f487d","local_time":"20190227195937","is_ascension_mode":true,"campfire_choices":[{"data":"Immolate","floor":7,"key":"SMITH"},{"data":"Bash","floor":11,"key":"SMITH"},{"data":"Bludgeon","floor":15,"key":"SMITH"}],"neow_cost":"TEN_PERCENT_HP_LOSS","seed_source_timestamp":2578671577196601,"circlet_count":0,"master_deck":["AscendersBane","Strike_R","Strike_R","Strike_R","Strike_R","Defend_R","Defend_R","Defend_R","Defend_R","Bash+1","Immolate+1","Anger","Headbutt","Bludgeon+1","Shrug It Off","Combust","Bludgeon"],"relics":["Burning Blood","Nunchaku","Darkstone Periapt","Pear","Pantograph","Golden Idol","PreservedInsect","Letter Opener"],"potions_floor_usage":[6],"damage_taken":[{"damage":0,"enemies":"Small Slimes","floor":1,"turns":2},{"damage":0,"enemies":"2 Louse","floor":3,"turns":1},{"damage":15,"enemies":"Lagavulin","floor":6,"turns":5},{"damage":27,"enemies":"3 Sentries","floor":8,"turns":5},{"damage":20,"enemies":"Lagavulin","floor":10,"turns":5},{"damage":43,"enemies":"Hexaghost","floor":16,"turns":8}],"seed_played":"3445689003912849734","potions_obtained":[{"floor":3,"key":"PowerPotion"},{"floor":16,"key":"Explosive Potion"}],"is_trial":false,"path_per_floor":["M","?","M","?","?","E","R","E","T","E","R","?","$","?","R","B",null],"character_chosen":"IRONCLAD","items_purchased":["PreservedInsect","Combust"],"campfire_rested":0,"item_purchase_floors":[13,13],"current_hp_per_floor":[68,57,63,63,56,47,47,26,36,22,22,22,22,22,22,10,10],"gold":192,"neow_bonus":"THREE_RARE_CARDS","is_prod":false,"is_daily":false,"chose_seed":false,"campfire_upgraded":3,"win_rate":0,"timestamp":1551326377,"path_taken":["M","?","M","?","?","E","R","E","T","E","R","?","$","?","R","BOSS"],"build_version":"2019-02-06","purchased_purges":1,"victory":false,"max_hp_per_floor":[68,68,68,68,68,68,68,68,78,78,78,71,71,71,71,71,71],"card_choices":[{"not_picked":["Offering","Double Tap"],"picked":"Immolate","floor":0},{"not_picked":["Havoc","Intimidate"],"picked":"Anger","floor":1},{"not_picked":["Flame Barrier","Feel No Pain"],"picked":"Headbutt","floor":3},{"not_picked":["Fire Breathing","Cleave"],"picked":"Bludgeon","floor":6},{"not_picked":["Corruption","Twin Strike","Dark Embrace"],"picked":"SKIP","floor":8},{"not_picked":["Seeing Red","Inflame"],"picked":"Shrug It Off","floor":10},{"not_picked":["Fiend Fire","Demon Form"],"picked":"Bludgeon","floor":16}],"player_experience":1276896,"relics_obtained":[{"floor":6,"key":"Nunchaku"},{"floor":8,"key":"Darkstone Periapt"},{"floor":9,"key":"Pear"},{"floor":10,"key":"Pantograph"},{"floor":14,"key":"Letter Opener"}],"event_choices":[{"damage_healed":0,"gold_gain":75,"player_choice":"Gather Gold","damage_taken":11,"max_hp_gain":0,"max_hp_loss":0,"event_name":"World of Goop","floor":2,"gold_loss":0},{"damage_healed":0,"gold_gain":150,"player_choice":"AGREE","damage_taken":0,"max_hp_gain":0,"max_hp_loss":0,"event_name":"Liars Game","floor":4,"gold_loss":0,"cards_obtained":["Doubt"]},{"cards_removed":["Doubt"],"damage_healed":0,"gold_gain":0,"player_choice":"Card Removal","damage_taken":7,"max_hp_gain":0,"max_hp_loss":0,"event_name":"Golden Wing","floor":5,"gold_loss":0},{"damage_healed":0,"gold_gain":0,"player_choice":"Lose Max HP","damage_taken":0,"relics_obtained":["Golden Idol"],"max_hp_gain":0,"max_hp_loss":7,"event_name":"Golden Idol","floor":12,"gold_loss":0},{"damage_healed":0,"gold_gain":0,"player_choice":"Relic","damage_taken":0,"max_hp_gain":0,"max_hp_loss":0,"event_name":"Wheel of Change","floor":14,"gold_loss":0}],"is_beta":true,"boss_relics":[],"items_purged_floors":[13],"is_endless":false,"potions_floor_spawned":[3,16],"ascension_level":20}