{"gold_per_floor":[111,128,128,142,44,44,58,82,82,82,92,92,92,111,111,215,215,234,234,247,261,261,261,2,14,14,14,14,14,14,27,27,27],"floor_reached":33,"playtime":2087,"items_purged":["Strike_B"],"score":262,"play_id":"509e2581-16b6-45da-8ec5-5f9adf53ffff","local_time":"20190417203405","is_ascension_mode":false,"campfire_choices":[{"data":"Darkness","floor":6,"key":"SMITH"},{"floor":15,"key":"REST"},{"floor":23,"key":"REST"},{"floor":28,"key":"DIG"},{"floor":32,"key":"DIG"}],"neow_cost":"NONE","seed_source_timestamp":113437627013192,"circlet_count":0,"master_deck":["Defend_B","Defend_B","Defend_B","Zap","Dualcast","Ball Lightning","Cold Snap","Capacitor","Darkness+1","Streamline","Compile Driver","Glacier","Doom and Gloom","Redo","Leap","Defragment","Doom and Gloom","Buffer","FTL","Steam+1","Redo","Redo","Melter","Barrage","Barrage+1","Writhe","Darkness+1","Redo","Rip and Tear+1"],"relics":["Cracked Core","NeowsBlessing","Odd Mushroom","FossilizedHelix","Prayer Wheel","Fusion Hammer","Molten Egg 2","Shovel","Orichalcum","Bag of Marbles","Bottled Tornado"],"potions_floor_usage":[],"damage_taken":[{"damage":0,"enemies":"Jaw Worm","floor":1,"turns":1},{"damage":0,"enemies":"Cultist","floor":2,"turns":1},{"damage":0,"enemies":"Small Slimes","floor":4,"turns":1},{"damage":8,"enemies":"Looter","floor":7,"turns":3},{"damage":45,"enemies":"The Mushroom Lair","floor":8,"turns":4},{"damage":0,"enemies":"2 Fungi Beasts","floor":11,"turns":4},{"damage":0,"enemies":"Large Slime","floor":14,"turns":4},{"damage":11,"enemies":"Slime Boss","floor":16,"turns":11},{"damage":30,"enemies":"2 Thieves","floor":18,"turns":3},{"damage":0,"enemies":"Spheric Guardian","floor":20,"turns":3},{"damage":12,"enemies":"3 Cultists","floor":21,"turns":6},{"damage":7,"enemies":"Snake Plant","floor":25,"turns":3},{"damage":8,"enemies":"Centurion and Healer","floor":31,"turns":4},{"damage":51,"enemies":"Collector","floor":33,"turns":6}],"seed_played":"2082662013496250411","potions_obtained":[{"floor":2,"key":"Explosive Potion"},{"floor":7,"key":"LiquidBronze"},{"floor":11,"key":"Strength Potion"},{"floor":14,"key":"SpeedPotion"}],"is_trial":false,"path_per_floor":["M","M","?","M","$","R","M","?","T","?","M","?","?","M","R","B",null,"M","?","M","M","?","R","$","M","T","?","R","?","$","M","R","B"],"character_chosen":"DEFECT","items_purchased":["Streamline","Molten Egg 2"],"campfire_rested":2,"item_purchase_floors":[5,24],"current_hp_per_floor":[75,75,75,75,75,75,67,22,22,15,15,15,15,15,37,26,75,45,45,45,33,33,55,55,48,48,48,48,48,48,40,40,0],"gold":27,"neow_bonus":"THREE_ENEMY_KILL","is_prod":false,"is_daily":false,"chose_seed":false,"campfire_upgraded":1,"win_rate":0.0,"timestamp":1555513445,"path_taken":["M","M","?","M","$","R","?","?","T","?","M","?","?","M","R","BOSS","M","?","M","?","?","R","$","?","T","?","R","?","$","M","R","BOSS"],"build_version":"2019-01-23","purchased_purges":1,"victory":false,"max_hp_per_floor":[75,75,75,75,75,75,75,75,75,75,75,75,75,75,75,75,75,75,75,75,75,75,75,75,75,75,75,75,75,75,75,75,75],"card_choices":[{"not_picked":["Gash","Steam"],"picked":"Ball Lightning","floor":1},{"not_picked":["Go for the Eyes","Blizzard"],"picked":"Cold Snap","floor":2},{"not_picked":["Scrape","Stack"],"picked":"Darkness","floor":4},{"not_picked":["Hologram","Ball Lightning"],"picked":"Compile Driver","floor":7},{"not_picked":["Hologram","Cold Snap"],"picked":"Glacier","floor":8},{"not_picked":["Steam","Electrodynamics"],"picked":"Doom and Gloom","floor":11},{"not_picked":["Beam Cell","Steam Power"],"picked":"Redo","floor":11},{"not_picked":["Cold Snap","Lockon"],"picked":"Defragment","floor":14},{"not_picked":["Go for the Eyes","Streamline"],"picked":"Doom and Gloom","floor":14},{"not_picked":["Rainbow","Multi-Cast"],"picked":"Buffer","floor":16},{"not_picked":["Stack","Storm+1"],"picked":"FTL","floor":18},{"not_picked":["FTL","Glacier"],"picked":"Steam+1","floor":18},{"not_picked":["Cold Snap+1","Gash"],"picked":"Redo","floor":20},{"not_picked":["Blizzard","Doom and Gloom"],"picked":"Redo","floor":20},{"not_picked":["Stack+1","Seek"],"picked":"Melter","floor":21},{"not_picked":["Reprogram+1","Streamline"],"picked":"Barrage","floor":21},{"not_picked":["Leap","Coolheaded"],"picked":"Barrage+1","floor":25},{"not_picked":["Conserve Battery","Loop","Darkness"],"picked":"SKIP","floor":25},{"not_picked":["Streamline+1","Scrape+1"],"picked":"Redo","floor":31},{"not_picked":["Biased Cognition","Chill"],"picked":"Rip and Tear+1","floor":31}],"player_experience":15873,"relics_obtained":[{"floor":8,"key":"Odd Mushroom"},{"floor":9,"key":"FossilizedHelix"},{"floor":26,"key":"Shovel"},{"floor":28,"key":"Bag of Marbles"},{"floor":32,"key":"Bottled Tornado"}],"event_choices":[{"damage_healed":0,"gold_gain":0,"cards_transformed":["Strike_B"],"player_choice":"Transformed","damage_taken":0,"max_hp_gain":0,"max_hp_loss":0,"event_name":"Transmorgrifier","floor":3,"gold_loss":0,"cards_obtained":["Capacitor"]},{"damage_healed":0,"gold_gain":0,"player_choice":"Fought Mushrooms","damage_taken":0,"max_hp_gain":0,"max_hp_loss":0,"event_name":"Mushrooms","floor":8,"gold_loss":0},{"damage_healed":0,"gold_gain":0,"player_choice":"Success","damage_taken":7,"relics_obtained":["Prayer Wheel"],"max_hp_gain":0,"max_hp_loss":0,"event_name":"Scrap Ooze","floor":10,"gold_loss":0},{"damage_healed":0,"gold_gain":0,"player_choice":"Ignored","damage_taken":0,"max_hp_gain":0,"max_hp_loss":0,"event_name":"Liars Game","floor":12,"gold_loss":0},{"damage_healed":0,"gold_gain":0,"cards_transformed":["Strike_B"],"player_choice":"Change","damage_taken":0,"max_hp_gain":0,"max_hp_loss":0,"event_name":"Living Wall","floor":13,"gold_loss":0,"cards_obtained":["Leap"]},{"cards_removed":["Strike_B"],"damage_healed":0,"gold_gain":0,"player_choice":"Purged","damage_taken":0,"max_hp_gain":0,"max_hp_loss":0,"event_name":"Purifier","floor":19,"gold_loss":0},{"cards_removed":["Defend_B"],"damage_healed":0,"gold_gain":0,"player_choice":"Card Removal","damage_taken":0,"max_hp_gain":0,"max_hp_loss":0,"event_name":"Wheel of Change","floor":22,"gold_loss":0},{"damage_healed":0,"gold_gain":0,"player_choice":"Opened","damage_taken":0,"relics_obtained":["Orichalcum"],"max_hp_gain":0,"max_hp_loss":0,"event_name":"The Mausoleum","floor":27,"gold_loss":0,"cards_obtained":["Writhe"]},{"damage_healed":0,"gold_gain":0,"player_choice":"Copied","damage_taken":0,"max_hp_gain":0,"max_hp_loss":0,"event_name":"Duplicator","floor":29,"gold_loss":0,"cards_obtained":["Darkness"]}],"is_beta":false,"boss_relics":[{"not_picked":["Black Star","FrozenCore"],"picked":"Fusion Hammer"}],"items_purged_floors":[5],"is_endless":false,"potions_floor_spawned":[2,7,11,14,31],"killed_by":"Collector","ascension_level":0}