{"gold_per_floor":[116,116,41,53,72,100,100,111,111,149,161,192,236,248,260,367,379,410,442,364,276,330,330,365,365,365,380,395,41,53,53,53,154,154,165,182,193,43,58,58,58,58,58,58,7,22,122,122,122,122],"floor_reached":51,"playtime":2147,"items_purged":["Strike_G","Strike_G","Strike_G","Strike_G"],"score":810,"play_id":"9b8f878d-10ce-4c1c-9bd8-19eb45ce6357","local_time":"20190421223327","is_ascension_mode":false,"campfire_choices":[{"data":"Catalyst","floor":7,"key":"SMITH"},{"data":"Catalyst","floor":11,"key":"SMITH"},{"floor":15,"key":"REST"},{"data":"Dodge and Roll","floor":23,"key":"SMITH"},{"data":"Deadly Poison","floor":25,"key":"SMITH"},{"data":"Noxious Fumes","floor":32,"key":"SMITH"},{"data":"Backflip","floor":40,"key":"SMITH"},{"data":"Crippling Poison","floor":42,"key":"SMITH"},{"data":"Deadly Poison","floor":44,"key":"SMITH"},{"floor":49,"key":"REST"}],"neow_cost":"NONE","seed_source_timestamp":781527554859803,"circlet_count":0,"master_deck":["Defend_G","Defend_G","Defend_G","Defend_G","Survivor","Neutralize","Deadly Poison+1","Catalyst+1","Deadly Poison","Catalyst+1","After Image+1","Die Die Die","Dodge and Roll+1","Deadly Poison+1","Backflip+1","Dodge and Roll","Noxious Fumes+1","Bullet Time","Catalyst+1","Crippling Poison+1","Backflip+1","Catalyst"],"relics":["Ring of the Snake","Dream Catcher","Pear","MawBank","Vajra","Mummified Hand","Dodecahedron","Runic Pyramid","PreservedInsect","Matryoshka","Art of War","Mango","Happy Flower","HoveringKite","Potion Belt","Du-Vu Doll","Dead Branch"],"potions_floor_usage":[8,24,35,35,39,39,46,50],"damage_taken":[{"damage":0,"enemies":"Jaw Worm","floor":1,"turns":4},{"damage":0,"enemies":"Small Slimes","floor":4,"turns":3},{"damage":1,"enemies":"Cultist","floor":5,"turns":3},{"damage":32,"enemies":"Gremlin Nob","floor":6,"turns":4},{"damage":11,"enemies":"Lots of Slimes","floor":8,"turns":5},{"damage":13,"enemies":"Lagavulin","floor":10,"turns":4},{"damage":3,"enemies":"2 Fungi Beasts","floor":12,"turns":4},{"damage":0,"enemies":"Gremlin Nob","floor":13,"turns":2},{"damage":11,"enemies":"The Guardian","floor":16,"turns":5},{"damage":2,"enemies":"Shell Parasite","floor":18,"turns":3},{"damage":1,"enemies":"Chosen","floor":19,"turns":4},{"damage":0,"enemies":"Book of Stabbing","floor":24,"turns":3},{"damage":0,"enemies":"Snake Plant","floor":27,"turns":2},{"damage":1,"enemies":"Chosen and Byrds","floor":28,"turns":5},{"damage":0,"enemies":"Centurion and Healer","floor":30,"turns":5},{"damage":40,"enemies":"Collector","floor":33,"turns":4},{"damage":9,"enemies":"3 Darklings","floor":35,"turns":8},{"damage":3,"enemies":"Orb Walker","floor":36,"turns":3},{"damage":9,"enemies":"Spire Growth","floor":37,"turns":4},{"damage":5,"enemies":"Jaw Worm Horde","floor":39,"turns":5},{"damage":0,"enemies":"Transient","floor":46,"turns":5},{"damage":0,"enemies":"Mind Bloom Boss Battle","floor":47,"turns":2},{"damage":29,"enemies":"Donu and Deca","floor":50,"turns":3}],"seed_played":"8341144861666741406","potions_obtained":[{"floor":1,"key":"Regen Potion"},{"floor":6,"key":"GhostInAJar"},{"floor":8,"key":"LiquidBronze"},{"floor":10,"key":"Explosive Potion"},{"floor":24,"key":"Explosive Potion"},{"floor":35,"key":"Poison Potion"},{"floor":46,"key":"LiquidBronze"},{"floor":47,"key":"PowerPotion"}],"is_trial":false,"path_per_floor":["M","?","$","M","M","E","R","M","T","E","R","M","E","?","R","B",null,"M","M","?","$","T","R","E","R","T","M","M","$","M","$","R","B",null,"M","M","M","$","M","R","?","R","T","R","$","M","?","?","R","B",null],"character_chosen":"THE_SILENT","items_purchased":["Noxious Fumes","Happy Flower","Dexterity Potion"],"campfire_rested":2,"item_purchase_floors":[29,29,45],"current_hp_per_floor":[70,52,52,52,51,29,29,33,33,20,20,17,17,17,41,30,80,78,77,77,77,77,77,77,77,91,91,90,90,90,90,90,50,94,85,82,73,73,68,68,68,68,68,68,68,68,68,68,94,65],"gold":122,"neow_bonus":"THREE_CARDS","is_prod":false,"is_daily":false,"chose_seed":false,"campfire_upgraded":8,"win_rate":0,"timestamp":1555900407,"path_taken":["M","?","$","M","M","E","R","M","T","E","R","M","E","?","R","BOSS","M","M","?","$","?","R","E","R","T","?","M","$","M","$","R","BOSS","M","M","M","$","M","R","?","R","T","R","$","M","?","?","R","BOSS"],"build_version":"2019-01-23","purchased_purges":4,"victory":true,"max_hp_per_floor":[70,70,70,70,70,80,80,80,80,80,80,80,80,80,80,80,80,80,80,80,80,80,80,80,80,94,94,94,94,94,94,94,94,94,94,94,94,94,94,94,94,94,94,94,94,94,94,94,94,94],"card_choices":[{"not_picked":["Dagger Spray","Backflip"],"picked":"Deadly Poison","floor":0},{"not_picked":["Poisoned Stab","PiercingWail"],"picked":"Catalyst","floor":1},{"not_picked":["Flying Knee","Underhanded Strike"],"picked":"Deadly Poison","floor":4},{"not_picked":["Quick Slash","Dagger Throw","Cloak And Dagger"],"picked":"SKIP","floor":5},{"not_picked":["Cloak And Dagger","Dagger Spray"],"picked":"Catalyst","floor":6},{"not_picked":["Dagger Spray","Sucker Punch","Poisoned Stab"],"picked":"SKIP","floor":8},{"not_picked":["Quick Slash","Calculated Gamble"],"picked":"After Image","floor":10},{"not_picked":["Flechettes","Infinite Blades","Expertise"],"picked":"SKIP","floor":12},{"not_picked":["Blade Dance","Sucker Punch","Quick Slash"],"picked":"SKIP","floor":13},{"not_picked":["Glass Knife","Bullet Time"],"picked":"Die Die Die","floor":16},{"not_picked":["Outmaneuver+1","Riddle With Holes"],"picked":"Dodge and Roll","floor":18},{"not_picked":["Eviscerate+1","Infinite Blades"],"picked":"Deadly Poison","floor":19},{"not_picked":["PiercingWail","Infinite Blades","Slice"],"picked":"SKIP","floor":24},{"not_picked":["PiercingWail","Acrobatics+1"],"picked":"Backflip","floor":27},{"not_picked":["Slice","Backflip"],"picked":"Dodge and Roll","floor":28},{"not_picked":["Blade Dance+1","Well Laid Plans+1","Dagger Spray+1"],"picked":"SKIP","floor":30},{"not_picked":["Envenom","Doppelganger"],"picked":"Bullet Time","floor":33},{"not_picked":["Dagger Throw+1","Deflect+1","Sucker Punch+1"],"picked":"SKIP","floor":35},{"not_picked":["Slice","Leg Sweep+1"],"picked":"Catalyst+1","floor":36},{"not_picked":["Deflect+1","Outmaneuver+1"],"picked":"Crippling Poison","floor":37},{"not_picked":["Terror+1","Riddle With Holes+1"],"picked":"Backflip+1","floor":39},{"not_picked":["Bane+1","Deflect+1"],"picked":"Catalyst","floor":46}],"player_experience":118001,"relics_obtained":[{"floor":6,"key":"Pear"},{"floor":9,"key":"MawBank"},{"floor":10,"key":"Vajra"},{"floor":13,"key":"Mummified Hand"},{"floor":22,"key":"PreservedInsect"},{"floor":24,"key":"Matryoshka"},{"floor":26,"key":"Art of War"},{"floor":26,"key":"Mango"},{"floor":43,"key":"Potion Belt"},{"floor":43,"key":"Du-Vu Doll"},{"floor":47,"key":"Dead Branch"}],"event_choices":[{"damage_healed":0,"gold_gain":0,"player_choice":"Success","damage_taken":18,"relics_obtained":["Dream Catcher"],"max_hp_gain":0,"max_hp_loss":0,"event_name":"Scrap Ooze","floor":2,"gold_loss":0},{"damage_healed":0,"gold_gain":0,"player_choice":"Searched \u00271\u0027 times","damage_taken":0,"relics_obtained":["Dodecahedron"],"max_hp_gain":0,"max_hp_loss":0,"event_name":"Dead Adventurer","floor":14,"gold_loss":0},{"cards_removed":["Strike_G"],"damage_healed":0,"gold_gain":0,"player_choice":"Upgrade and Remove","damage_taken":0,"max_hp_gain":0,"max_hp_loss":0,"event_name":"Designer","floor":20,"gold_loss":90,"cards_upgraded":["After Image"]},{"cards_removed":["Defend_G"],"damage_healed":0,"gold_gain":0,"player_choice":"Removed Skill","damage_taken":0,"max_hp_gain":0,"max_hp_loss":0,"event_name":"Falling","floor":41,"gold_loss":0},{"damage_healed":0,"gold_gain":0,"player_choice":"Fight","damage_taken":0,"max_hp_gain":0,"max_hp_loss":0,"event_name":"MindBloom","floor":47,"gold_loss":0},{"damage_healed":0,"gold_gain":0,"player_choice":"Ignored","damage_taken":0,"max_hp_gain":0,"max_hp_loss":0,"event_name":"SecretPortal","floor":48,"gold_loss":0}],"is_beta":false,"boss_relics":[{"not_picked":["Busted Crown","WristBlade"],"picked":"Runic Pyramid"},{"not_picked":["Pandora\u0027s Box","Calling Bell"],"picked":"HoveringKite"}],"items_purged_floors":[3,21,29,38],"is_endless":false,"potions_floor_spawned":[1,6,8,10,24,28,33,35,46,47],"ascension_level":0}