{"gold_per_floor":[114,128,139,214,84,84,118,118,118,137,58,89,89,89,89,168,168,186,236,251,262,262],"floor_reached":22,"playtime":671,"items_purged":["Strike_R"],"score":388,"play_id":"cd367e5d-df8a-49d9-a1fa-0a4fb5e20a24","local_time":"20190122235647","is_ascension_mode":true,"campfire_choices":[{"data":"Searing Blow","floor":6.0,"key":"SMITH"},{"data":"Searing Blow+1","floor":8.0,"key":"SMITH"},{"data":"Searing Blow+2","floor":13.0,"key":"SMITH"},{"data":"Searing Blow+3","floor":15.0,"key":"SMITH"}],"neow_cost":"NONE","seed_source_timestamp":357030161815069,"circlet_count":0,"master_deck":["AscendersBane","Strike_R","Strike_R","Strike_R","Defend_R","Defend_R","Defend_R","Defend_R","Bash","Searing Blow+4","Feel No Pain","True Grit","True Grit","Warcry","Intimidate","Reaper","Havoc+1","True Grit"],"special_seed":0,"relics":["Burning Blood","NeowsBlessing","Magic Flower","Oddly Smooth Stone","Coffee Dripper"],"potions_floor_usage":[22],"damage_taken":[{"damage":0.0,"enemies":"Cultist","floor":1.0,"turns":1.0},{"damage":0.0,"enemies":"Small Slimes","floor":2.0,"turns":1.0},{"damage":0.0,"enemies":"Jaw Worm","floor":3.0,"turns":1.0},{"damage":27.0,"enemies":"Lagavulin","floor":7.0,"turns":6.0},{"damage":10.0,"enemies":"3 Louse","floor":10.0,"turns":5.0},{"damage":36.0,"enemies":"Gremlin Nob","floor":12.0,"turns":4.0},{"damage":20.0,"enemies":"The Guardian","floor":16.0,"turns":10.0},{"damage":18.0,"enemies":"Spheric Guardian","floor":18.0,"turns":6.0},{"damage":19.0,"enemies":"Chosen","floor":20.0,"turns":6.0},{"damage":20.0,"enemies":"Sentry and Sphere","floor":21.0,"turns":10.0},{"damage":0,"enemies":"Cultist and Chosen","floor":22,"turns":2}],"seed_played":"8495048077640932643","potions_obtained":[{"floor":1.0,"key":"Strength Potion"},{"floor":7.0,"key":"PowerPotion"},{"floor":12.0,"key":"EntropicBrew"},{"floor":16.0,"key":"FearPotion"}],"is_trial":false,"path_per_floor":["M","?","?","?","M"],"character_chosen":"IRONCLAD","items_purchased":["Fire Potion","Regen Potion"],"campfire_rested":0,"item_purchase_floors":[5,11],"current_hp_per_floor":[74,75,75,64,64,64,43,43,43,42,42,15,15,8,8,21,62,53,53,49,38,38],"gold":262,"neow_bonus":"THREE_ENEMY_KILL","is_prod":false,"is_daily":false,"chose_seed":false,"campfire_upgraded":4,"win_rate":0,"timestamp":1548230207,"path_taken":["M","?","M","?","$","R","E","R","T","M","$","E","R","?","R","BOSS","M","?","M","?","M"],"build_version":"2019-01-22","purchased_purges":1,"victory":false,"max_hp_per_floor":[75,75,75,75,75,75,75,75,75,75,75,75,75,75,75,75,75,75,75,75,75,75],"card_choices":[{"not_picked":["Infernal Blade","Clothesline"],"picked":"Searing Blow","floor":1.0},{"not_picked":["Sever Soul","Heavy Blade"],"picked":"Feel No Pain","floor":2.0},{"not_picked":["Havoc","Heavy Blade"],"picked":"True Grit","floor":3.0},{"not_picked":["Dark Embrace","Hemokinesis"],"picked":"True Grit","floor":7.0},{"not_picked":["Uppercut","True Grit"],"picked":"Warcry","floor":10.0},{"not_picked":["Perfected Strike","Entrench"],"picked":"Intimidate","floor":12.0},{"not_picked":["Limit Break","Impervious"],"picked":"Reaper","floor":16.0},{"not_picked":["Heavy Blade","Metallicize"],"picked":"Havoc+1","floor":18.0},{"not_picked":["Hemokinesis","Flex"],"picked":"True Grit","floor":20.0},{"not_picked":["Dropkick","Havoc","Thunderclap+1"],"picked":"SKIP","floor":21.0}],"player_experience":1019084,"relics_obtained":[{"floor":7.0,"key":"Magic Flower"},{"floor":12.0,"key":"Oddly Smooth Stone"}],"event_choices":[{"damage_healed":0.0,"max_hp_gain":0.0,"max_hp_loss":0.0,"gold_gain":75.0,"event_name":"World of Goop","player_choice":"Gather Gold","floor":4.0,"gold_loss":0.0,"damage_taken":11.0},{"cards_removed":["Strike_R"],"damage_healed":0.0,"max_hp_gain":0.0,"max_hp_loss":0.0,"gold_gain":0.0,"event_name":"Golden Wing","player_choice":"Card Removal","floor":14.0,"gold_loss":0.0,"damage_taken":7.0},{"damage_healed":0.0,"max_hp_gain":0.0,"max_hp_loss":0.0,"gold_gain":50.0,"event_name":"Golden Shrine","player_choice":"Pray","floor":19.0,"gold_loss":0.0,"damage_taken":0.0}],"is_beta":true,"boss_relics":[{"not_picked":["Calling Bell","Fusion Hammer"],"picked":"Coffee Dripper"}],"items_purged_floors":[5],"is_endless":false,"potions_floor_spawned":[1,7,12,16],"killed_by":"Cultist and Chosen","ascension_level":20}