{"gold_per_floor":[119,137,102,102,112,124,137,149,149,149],"floor_reached":10,"playtime":855,"items_purged":[],"score":96,"play_id":"623e8529-8f77-4659-9def-cd729d9fb3df","local_time":"20190419214059","is_ascension_mode":true,"campfire_choices":[],"neow_cost":"NONE","seed_source_timestamp":14614827328500,"circlet_count":0,"master_deck":["AscendersBane","Defend_G","Defend_G","Defend_G","Defend_G","Defend_G","Strike_G","Strike_G","Strike_G","Strike_G","Strike_G","Survivor","Neutralize","Forethought","Flying Knee","Dodge and Roll","Sucker Punch","Deflect","Cloak And Dagger","PiercingWail"],"relics":["Ring of the Snake","GremlinMask","Darkstone Periapt"],"potions_floor_usage":[10,10],"damage_taken":[{"damage":2,"enemies":"Jaw Worm","floor":1,"turns":8},{"damage":6,"enemies":"Small Slimes","floor":2,"turns":4},{"damage":2,"enemies":"Cultist","floor":5,"turns":4},{"damage":22,"enemies":"Exordium Thugs","floor":6,"turns":9},{"damage":30,"enemies":"Exordium Wildlife","floor":7,"turns":10},{"damage":0,"enemies":"Looter","floor":8,"turns":4},{"damage":17,"enemies":"Gremlin Nob","floor":10,"turns":4}],"seed_played":"-2819637696762194426","potions_obtained":[{"floor":7,"key":"Energy Potion"},{"floor":8,"key":"Strength Potion"}],"is_trial":false,"path_per_floor":["M","M","?","?","M","M","M","M","T","E"],"character_chosen":"THE_SILENT","items_purchased":[],"campfire_rested":0,"item_purchase_floors":[],"current_hp_per_floor":[61,55,70,70,68,46,16,16,16,0],"gold":149,"neow_bonus":"RANDOM_COLORLESS","is_prod":false,"is_daily":false,"chose_seed":false,"campfire_upgraded":0,"win_rate":0,"timestamp":1555702859,"path_taken":["M","M","?","?","M","M","M","?","T","E"],"build_version":"2019-01-23","purchased_purges":0,"victory":false,"max_hp_per_floor":[70,70,70,70,70,70,70,70,70,70],"card_choices":[{"not_picked":["Dagger Spray","Bane"],"picked":"Flying Knee","floor":1},{"not_picked":["Dagger Throw","Heel Hook"],"picked":"Dodge and Roll","floor":2},{"not_picked":["Dodge and Roll","Bane"],"picked":"Sucker Punch","floor":5},{"not_picked":["Poisoned Stab","Distraction"],"picked":"Deflect","floor":6},{"not_picked":["Slice","Deadly Poison"],"picked":"Cloak And Dagger","floor":7},{"not_picked":["Quick Slash","Poisoned Stab"],"picked":"PiercingWail","floor":8}],"player_experience":671438,"relics_obtained":[{"floor":9,"key":"Darkstone Periapt"}],"event_choices":[{"damage_healed":17,"gold_gain":0,"player_choice":"Healed","damage_taken":0,"max_hp_gain":0,"max_hp_loss":0,"event_name":"The Cleric","floor":3,"gold_loss":35},{"damage_healed":0,"gold_gain":0,"player_choice":"Trade","damage_taken":0,"relics_obtained":["GremlinMask"],"max_hp_gain":0,"max_hp_loss":0,"event_name":"FaceTrader","floor":4,"gold_loss":0}],"is_beta":false,"boss_relics":[],"items_purged_floors":[],"is_endless":false,"potions_floor_spawned":[7,8],"killed_by":"Gremlin Nob","ascension_level":11}