{"gold_per_floor":[216,235,235,251,251,277,277,305,305,331,331,331,347,272,272,375,375,394,394,411,411,429,459,459,478,478,512,123,123,134,149,149,149],"floor_reached":33,"playtime":965,"items_purged":["Regret","Strike_R"],"score":405,"play_id":"f73d2eb1-c77f-46e5-ae86-4af501f548ab","local_time":"20190331032111","is_ascension_mode":true,"campfire_choices":[{"data":"Anger","floor":7,"key":"SMITH"},{"data":"Anger","floor":11,"key":"SMITH"},{"floor":15,"key":"REST"},{"data":"Rage","floor":24,"key":"SMITH"},{"floor":29,"key":"REST"},{"data":"Rage","floor":32,"key":"SMITH"}],"neow_cost":"NONE","seed_source_timestamp":841340557641363,"circlet_count":0,"master_deck":["Strike_R","Strike_R","Strike_R","Strike_R","Defend_R","Defend_R","Defend_R","Defend_R","Bash","Thunderclap+1","Headbutt","Anger+1","Anger+1","Rage+1","Inflame","Reaper","Cleave","Anger+1","Pommel Strike","Shrug It Off+1","Rage+1","Anger+1"],"relics":["Burning Blood","Sundial","Mango","Gambling Chip","Nunchaku","Thread and Needle","Red Skull","Eternal Feather","MutagenicStrength","Dream Catcher","Molten Egg 2","Lantern","Membership Card","Calipers"],"potions_floor_usage":[10,23,23,27,27,33],"damage_taken":[{"damage":1,"enemies":"Cultist","floor":1,"turns":3},{"damage":8,"enemies":"Jaw Worm","floor":2,"turns":4},{"damage":10,"enemies":"Small Slimes","floor":4,"turns":3},{"damage":20,"enemies":"Gremlin Nob","floor":6,"turns":4},{"damage":41,"enemies":"3 Sentries","floor":8,"turns":7},{"damage":0,"enemies":"Gremlin Nob","floor":10,"turns":2},{"damage":5,"enemies":"3 Louse","floor":13,"turns":2},{"damage":34,"enemies":"Hexaghost","floor":16,"turns":7},{"damage":23,"enemies":"Shell Parasite","floor":18,"turns":5},{"damage":20,"enemies":"3 Byrds","floor":20,"turns":4},{"damage":17,"enemies":"Shelled Parasite and Fungi","floor":22,"turns":4},{"damage":21,"enemies":"Gremlin Leader","floor":23,"turns":4},{"damage":3,"enemies":"Cultist and Chosen","floor":25,"turns":4},{"damage":46,"enemies":"Book of Stabbing","floor":27,"turns":6},{"damage":12,"enemies":"Centurion and Healer","floor":30,"turns":4},{"damage":32,"enemies":"Shelled Parasite and Fungi","floor":31,"turns":5},{"damage":78,"enemies":"Champ","floor":33,"turns":7}],"seed_played":"5424874798640166200","potions_obtained":[{"floor":4,"key":"Fire Potion"},{"floor":13,"key":"SteroidPotion"},{"floor":18,"key":"BloodPotion"},{"floor":22,"key":"Regen Potion"},{"floor":25,"key":"AttackPotion"},{"floor":27,"key":"Swift Potion"},{"floor":30,"key":"LiquidBronze"}],"is_trial":false,"path_per_floor":["M","M","?","M","?","E","R","E","T","E","R","?","M","$","R","B",null,"M","?","M","?","M","E","R","M","T","E","$","R","M","M","R","B"],"character_chosen":"IRONCLAD","items_purchased":["Membership Card","Calipers"],"campfire_rested":2,"item_purchase_floors":[28,28],"current_hp_per_floor":[80,78,78,74,74,74,74,39,39,45,45,33,34,34,62,34,94,77,77,63,63,52,42,54,57,57,26,26,66,66,51,63,0],"gold":149,"neow_bonus":"HUNDRED_GOLD","is_prod":false,"is_daily":false,"chose_seed":false,"campfire_upgraded":4,"win_rate":0,"timestamp":1553998871,"path_taken":["M","?","?","M","?","E","R","E","T","E","R","?","?","$","R","BOSS","M","?","?","?","M","E","R","M","T","E","$","R","M","M","R","BOSS"],"build_version":"2019-01-23","purchased_purges":2,"victory":false,"max_hp_per_floor":[80,80,80,80,80,94,94,94,94,94,94,94,94,94,94,94,94,94,94,94,94,94,94,94,94,94,94,94,94,94,94,94,94],"card_choices":[{"not_picked":["Ghostly Armor","Battle Trance"],"picked":"Thunderclap","floor":1},{"not_picked":["Dual Wield","Infernal Blade"],"picked":"Headbutt","floor":2},{"not_picked":["Seeing Red","Second Wind"],"picked":"Anger","floor":4},{"not_picked":["True Grit","Entrench"],"picked":"Anger","floor":6},{"not_picked":["Shockwave","Headbutt"],"picked":"Rage","floor":8},{"not_picked":["Searing Blow","Cleave"],"picked":"Inflame","floor":10},{"not_picked":["Heavy Blade","Fire Breathing","Rampage"],"picked":"SKIP","floor":13},{"not_picked":["Brutality","Demon Form"],"picked":"Reaper","floor":16},{"not_picked":["Heavy Blade","Fire Breathing"],"picked":"Cleave","floor":18},{"not_picked":["Anger","Cleave+1"],"picked":"Pommel Strike","floor":20},{"not_picked":["Combust","Anger","Dual Wield"],"picked":"SKIP","floor":22},{"not_picked":["Perfected Strike","Body Slam"],"picked":"Shrug It Off+1","floor":23},{"not_picked":["Fiend Fire","True Grit","Heavy Blade"],"picked":"SKIP","floor":25},{"not_picked":["Metallicize","Armaments"],"picked":"Rage","floor":27},{"not_picked":["Sentinel","Shrug It Off"],"picked":"Anger+1","floor":30},{"not_picked":["Pummel+1","Sword Boomerang+1","Cleave+1"],"picked":"SKIP","floor":31}],"player_experience":333026,"relics_obtained":[{"floor":6,"key":"Mango"},{"floor":8,"key":"Gambling Chip"},{"floor":9,"key":"Nunchaku"},{"floor":10,"key":"Thread and Needle"},{"floor":23,"key":"Dream Catcher"},{"floor":26,"key":"Molten Egg 2"},{"floor":27,"key":"Lantern"}],"event_choices":[{"damage_healed":0,"gold_gain":0,"player_choice":"Grow","damage_taken":0,"max_hp_gain":0,"max_hp_loss":0,"event_name":"Living Wall","floor":3,"gold_loss":0,"cards_upgraded":["Thunderclap"]},{"damage_healed":0,"gold_gain":0,"player_choice":"Box","damage_taken":0,"relics_obtained":["Sundial"],"max_hp_gain":0,"max_hp_loss":0,"event_name":"Big Fish","floor":5,"gold_loss":0,"cards_obtained":["Regret"]},{"damage_healed":0,"gold_gain":0,"player_choice":"Success","damage_taken":12,"relics_obtained":["Red Skull"],"max_hp_gain":0,"max_hp_loss":0,"event_name":"Scrap Ooze","floor":12,"gold_loss":0},{"damage_healed":0,"gold_gain":0,"player_choice":"Copied","damage_taken":0,"max_hp_gain":0,"max_hp_loss":0,"event_name":"Duplicator","floor":19,"gold_loss":0,"cards_obtained":["Anger"]},{"damage_healed":0,"gold_gain":0,"player_choice":"Inject Mutagens","damage_taken":0,"relics_obtained":["MutagenicStrength"],"max_hp_gain":0,"max_hp_loss":0,"event_name":"Drug Dealer","floor":21,"gold_loss":0}],"is_beta":false,"boss_relics":[{"not_picked":["Runic Cube","Snecko Eye"],"picked":"Eternal Feather"}],"items_purged_floors":[14,28],"is_endless":false,"potions_floor_spawned":[4,13,18,22,25,27,30],"killed_by":"Champ","ascension_level":3}