{"gold_per_floor":[113,113,34,34,34,34,59,76,100,134,134,147,147,177,177,177],"floor_reached":16,"playtime":330,"items_purged":[],"score":262,"play_id":"fb77e0b2-d05e-490a-8fd3-040543a06522","local_time":"20190410213202","is_ascension_mode":true,"campfire_choices":[{"data":"Zap","floor":6,"key":"SMITH"},{"data":"Darkness","floor":11,"key":"SMITH"},{"data":"Darkness","floor":13,"key":"SMITH"},{"data":"Coolheaded","floor":15,"key":"SMITH"}],"neow_cost":"NONE","seed_source_timestamp":17009109694578,"circlet_count":0,"master_deck":["AscendersBane","Strike_B","Strike_B","Strike_B","Strike_B","Defend_B+1","Defend_B+1","Defend_B","Defend_B","Zap+1","Dualcast","Cold Snap","Blizzard","Hyperbeam","Darkness+1","Darkness+1","Coolheaded+1"],"relics":["Cracked Core","NeowsBlessing","Pear","Shuriken","Du-Vu Doll"],"potions_floor_usage":[16,16],"damage_taken":[{"damage":0,"enemies":"Jaw Worm","floor":1,"turns":1},{"damage":0,"enemies":"Lagavulin","floor":7,"turns":1},{"damage":0,"enemies":"2 Louse","floor":8,"turns":1},{"damage":33,"enemies":"3 Sentries","floor":10,"turns":7},{"damage":0,"enemies":"Cultist","floor":12,"turns":3},{"damage":12,"enemies":"Hexaghost","floor":16,"turns":7}],"seed_played":"8832692616113253061","potions_obtained":[{"floor":7,"key":"Fruit Juice"},{"floor":8,"key":"Swift Potion"}],"is_trial":false,"path_per_floor":["M","?","$","?","$","R","E","M","T","E","R","M","R","?","R","B"],"character_chosen":"DEFECT","items_purchased":["Blizzard"],"campfire_rested":0,"item_purchase_floors":[3],"current_hp_per_floor":[64,43,43,43,43,43,53,53,53,20,20,20,20,20,20,13],"gold":177,"neow_bonus":"THREE_ENEMY_KILL","is_prod":false,"is_daily":false,"chose_seed":false,"campfire_upgraded":4,"win_rate":0,"timestamp":1554957122,"path_taken":["M","?","$","?","$","R","E","M","T","E","R","M","R","?","R","BOSS"],"build_version":"2019-04-04","purchased_purges":0,"victory":false,"max_hp_per_floor":[71,71,71,71,71,71,81,81,81,81,81,81,81,81,81,86],"card_choices":[{"not_picked":["Coolheaded","Steam"],"picked":"Cold Snap","floor":1},{"not_picked":["Stack","Recycle"],"picked":"Hyperbeam","floor":7},{"not_picked":["Hello World","Fusion"],"picked":"Darkness","floor":8},{"not_picked":["Rip and Tear","Double Energy"],"picked":"Darkness","floor":10},{"not_picked":["Cold Snap","BootSequence"],"picked":"Coolheaded","floor":12}],"player_experience":1398838,"relics_obtained":[{"floor":7,"key":"Pear"},{"floor":10,"key":"Shuriken"}],"event_choices":[{"damage_healed":0,"gold_gain":0,"player_choice":"Entered Light","damage_taken":21,"max_hp_gain":0,"max_hp_loss":0,"event_name":"Shining Light","floor":2,"gold_loss":0,"cards_upgraded":["Defend_B","Defend_B"]},{"damage_healed":0,"gold_gain":0,"player_choice":"Leave","damage_taken":0,"max_hp_gain":0,"max_hp_loss":0,"event_name":"The Cleric","floor":4,"gold_loss":0},{"damage_healed":0,"gold_gain":30,"player_choice":"Searched \u00272\u0027 times","damage_taken":0,"relics_obtained":["Du-Vu Doll"],"max_hp_gain":0,"max_hp_loss":0,"event_name":"Dead Adventurer","floor":14,"gold_loss":0}],"is_beta":true,"boss_relics":[],"items_purged_floors":[],"is_endless":false,"potions_floor_spawned":[7,8],"killed_by":"Hexaghost","ascension_level":20}