{"gold_per_floor":[116,266,191,191,203,233,245,245,245,275,2,28,47,75,75,146,146,156,168,38,38,38,55,55,73,73,103,103,103,114,140,140,216,216,235,4,23,123,123,152,152,177,253,268,302,302,302,335,335,335,335,335,335,64,97,97],"floor_reached":57,"playtime":4293,"items_purged":["Strike_B"],"score":3143,"play_id":"c13b615b-2586-417b-9f2a-260908d8263b","local_time":"20190206230820","is_ascension_mode":true,"campfire_choices":[{"data":"Defragment","floor":8.0,"key":"SMITH"},{"data":"Apotheosis","floor":15.0,"key":"SMITH"},{"floor":24.0,"key":"REST"},{"floor":28.0,"key":"REST"},{"data":"Heatsinks","floor":32.0,"key":"SMITH"},{"data":"Seek","floor":41.0,"key":"SMITH"},{"floor":46.0,"key":"RECALL"},{"data":"Coolheaded","floor":49.0,"key":"SMITH"},{"floor":53,"key":"REST"}],"neow_cost":"NONE","seed_source_timestamp":0,"circlet_count":0,"master_deck":["AscendersBane","Strike_B+1","Strike_B+1","Defend_B+1","Defend_B+1","Defend_B+1","Defend_B+1","Zap","Dualcast","Hologram","Ball Lightning","Defragment+1","Apotheosis+1","Cold Snap","Defragment","Defragment","Fission","Ball Lightning","Coolheaded+1","Defragment","Coolheaded","Creative AI","Heatsinks+1","Seek+1","Self Repair","Loop","Blizzard+1","Chill","Skim"],"special_seed":0,"relics":["Cracked Core","NeowsBlessing","Thread and Needle","Turnip","Centennial Puzzle","Symbiotic Virus","Art of War","Sozu","Nilry\u0027s Codex","Cables","The Courier","Nuclear Battery","OrangePellets","WingedGreaves","Pocketwatch","Singing Bowl","Gremlin Horn","Ginger","Happy Flower","Incense Burner","Sundial"],"potions_floor_usage":[51],"damage_taken":[{"damage":0.0,"enemies":"Small Slimes","floor":1.0,"turns":1.0},{"damage":0.0,"enemies":"2 Louse","floor":5.0,"turns":1.0},{"damage":0.0,"enemies":"Lagavulin","floor":6.0,"turns":1.0},{"damage":0.0,"enemies":"Cultist","floor":7.0,"turns":3.0},{"damage":14.0,"enemies":"3 Sentries","floor":10.0,"turns":5.0},{"damage":2.0,"enemies":"Gremlin Nob","floor":12.0,"turns":3.0},{"damage":4.0,"enemies":"3 Louse","floor":13.0,"turns":3.0},{"damage":0.0,"enemies":"Lagavulin","floor":14.0,"turns":4.0},{"damage":0.0,"enemies":"The Guardian","floor":16.0,"turns":7.0},{"damage":4.0,"enemies":"Shell Parasite","floor":18.0,"turns":3.0},{"damage":0.0,"enemies":"3 Byrds","floor":19.0,"turns":4.0},{"damage":1.0,"enemies":"Snecko","floor":23.0,"turns":5.0},{"damage":3.0,"enemies":"Chosen and Byrds","floor":25.0,"turns":5.0},{"damage":29.0,"enemies":"Gremlin Leader","floor":27.0,"turns":6.0},{"damage":10.0,"enemies":"Centurion and Healer","floor":30.0,"turns":6.0},{"damage":4.0,"enemies":"Book of Stabbing","floor":31.0,"turns":3.0},{"damage":0.0,"enemies":"Collector","floor":33.0,"turns":9.0},{"damage":0.0,"enemies":"3 Darklings","floor":35.0,"turns":6.0},{"damage":0.0,"enemies":"3 Shapes","floor":37.0,"turns":4.0},{"damage":15.0,"enemies":"Mind Bloom Boss Battle","floor":38.0,"turns":5.0},{"damage":7.0,"enemies":"Giant Head","floor":40.0,"turns":8.0},{"damage":3.0,"enemies":"Reptomancer","floor":42.0,"turns":7.0},{"damage":13.0,"enemies":"3 Darklings","floor":44.0,"turns":12.0},{"damage":9.0,"enemies":"Giant Head","floor":45.0,"turns":8.0},{"damage":0.0,"enemies":"Nemesis","floor":48.0,"turns":11.0},{"damage":35.0,"enemies":"Time Eater","floor":50.0,"turns":12.0},{"damage":49,"enemies":"Awakened One","floor":51,"turns":30},{"damage":19,"enemies":"Shield and Spear","floor":55,"turns":9},{"damage":39,"enemies":"The Heart","floor":56,"turns":11}],"seed_played":"-3243035013697027479","potions_obtained":[{"floor":5.0,"key":"PowerPotion"},{"floor":10.0,"key":"AttackPotion"},{"floor":13.0,"key":"AttackPotion"}],"is_trial":false,"path_per_floor":["M","?","?","?","M","E","M","R","T","E","$","E","M","E","R","B",null,"M","M","$","?","?","M","R","M","T","E","R","?","M","E","R","B",null,"M","$","M","?","?","E","R","E","T","M","E","R","?","E","R","B","B",null,"R","$","E","B",null],"character_chosen":"DEFECT","items_purchased":["Apotheosis","Coolheaded","Defragment","OrangePellets","Self Repair","Incense Burner"],"campfire_rested":3,"item_purchase_floors":[11,20,20,36,36,54],"current_hp_per_floor":[64,64,64,64,64,64,64,64,64,50,50,48,44,44,44,44,64,60,60,60,60,39,38,59,56,56,27,48,48,38,34,34,34,62,62,62,71,66,66,69,69,71,71,73,75,75,71,81,81,56,27,68,81,81,64,35],"gold":97,"neow_bonus":"THREE_ENEMY_KILL","is_prod":false,"is_daily":false,"chose_seed":false,"campfire_upgraded":5,"win_rate":0,"timestamp":1549523300,"path_taken":["M","?","?","?","M","E","M","R","T","E","$","E","M","E","R","BOSS","M","?","$","?","?","M","R","M","T","E","R","?","?","E","R","BOSS","M","$","M","?","?","E","R","E","T","M","E","R","?","E","R","BOSS","BOSS","R","$","E","BOSS"],"build_version":"2019-01-23","purchased_purges":1,"victory":true,"max_hp_per_floor":[71,71,71,71,71,71,71,71,71,71,71,71,71,71,71,71,71,71,71,71,71,71,71,71,71,71,71,71,71,71,71,71,71,71,71,71,71,71,71,71,71,71,71,73,75,75,81,81,81,81,81,81,81,81,83,83],"card_choices":[{"not_picked":["Stack","Streamline"],"picked":"Hologram","floor":1.0},{"not_picked":["Rebound","Go for the Eyes"],"picked":"Ball Lightning","floor":5.0},{"not_picked":["Rebound","Double Energy","Steam Power"],"picked":"SKIP","floor":6.0},{"not_picked":["Streamline","All For One"],"picked":"Defragment","floor":7.0},{"not_picked":["Streamline","Compile Driver","Reboot"],"picked":"SKIP","floor":10.0},{"not_picked":["Skim","Double Energy"],"picked":"Cold Snap","floor":12.0},{"not_picked":["Rebound","Coolheaded"],"picked":"Defragment","floor":13.0},{"not_picked":["Conserve Battery","Compile Driver"],"picked":"Defragment","floor":14.0},{"not_picked":["Rainbow","Creative AI"],"picked":"Fission","floor":16.0},{"not_picked":["Recycle","Beam Cell","Darkness"],"picked":"SKIP","floor":18.0},{"not_picked":["Turbo+1","Redo"],"picked":"Ball Lightning","floor":19.0},{"not_picked":["Beam Cell","Undo"],"picked":"Coolheaded","floor":23.0},{"not_picked":["Fusion","Conserve Battery","Gash"],"picked":"SKIP","floor":25.0},{"not_picked":["Steam Power","Rebound","BootSequence"],"picked":"SKIP","floor":27.0},{"not_picked":["Chill","Leap"],"picked":"Creative AI","floor":30.0},{"not_picked":["Compile Driver","Tempest"],"picked":"Heatsinks","floor":31.0},{"not_picked":["Core Surge","Biased Cognition"],"picked":"Seek","floor":33.0},{"not_picked":["Rebound","Redo","Turbo"],"picked":"SKIP","floor":35.0},{"not_picked":["Hologram+1","Cold Snap+1"],"picked":"Loop","floor":37.0},{"not_picked":["Core Surge","Beam Cell"],"picked":"Blizzard+1","floor":40.0},{"not_picked":["Compile Driver","Ball Lightning"],"picked":"Chill","floor":42.0},{"not_picked":["Rebound","Ball Lightning","Gash"],"picked":"Singing Bowl","floor":44.0},{"not_picked":["Sweeping Beam+1","Fusion","Stack+1"],"picked":"Singing Bowl","floor":45.0},{"not_picked":["Jack Of All Trades","Dramatic Entrance","Secret Weapon"],"picked":"Singing Bowl","floor":47.0},{"not_picked":["Mayhem","Mind Blast","Blind"],"picked":"Singing Bowl","floor":47.0},{"not_picked":["The Bomb","Violence","Impatience"],"picked":"Singing Bowl","floor":47.0},{"not_picked":["Streamline","Defragment"],"picked":"Skim","floor":48.0},{"not_picked":["White Noise+1","Heatsinks+1","Stack"],"picked":"Singing Bowl","floor":55}],"player_experience":1091936,"relics_obtained":[{"floor":6.0,"key":"Thread and Needle"},{"floor":9.0,"key":"Turnip"},{"floor":10.0,"key":"Centennial Puzzle"},{"floor":12.0,"key":"Symbiotic Virus"},{"floor":14.0,"key":"Art of War"},{"floor":22.0,"key":"Nilry\u0027s Codex"},{"floor":27.0,"key":"Cables"},{"floor":31.0,"key":"The Courier"},{"floor":38.0,"key":"WingedGreaves"},{"floor":40.0,"key":"Pocketwatch"},{"floor":42.0,"key":"Singing Bowl"},{"floor":43.0,"key":"Gremlin Horn"},{"floor":45.0,"key":"Ginger"},{"floor":48.0,"key":"Happy Flower"},{"floor":55,"key":"Sundial"}],"event_choices":[{"damage_healed":0.0,"max_hp_gain":0.0,"max_hp_loss":0.0,"gold_gain":150.0,"event_name":"Liars Game","player_choice":"AGREE","floor":2.0,"gold_loss":0.0,"damage_taken":0.0,"cards_obtained":["Doubt"]},{"cards_removed":["Doubt"],"damage_healed":0.0,"max_hp_gain":0.0,"max_hp_loss":0.0,"gold_gain":0.0,"event_name":"The Cleric","player_choice":"Card Removal","floor":3.0,"gold_loss":75.0,"damage_taken":0.0},{"damage_healed":0.0,"max_hp_gain":0.0,"max_hp_loss":0.0,"gold_gain":0.0,"cards_transformed":["Strike_B"],"event_name":"Transmorgrifier","player_choice":"Transformed","floor":4.0,"gold_loss":0.0,"damage_taken":0.0,"cards_obtained":["Defragment"]},{"damage_healed":0.0,"max_hp_gain":0.0,"max_hp_loss":0.0,"gold_gain":0.0,"event_name":"Back to Basics","player_choice":"Simplicity","floor":21.0,"gold_loss":0.0,"damage_taken":0.0,"cards_upgraded":["Strike_B","Strike_B","Defend_B","Defend_B","Defend_B","Defend_B"]},{"damage_healed":0.0,"max_hp_gain":0.0,"max_hp_loss":0.0,"gold_gain":0.0,"event_name":"Cursed Tome","player_choice":"Obtained Book","floor":22.0,"gold_loss":0.0,"damage_taken":21.0},{"damage_healed":0.0,"max_hp_gain":0.0,"max_hp_loss":0.0,"gold_gain":0.0,"event_name":"The Mausoleum","player_choice":"Ignored","floor":29.0,"gold_loss":0.0,"damage_taken":0.0},{"damage_healed":0.0,"max_hp_gain":0.0,"max_hp_loss":0.0,"gold_gain":0.0,"event_name":"MindBloom","player_choice":"Fight","floor":38.0,"gold_loss":0.0,"damage_taken":0.0},{"cards_removed":["Defragment"],"damage_healed":0.0,"max_hp_gain":0.0,"max_hp_loss":0.0,"gold_gain":0.0,"event_name":"Falling","player_choice":"Removed Power","floor":39.0,"gold_loss":0.0,"damage_taken":0.0},{"damage_healed":0.0,"max_hp_gain":0.0,"max_hp_loss":0.0,"gold_gain":0.0,"event_name":"SensoryStone","player_choice":"Memory 3","floor":47.0,"gold_loss":0.0,"damage_taken":10.0}],"is_beta":true,"boss_relics":[{"not_picked":["Eternal Feather","Busted Crown"],"picked":"Sozu"},{"not_picked":["Coffee Dripper","Runic Pyramid"],"picked":"Nuclear Battery"}],"items_purged_floors":[11],"is_endless":false,"potions_floor_spawned":[5,10,13,18,19,25,38,42,45,48],"ascension_level":20}