{"gold_per_floor":[116,116,130,130,150,178,195,195,195,145,21,21,38,55,55,152,152,152,152,17,17,17,17,17,17,17,17,17,17,17,17,17,17,17,17,17,17,17,17,17,17,17,17,17,17,17,17,17,17,17],"floor_reached":51,"playtime":3352,"items_purged":["Defend_B","Strike_B"],"score":670,"play_id":"cea39aeb-17ab-41cb-b2c3-2b2348bd5b0c","local_time":"20190419010249","is_ascension_mode":false,"campfire_choices":[{"data":"Ball Lightning","floor":8,"key":"SMITH"},{"data":"Cold Snap","floor":12,"key":"SMITH"},{"floor":15,"key":"REST"},{"data":"Defragment","floor":24,"key":"SMITH"},{"data":"Thunder Strike","floor":32,"key":"SMITH"},{"data":"Ball Lightning","floor":40,"key":"SMITH"},{"data":"Capacitor","floor":44,"key":"SMITH"},{"floor":46,"key":"REST"},{"data":"Static Discharge","floor":49,"key":"SMITH"}],"neow_cost":"PERCENT_DAMAGE","seed_source_timestamp":0,"circlet_count":0,"master_deck":["Strike_B+1","Strike_B","Defend_B","Defend_B","Defend_B","Zap+1","Dualcast","FTL","Leap","Ball Lightning+1","Coolheaded","Cold Snap+1","Ball Lightning+1","Thunder Strike+1","Chaos+1","Chaos+1","Defragment+1","Ball Lightning+1","Doom and Gloom+1","Compile Driver+1","Echo Form","Flash of Steel","Compile Driver+1","Capacitor+1","Compile Driver+1","Static Discharge+1"],"special_seed":0,"relics":["Cracked Core","Du-Vu Doll","Shuriken","Bag of Marbles","Dodecahedron","Ectoplasm","MutagenicStrength","Centennial Puzzle","Lantern","Nuclear Battery","Whetstone","Meat on the Bone"],"potions_floor_usage":[6,16,16,19,25,33,47,50,50],"damage_taken":[{"damage":1.0,"enemies":"2 Louse","floor":1.0,"turns":2.0},{"damage":1.0,"enemies":"Jaw Worm","floor":3.0,"turns":4.0},{"damage":5,"enemies":"Small Slimes","floor":5,"turns":4},{"damage":16,"enemies":"Gremlin Nob","floor":6,"turns":3},{"damage":0,"enemies":"2 Fungi Beasts","floor":7,"turns":2},{"damage":1,"enemies":"Red Slaver","floor":13,"turns":3},{"damage":3,"enemies":"Exordium Thugs","floor":14,"turns":3},{"damage":23,"enemies":"The Guardian","floor":16,"turns":8},{"damage":0,"enemies":"3 Byrds","floor":18,"turns":3},{"damage":0,"enemies":"Shell Parasite","floor":19,"turns":3},{"damage":1,"enemies":"Centurion and Healer","floor":25,"turns":4},{"damage":3,"enemies":"Cultist and Chosen","floor":27,"turns":3},{"damage":13,"enemies":"Gremlin Leader","floor":29,"turns":4},{"damage":13,"enemies":"Collector","floor":33,"turns":5},{"damage":22,"enemies":"3 Darklings","floor":35,"turns":3},{"damage":0,"enemies":"Orb Walker","floor":38,"turns":1},{"damage":14,"enemies":"Nemesis","floor":41,"turns":3},{"damage":0,"enemies":"3 Darklings","floor":42,"turns":3},{"damage":2,"enemies":"Sphere and 2 Shapes","floor":47,"turns":3},{"damage":1,"enemies":"Maw","floor":48,"turns":4},{"damage":43,"enemies":"Awakened One","floor":50,"turns":5}],"seed_played":"-3517641937376293974","potions_obtained":[{"floor":3,"key":"Dexterity Potion"},{"floor":5,"key":"Swift Potion"},{"floor":6,"key":"Strength Potion"},{"floor":7,"key":"SpeedPotion"},{"floor":16,"key":"GamblersBrew"},{"floor":18,"key":"Swift Potion"},{"floor":27,"key":"FearPotion"},{"floor":41,"key":"FearPotion"},{"floor":42,"key":"EssenceOfSteel"},{"floor":45,"key":"FocusPotion"}],"is_trial":false,"path_per_floor":["M","?","M","?","M","E","M","R","T","?","$","R","M","M","R","B",null,"M","M","$","?","?","?","R","M","T","M","$","E","$","?","R","B",null,"M","?","?","M","?","R","E","M","T","R","?","R","M","M","R","B",null],"character_chosen":"DEFECT","items_purchased":["Cold Snap","Defragment"],"campfire_rested":2,"item_purchase_floors":[11,20],"current_hp_per_floor":[53,35,34,34,29,13,13,13,13,13,13,13,12,9,31,8,75,75,75,75,75,75,68,68,67,67,64,64,51,51,51,51,38,75,53,53,53,53,53,53,39,39,39,39,39,61,59,58,58,27],"gold":17,"neow_bonus":"ONE_RARE_RELIC","is_prod":false,"is_daily":false,"chose_seed":false,"campfire_upgraded":7,"win_rate":0.0,"timestamp":1555650169,"path_taken":["M","?","M","?","M","E","M","R","T","?","$","R","M","M","R","BOSS","M","M","$","?","?","?","R","?","T","M","$","E","?","?","R","BOSS","M","?","?","M","?","R","E","M","T","R","?","R","?","M","R","BOSS"],"build_version":"2019-01-23","purchased_purges":2,"victory":true,"max_hp_per_floor":[75,75,75,75,75,75,75,75,75,75,75,75,75,75,75,75,75,75,75,75,75,75,75,75,75,75,75,75,75,75,75,75,75,75,75,75,75,75,75,75,75,75,75,75,75,75,75,75,75,75],"card_choices":[{"not_picked":["Stack","Rip and Tear","Storm"],"picked":"SKIP","floor":1.0},{"not_picked":["Reprogram","Turbo"],"picked":"FTL","floor":3},{"not_picked":["Rebound","Self Repair"],"picked":"Leap","floor":5},{"not_picked":["Force Field","Echo Form"],"picked":"Ball Lightning","floor":6},{"not_picked":["Darkness","Rebound"],"picked":"Coolheaded","floor":7},{"not_picked":["Self Repair","Blizzard"],"picked":"Sweeping Beam","floor":13},{"not_picked":["Leap","Gash"],"picked":"Ball Lightning","floor":14},{"not_picked":["Meteor Strike","Biased Cognition"],"picked":"Thunder Strike","floor":16},{"not_picked":["Leap","Beam Cell+1"],"picked":"Chaos+1","floor":18},{"not_picked":["Beam Cell","Sweeping Beam"],"picked":"Chaos+1","floor":19},{"not_picked":["Force Field","Gash"],"picked":"Ball Lightning+1","floor":25},{"not_picked":["Rebound","Scrape"],"picked":"Doom and Gloom+1","floor":27},{"not_picked":["Reinforced Body","Rebound"],"picked":"Compile Driver","floor":29},{"not_picked":["Thunder Strike","Meteor Strike"],"picked":"Echo Form","floor":33},{"not_picked":["Coolheaded+1","Self Repair","Beam Cell"],"picked":"SKIP","floor":35},{"not_picked":["Jack Of All Trades","Chrysalis"],"picked":"Flash of Steel","floor":37},{"not_picked":["Turbo+1","Coolheaded+1"],"picked":"Compile Driver+1","floor":38},{"not_picked":["Rebound+1","Sweeping Beam+1","Force Field+1"],"picked":"SKIP","floor":41},{"not_picked":["Barrage","Sweeping Beam+1"],"picked":"Capacitor","floor":42},{"not_picked":["Genetic Algorithm","Aggregate+1"],"picked":"Compile Driver+1","floor":47},{"not_picked":["Rebound+1","Force Field+1"],"picked":"Static Discharge","floor":48}],"player_experience":102585,"relics_obtained":[{"floor":6,"key":"Bag of Marbles"},{"floor":9,"key":"Dodecahedron"},{"floor":26,"key":"Centennial Puzzle"},{"floor":29,"key":"Lantern"},{"floor":41,"key":"Whetstone"},{"floor":43,"key":"Meat on the Bone"}],"event_choices":[{"damage_healed":0.0,"max_hp_gain":0.0,"max_hp_loss":0.0,"gold_gain":0.0,"event_name":"Scrap Ooze","player_choice":"Success","floor":2.0,"gold_loss":0.0,"damage_taken":18.0,"relics_obtained":["Shuriken"]},{"damage_healed":0,"gold_gain":0,"player_choice":"Grow","damage_taken":0,"max_hp_gain":0,"max_hp_loss":0,"event_name":"Living Wall","floor":4,"gold_loss":0,"cards_upgraded":["Zap"]},{"cards_removed":["Strike_B"],"damage_healed":0,"gold_gain":0,"player_choice":"Card Removal","damage_taken":0,"max_hp_gain":0,"max_hp_loss":0,"event_name":"The Cleric","floor":10,"gold_loss":50},{"damage_healed":0,"gold_gain":0,"player_choice":"Ignored","damage_taken":0,"max_hp_gain":0,"max_hp_loss":0,"event_name":"Vampires","floor":21,"gold_loss":0},{"damage_healed":0,"gold_gain":0,"player_choice":"Inject Mutagens","damage_taken":0,"relics_obtained":["MutagenicStrength"],"max_hp_gain":0,"max_hp_loss":0,"event_name":"Drug Dealer","floor":22,"gold_loss":0},{"damage_healed":0,"gold_gain":75,"player_choice":"Touch","damage_taken":7,"max_hp_gain":0,"max_hp_loss":0,"event_name":"FaceTrader","floor":23,"gold_loss":0},{"damage_healed":0,"gold_gain":0,"player_choice":"Ignored","damage_taken":0,"max_hp_gain":0,"max_hp_loss":0,"event_name":"The Mausoleum","floor":31,"gold_loss":0},{"damage_healed":0,"gold_gain":0,"player_choice":"Ignored","damage_taken":0,"max_hp_gain":0,"max_hp_loss":0,"event_name":"Mysterious Sphere","floor":36,"gold_loss":0},{"damage_healed":0,"gold_gain":0,"player_choice":"Memory 1","damage_taken":0,"max_hp_gain":0,"max_hp_loss":0,"event_name":"SensoryStone","floor":37,"gold_loss":0},{"cards_removed":["Sweeping Beam"],"damage_healed":0,"gold_gain":0,"player_choice":"Removed Attack","damage_taken":0,"max_hp_gain":0,"max_hp_loss":0,"event_name":"Falling","floor":39,"gold_loss":0},{"damage_healed":0,"gold_gain":0,"player_choice":"Got Potions","damage_taken":0,"max_hp_gain":0,"max_hp_loss":0,"event_name":"Lab","floor":45,"gold_loss":0}],"is_beta":false,"boss_relics":[{"not_picked":["Orrery","Lizard Tail"],"picked":"Ectoplasm"},{"not_picked":["Pandora\u0027s Box","Cursed Key"],"picked":"Nuclear Battery"}],"items_purged_floors":[11,20],"is_endless":false,"potions_floor_spawned":[3,5,6,7,16,18,27,41,42],"ascension_level":0}