{"gold_per_floor":[118,128,128,278,147,147,178,103,151,171,171,206,218,237,237,314,314,330,430,430],"floor_reached":20,"playtime":619,"items_purged":["Doubt"],"score":364,"play_id":"594bea82-fedf-497e-afe8-f3a25805ffb3","local_time":"20190224023102","is_ascension_mode":true,"campfire_choices":[{"data":"Carnage","floor":6,"key":"SMITH"},{"data":"Bash","floor":11,"key":"SMITH"},{"data":"Demon Form","floor":15,"key":"SMITH"}],"neow_cost":"NONE","seed_source_timestamp":2352049863522670,"circlet_count":0,"master_deck":["AscendersBane","Strike_R","Strike_R","Strike_R","Defend_R","Defend_R","Defend_R","Defend_R","Bash+1","Feel No Pain","Carnage+1","Demon Form+1","Thunderclap","Fiend Fire","Fiend Fire","Sentinel"],"relics":["Burning Blood","Incense Burner","The Courier","Vajra","Juzu Bracelet","Runic Pyramid","Du-Vu Doll","Bottled Tornado"],"potions_floor_usage":[7,19],"damage_taken":[{"damage":5,"enemies":"2 Louse","floor":1,"turns":4},{"damage":4,"enemies":"Jaw Worm","floor":2,"turns":5},{"damage":20,"enemies":"Lagavulin","floor":7,"turns":5},{"damage":1,"enemies":"Small Slimes","floor":10,"turns":3},{"damage":17,"enemies":"3 Sentries","floor":12,"turns":7},{"damage":8,"enemies":"Blue Slaver","floor":13,"turns":2},{"damage":7,"enemies":"Exordium Wildlife","floor":14,"turns":4},{"damage":12,"enemies":"The Guardian","floor":16,"turns":6},{"damage":15,"enemies":"3 Byrds","floor":18,"turns":6},{"damage":23,"enemies":"Colosseum Slavers","floor":19,"turns":5},{"damage":21,"enemies":"Colosseum Nobs","floor":19,"turns":5},{"damage":21,"enemies":"Shell Parasite","floor":20,"turns":1}],"seed_played":"8251428333968506059","potions_obtained":[{"floor":2,"key":"Swift Potion"},{"floor":14,"key":"Strength Potion"}],"is_trial":false,"path_per_floor":["M","M","?","?","$","R","E","?","T","M","R","E","M","M","R","B",null,"M","?","M"],"character_chosen":"IRONCLAD","items_purchased":["PowerPotion"],"campfire_rested":0,"item_purchase_floors":[5],"current_hp_per_floor":[69,71,53,53,53,53,39,39,39,44,44,33,31,30,30,24,62,53,21,0],"gold":430,"neow_bonus":"REMOVE_CARD","is_prod":false,"is_daily":false,"chose_seed":false,"campfire_upgraded":3,"win_rate":0,"timestamp":1551004262,"path_taken":["M","M","?","?","$","R","E","?","T","M","R","E","M","M","R","BOSS","M","?","M"],"build_version":"2019-02-06","purchased_purges":1,"victory":false,"max_hp_per_floor":[75,75,75,75,75,75,75,75,75,75,75,75,75,75,75,75,75,75,75,75],"card_choices":[{"not_picked":["Headbutt","Thunderclap"],"picked":"Feel No Pain","floor":1},{"not_picked":["Ghostly Armor","Sword Boomerang"],"picked":"Carnage","floor":2},{"not_picked":["Flex","Entrench"],"picked":"Demon Form","floor":7},{"not_picked":["Havoc","Headbutt","Wild Strike"],"picked":"SKIP","floor":10},{"not_picked":["Havoc","Pommel Strike","Fire Breathing"],"picked":"SKIP","floor":12},{"not_picked":["Hemokinesis","Sentinel"],"picked":"Thunderclap","floor":13},{"not_picked":["Infernal Blade","Clothesline"],"picked":"Fiend Fire","floor":14},{"not_picked":["Dark Embrace","Juggernaut"],"picked":"Fiend Fire","floor":16},{"not_picked":["Hemokinesis","Metallicize","Clash"],"picked":"SKIP","floor":18},{"not_picked":["Warcry","Wild Strike+1"],"picked":"Sentinel","floor":19}],"player_experience":1238416,"relics_obtained":[{"floor":7,"key":"The Courier"},{"floor":9,"key":"Vajra"},{"floor":12,"key":"Juzu Bracelet"},{"floor":19,"key":"Du-Vu Doll"},{"floor":19,"key":"Bottled Tornado"}],"event_choices":[{"damage_healed":0,"gold_gain":0,"player_choice":"Success","damage_taken":18,"relics_obtained":["Incense Burner"],"max_hp_gain":0,"max_hp_loss":0,"event_name":"Scrap Ooze","floor":3,"gold_loss":0},{"damage_healed":0,"gold_gain":150,"player_choice":"AGREE","damage_taken":0,"max_hp_gain":0,"max_hp_loss":0,"event_name":"Liars Game","floor":4,"gold_loss":0,"cards_obtained":["Doubt"]},{"cards_removed":["Strike_R"],"damage_healed":0,"gold_gain":0,"player_choice":"Card Removal","damage_taken":0,"max_hp_gain":0,"max_hp_loss":0,"event_name":"The Cleric","floor":8,"gold_loss":75},{"damage_healed":0,"gold_gain":0,"player_choice":"Fight","damage_taken":0,"max_hp_gain":0,"max_hp_loss":0,"event_name":"Colosseum","floor":19,"gold_loss":0},{"damage_healed":0,"gold_gain":0,"player_choice":"Fought Nobs","damage_taken":0,"max_hp_gain":0,"max_hp_loss":0,"event_name":"Colosseum","floor":19,"gold_loss":0}],"is_beta":true,"boss_relics":[{"not_picked":["White Beast Statue","Runic Cube"],"picked":"Runic Pyramid"}],"items_purged_floors":[5],"is_endless":false,"potions_floor_spawned":[2,14,16,18],"killed_by":"Shell Parasite","ascension_level":20}