{"gold_per_floor":[111,111,211,58,78,106,106,134,134,162,162,0,0,27,27,27],"floor_reached":16,"playtime":379,"items_purged":["Strike_B"],"score":353,"play_id":"f6aa23a5-917b-4f2a-9b4c-275e9f1e9371","local_time":"20190217211039","is_ascension_mode":true,"campfire_choices":[{"data":"Zap","floor":7.0,"key":"SMITH"},{"data":"Loop","floor":11,"key":"SMITH"},{"data":"Reinforced Body","floor":15,"key":"SMITH"}],"neow_cost":"NONE","seed_source_timestamp":1976366910435318,"circlet_count":0,"master_deck":["AscendersBane","Strike_B+1","Strike_B","Strike_B+1","Defend_B","Defend_B","Defend_B","Defend_B","Zap+1","Dualcast","Ball Lightning","Loop+1","Cold Snap","Reinforced Body+1","Fission+1"],"special_seed":0,"relics":["Cracked Core","NeowsBlessing","Mango","Whetstone","FossilizedHelix","Strawberry","Art of War","Toxic Egg 2","Odd Mushroom"],"potions_floor_usage":[],"damage_taken":[{"damage":0.0,"enemies":"Cultist","floor":1.0,"turns":1.0},{"damage":0.0,"enemies":"Jaw Worm","floor":5.0,"turns":1.0},{"damage":0.0,"enemies":"Gremlin Nob","floor":6.0,"turns":1.0},{"damage":26,"enemies":"Lagavulin","floor":8,"turns":7},{"damage":0,"enemies":"Gremlin Nob","floor":10,"turns":4},{"damage":4,"enemies":"The Mushroom Lair","floor":14,"turns":4},{"damage":50,"enemies":"Hexaghost","floor":16,"turns":11}],"seed_played":"-2385251603716657446","potions_obtained":[{"floor":1.0,"key":"Dexterity Potion"},{"floor":6.0,"key":"FearPotion"}],"is_trial":false,"path_per_floor":["M","$","?","$","M","E","R","E","T","E","R","$","?","?","R","B"],"character_chosen":"DEFECT","items_purchased":["Loop","Art of War"],"campfire_rested":0,"item_purchase_floors":[4,12],"current_hp_per_floor":[64,64,64,64,64,78,78,52,52,59,59,59,54,50,50,0],"gold":27,"neow_bonus":"THREE_ENEMY_KILL","is_prod":false,"is_daily":false,"chose_seed":false,"campfire_upgraded":3,"win_rate":0,"timestamp":1550466639,"path_taken":["M","$","?","$","?","E","R","E","T","E","R","?","?","?","R","BOSS"],"build_version":"2019-02-06","purchased_purges":1,"victory":false,"max_hp_per_floor":[71,71,71,71,71,85,85,85,85,92,92,92,92,92,92,92],"card_choices":[{"not_picked":["Beam Cell","Sweeping Beam"],"picked":"Ball Lightning","floor":1.0},{"not_picked":["Gash","Beam Cell","Sunder"],"picked":"SKIP","floor":5.0},{"not_picked":["Skim","Coolheaded"],"picked":"Cold Snap","floor":6.0},{"not_picked":["Streamline","Conserve Battery"],"picked":"Reinforced Body","floor":8},{"not_picked":["Gash","Skim","Streamline"],"picked":"SKIP","floor":10},{"not_picked":["Gash","Skim","Streamline"],"picked":"SKIP","floor":10},{"not_picked":["Doom and Gloom","Double Energy+1"],"picked":"Fission+1","floor":14}],"player_experience":1193929,"relics_obtained":[{"floor":6.0,"key":"Mango"},{"floor":8,"key":"Whetstone"},{"floor":9,"key":"FossilizedHelix"},{"floor":10,"key":"Strawberry"},{"floor":14,"key":"Odd Mushroom"}],"event_choices":[{"damage_healed":0.0,"max_hp_gain":0.0,"max_hp_loss":0.0,"gold_gain":100.0,"event_name":"Wheel of Change","player_choice":"Gold","floor":3.0,"gold_loss":0.0,"damage_taken":0.0},{"damage_healed":0,"gold_gain":0,"player_choice":"Success","damage_taken":5,"relics_obtained":["Toxic Egg 2"],"max_hp_gain":0,"max_hp_loss":0,"event_name":"Scrap Ooze","floor":13,"gold_loss":0},{"damage_healed":0,"gold_gain":0,"player_choice":"Fought Mushrooms","damage_taken":0,"max_hp_gain":0,"max_hp_loss":0,"event_name":"Mushrooms","floor":14,"gold_loss":0}],"is_beta":true,"boss_relics":[],"items_purged_floors":[4],"is_endless":false,"potions_floor_spawned":[1,6,8],"killed_by":"Hexaghost","ascension_level":20}