{"gold_per_floor":[366,384,70,70,70,95,95,129,154,154,154,40,40,56,56,155,155,142,42,62,82,93,93,128,128,155,155,174,49,63,162,162,259,259,271,271,288,341,187,187,187,37,37,37,62,162,179,22,22,22],"floor_reached":51,"playtime":3356,"items_purged":["Strike_G","Strike_G","Strike_G","Defend_G"],"score":944,"play_id":"0eee7e02-65f7-4969-b71c-9bc1b6c07f53","local_time":"20190422154049","is_ascension_mode":true,"campfire_choices":[{"data":"Deadly Poison","floor":7.0,"key":"SMITH"},{"floor":10.0,"key":"REST"},{"data":"Neutralize","floor":13.0,"key":"SMITH"},{"data":"Footwork","floor":15.0,"key":"SMITH"},{"floor":23.0,"key":"REST"},{"data":"Bouncing Flask","floor":25.0,"key":"SMITH"},{"data":"Crippling Poison","floor":27.0,"key":"SMITH"},{"floor":32.0,"key":"REST"},{"data":"Survivor","floor":40,"key":"SMITH"},{"data":"Defend_G","floor":44,"key":"SMITH"},{"floor":49,"key":"DIG"}],"neow_cost":"TEN_PERCENT_HP_LOSS","seed_source_timestamp":971708112849349,"circlet_count":0,"master_deck":["Defend_G+1","Defend_G","Defend_G","Defend_G+1","Survivor+1","Neutralize+1","Deadly Poison+1","Crippling Poison+1","Blur+1","Footwork+1","Bouncing Flask+1","Dodge and Roll+1","Backflip+1","Dodge and Roll+1","Deadly Poison+1","Backflip+1"],"special_seed":0,"relics":["Ring of the Serpent","Gambling Chip","Omamori","Mummified Hand","Orichalcum","Mercury Hourglass","Pen Nib","Cursed Key","Bronze Scales","War Paint","Bottled Lightning","The Courier","Shovel","Ninja Scroll"],"potions_floor_usage":[50,50,50],"damage_taken":[{"damage":0.0,"enemies":"Jaw Worm","floor":1.0,"turns":6.0},{"damage":0.0,"enemies":"2 Louse","floor":2.0,"turns":2.0},{"damage":27.0,"enemies":"3 Sentries","floor":6.0,"turns":14.0},{"damage":21.0,"enemies":"Lagavulin","floor":8.0,"turns":9.0},{"damage":0.0,"enemies":"Small Slimes","floor":14.0,"turns":2.0},{"damage":20.0,"enemies":"Slime Boss","floor":16.0,"turns":12.0},{"damage":14.0,"enemies":"2 Thieves","floor":18.0,"turns":4.0},{"damage":0.0,"enemies":"Shell Parasite","floor":20.0,"turns":5.0},{"damage":0.0,"enemies":"Snecko","floor":21.0,"turns":6.0},{"damage":0.0,"enemies":"Cultist and Chosen","floor":22.0,"turns":9.0},{"damage":12.0,"enemies":"Slavers","floor":24.0,"turns":12.0},{"damage":2.0,"enemies":"Shelled Parasite and Fungi","floor":28.0,"turns":6.0},{"damage":0.0,"enemies":"Centurion and Healer","floor":30.0,"turns":7.0},{"damage":14.0,"enemies":"Champ","floor":33.0,"turns":14.0},{"damage":2,"enemies":"3 Darklings","floor":35,"turns":6},{"damage":0,"enemies":"Orb Walker","floor":37,"turns":4},{"damage":5,"enemies":"Reptomancer","floor":45,"turns":7},{"damage":0,"enemies":"Mind Bloom Boss Battle","floor":46,"turns":5},{"damage":0,"enemies":"Maw","floor":47,"turns":6},{"damage":4,"enemies":"Awakened One","floor":50,"turns":15}],"seed_played":"-3178164367130022851","potions_obtained":[{"floor":2.0,"key":"GamblersBrew"},{"floor":20.0,"key":"SteroidPotion"},{"floor":22.0,"key":"Ancient Potion"},{"floor":24.0,"key":"EssenceOfSteel"},{"floor":30.0,"key":"Poison Potion"},{"floor":47,"key":"Ancient Potion"}],"is_trial":false,"path_per_floor":["?","?","?","$","M","?","?","M","T","?","?","$"],"character_chosen":"THE_SILENT","items_purchased":["Gambling Chip","Footwork","War Paint","Dexterity Potion","LiquidBronze","LiquidBronze"],"campfire_rested":3,"item_purchase_floors":[3,12,39,48,48,48],"current_hp_per_floor":[63,63,63,56,56,29,29,8,8,26,26,26,26,26,26,6,49,35,35,35,35,35,53,41,41,41,41,39,39,39,39,57,43,58,56,73,73,73,73,73,73,73,73,73,68,68,68,68,68,64],"gold":22,"neow_bonus":"TWO_FIFTY_GOLD","is_prod":false,"is_daily":false,"chose_seed":false,"campfire_upgraded":7,"win_rate":0,"timestamp":1555965649,"path_taken":["M","M","$","?","?","E","R","E","T","R","?","$","R","M","R","BOSS","M","$","M","M","M","R","E","R","T","R","M","?","?","?","R","BOSS","M","?","?","?","$","R","?","$","T","R","E","?","M","?","R","BOSS"],"build_version":"2019-01-23","purchased_purges":4,"victory":true,"max_hp_per_floor":[63,63,63,63,63,63,63,63,63,63,63,63,63,63,63,63,63,63,63,63,63,63,63,63,63,63,63,63,63,63,63,63,63,63,63,73,73,73,73,73,73,73,73,73,73,73,73,73,73,73],"card_choices":[{"not_picked":["Outmaneuver","Accuracy"],"picked":"Deadly Poison","floor":1.0},{"not_picked":["Dagger Throw","Acrobatics"],"picked":"Crippling Poison","floor":2.0},{"not_picked":["Blade Dance","Flying Knee","Acrobatics"],"picked":"SKIP","floor":6.0},{"not_picked":["Blade Dance","Flying Knee","Acrobatics"],"picked":"SKIP","floor":6.0},{"not_picked":["Poisoned Stab","Choke","Caltrops"],"picked":"SKIP","floor":8.0},{"not_picked":["Prepared","Deadly Poison"],"picked":"Bouncing Flask","floor":14.0},{"not_picked":["Reflex","Terror"],"picked":"Dodge and Roll+1","floor":18.0},{"not_picked":["Flying Knee","Deadly Poison"],"picked":"Backflip+1","floor":20.0},{"not_picked":["Dagger Spray","Eviscerate"],"picked":"Dodge and Roll+1","floor":21.0},{"not_picked":["Blade Dance","Envenom","Concentrate+1"],"picked":"SKIP","floor":22.0},{"not_picked":["Dagger Throw","Flying Knee","Acrobatics"],"picked":"SKIP","floor":24.0},{"not_picked":["Infinite Blades+1","Acrobatics","Flechettes"],"picked":"SKIP","floor":28.0},{"not_picked":["Bouncing Flask","Riddle With Holes","Dash"],"picked":"SKIP","floor":30.0},{"not_picked":["Envenom","Venomology"],"picked":"Burst","floor":33.0},{"not_picked":["Infinite Blades","Eviscerate+1"],"picked":"Deadly Poison+1","floor":35},{"not_picked":["Heel Hook+1","Backstab","Dagger Spray+1"],"picked":"SKIP","floor":37},{"not_picked":["Caltrops+1","Sucker Punch","Cloak And Dagger"],"picked":"SKIP","floor":45},{"not_picked":["All Out Attack","Skewer+1"],"picked":"Backflip+1","floor":47}],"player_experience":504527,"relics_obtained":[{"floor":6.0,"key":"Omamori"},{"floor":8.0,"key":"Mummified Hand"},{"floor":9.0,"key":"Orichalcum"},{"floor":24.0,"key":"Mercury Hourglass"},{"floor":26.0,"key":"Pen Nib"},{"floor":38,"key":"Bronze Scales"},{"floor":43,"key":"Bottled Lightning"},{"floor":45,"key":"The Courier"},{"floor":46,"key":"Shovel"},{"floor":49,"key":"Ninja Scroll"}],"event_choices":[{"cards_removed":["Strike_G"],"damage_healed":0.0,"max_hp_gain":0.0,"max_hp_loss":0.0,"gold_gain":0.0,"event_name":"Golden Wing","player_choice":"Card Removal","floor":4.0,"gold_loss":0.0,"damage_taken":7.0},{"damage_healed":0.0,"max_hp_gain":0.0,"max_hp_loss":0.0,"gold_gain":0.0,"event_name":"Liars Game","player_choice":"Ignored","floor":5.0,"gold_loss":0.0,"damage_taken":0.0},{"damage_healed":0.0,"max_hp_gain":0.0,"max_hp_loss":0.0,"gold_gain":0.0,"cards_transformed":["Strike_G"],"event_name":"Transmorgrifier","player_choice":"Transformed","floor":11.0,"gold_loss":0.0,"damage_taken":0.0,"cards_obtained":["Blur"]},{"damage_healed":0.0,"max_hp_gain":0.0,"max_hp_loss":0.0,"gold_gain":99.0,"event_name":"Nest","player_choice":"Stole From Cult","floor":31.0,"gold_loss":0.0,"damage_taken":0.0},{"cards_removed":["Burst"],"damage_healed":7,"gold_gain":0,"player_choice":"Offered Rare","damage_taken":0,"max_hp_gain":10,"max_hp_loss":0,"event_name":"Bonfire Elementals","floor":36,"gold_loss":0},{"damage_healed":0,"gold_gain":0,"player_choice":"Memory 1","damage_taken":0,"max_hp_gain":0,"max_hp_loss":0,"event_name":"SensoryStone","floor":41,"gold_loss":0},{"damage_healed":0,"gold_gain":0,"player_choice":"Fight","damage_taken":0,"max_hp_gain":0,"max_hp_loss":0,"event_name":"MindBloom","floor":46,"gold_loss":0}],"is_beta":false,"boss_relics":[{"not_picked":["WristBlade","Calling Bell"],"picked":"Ring of the Serpent"},{"not_picked":["Eternal Feather","White Beast Statue"],"picked":"Cursed Key"}],"items_purged_floors":[12,19,29,42],"is_endless":false,"potions_floor_spawned":[2,20,22,24,30,47],"ascension_level":6}