{"gold_per_floor":[110,124,141,141,141,141,53,53,80,111,26,55,55,65,65,144,144,164,164,180,2,14,45,145,177,177,203,229,554,554,554,554,628,628,645,175,191,191,191,217,217,235,235,267,281,311,311,339,339,339,339,339,339,101,134,134],"floor_reached":57,"playtime":3598,"items_purged":["Strike_B","Strike_B"],"score":3004,"play_id":"c5458e96-a32d-4cde-8413-2efc00dc8a5a","local_time":"20190309211254","is_ascension_mode":true,"campfire_choices":[{"data":"Zap","floor":6.0,"key":"SMITH"},{"floor":8.0,"key":"REST"},{"data":"Capacitor","floor":13.0,"key":"SMITH"},{"data":"Storm","floor":15.0,"key":"SMITH"},{"data":"Heatsinks","floor":32.0,"key":"SMITH"},{"floor":47,"key":"RECALL"},{"data":"Self Repair","floor":49,"key":"SMITH"},{"data":"Echo Form","floor":53,"key":"SMITH"}],"neow_cost":"NONE","seed_source_timestamp":3160272456576820,"circlet_count":0,"master_deck":["AscendersBane","Strike_B","Defend_B","Defend_B+1","Defend_B","Defend_B","Zap+1","Dualcast+1","Echo Form+1","Undo","Coolheaded","Self Repair+1","Undo","Capacitor+1","Storm+1","Echo Form+1","Force Field+1","Steam+1","Heatsinks+1","Glacier+1","Force Field+1","Glacier+1","Biased Cognition+1","Genetic Algorithm+1","Ball Lightning","Defragment+1","Ghostly+1","Ghostly+1","Ghostly+1","Amplify+1","Secret Technique+1","Capacitor+1"],"special_seed":0,"relics":["Cracked Core","Mummified Hand","Oddly Smooth Stone","War Paint","Toxic Egg 2","Runic Pyramid","Bag of Preparation","Frozen Egg 2","Torii","Singing Bowl","Juzu Bracelet","Gremlin Horn","Ice Cream","Red Mask","Old Coin","Busted Crown","ClockworkSouvenir","Art of War","Pantograph","StoneCalendar","Shuriken","Bird Faced Urn","Mercury Hourglass"],"potions_floor_usage":[37,56],"damage_taken":[{"damage":8.0,"enemies":"2 Louse","floor":1.0,"turns":2.0},{"damage":7.0,"enemies":"Jaw Worm","floor":2.0,"turns":3.0},{"damage":0.0,"enemies":"Small Slimes","floor":3.0,"turns":3.0},{"damage":10.0,"enemies":"3 Sentries","floor":10.0,"turns":14.0},{"damage":3.0,"enemies":"Lagavulin","floor":12.0,"turns":10.0},{"damage":6.0,"enemies":"Looter","floor":14.0,"turns":4.0},{"damage":12.0,"enemies":"The Guardian","floor":16.0,"turns":11.0},{"damage":24.0,"enemies":"2 Thieves","floor":18.0,"turns":5.0},{"damage":1.0,"enemies":"Spheric Guardian","floor":20.0,"turns":4.0},{"damage":0.0,"enemies":"Snecko","floor":22.0,"turns":6.0},{"damage":13.0,"enemies":"Gremlin Leader","floor":23.0,"turns":8.0},{"damage":13.0,"enemies":"Colosseum Slavers","floor":24.0,"turns":5.0},{"damage":57.0,"enemies":"Colosseum Nobs","floor":24.0,"turns":7.0},{"damage":15.0,"enemies":"Slavers","floor":25.0,"turns":7.0},{"damage":2.0,"enemies":"Book of Stabbing","floor":27.0,"turns":6.0},{"damage":8.0,"enemies":"Masked Bandits","floor":28.0,"turns":4.0},{"damage":35.0,"enemies":"Slavers","floor":29.0,"turns":5.0},{"damage":1,"enemies":"Collector","floor":33,"turns":10},{"damage":3,"enemies":"3 Shapes","floor":35,"turns":5},{"damage":0,"enemies":"Orb Walker","floor":37,"turns":5},{"damage":33,"enemies":"Reptomancer","floor":40,"turns":4},{"damage":0,"enemies":"Writhing Mass","floor":42,"turns":6},{"damage":0,"enemies":"Nemesis","floor":44,"turns":3},{"damage":0,"enemies":"Jaw Worm Horde","floor":45,"turns":4},{"damage":0,"enemies":"Reptomancer","floor":46,"turns":6},{"damage":0,"enemies":"Nemesis","floor":48,"turns":7},{"damage":1,"enemies":"Donu and Deca","floor":50,"turns":6},{"damage":21,"enemies":"Awakened One","floor":51,"turns":16},{"damage":12,"enemies":"Shield and Spear","floor":55,"turns":6},{"damage":24,"enemies":"The Heart","floor":56,"turns":8}],"seed_played":"1249514143082429258","potions_obtained":[{"floor":1.0,"key":"Energy Potion"},{"floor":2.0,"key":"Regen Potion"},{"floor":24.0,"key":"SpeedPotion"},{"floor":27.0,"key":"Ancient Potion"},{"floor":33,"key":"GamblersBrew"},{"floor":37,"key":"Fruit Juice"},{"floor":45,"key":"FearPotion"},{"floor":46,"key":"SkillPotion"}],"is_trial":false,"path_per_floor":["M","M","M","?","?","R","$","R","T","E","$","E","R","M","R","B",null,"M","?","M","$","M","E","?","E","T","E","?","E","?","?","R","B",null,"M","$","M","?","?","E","?","M","T","E","M","E","R","E","R","B","B",null,"R","$","E","B",null],"character_chosen":"DEFECT","items_purchased":["Self Repair","Capacitor","Heatsinks","Glacier+1","ClockworkSouvenir","Art of War","Capacitor+1","Swift Potion"],"campfire_rested":1,"item_purchase_floors":[7,11,21,21,36,36,54,54],"current_hp_per_floor":[56,49,49,31,24,24,24,45,45,49,49,60,60,61,61,63,69,59,59,71,71,71,71,32,31,31,43,49,28,28,28,28,34,36,38,38,45,45,39,15,15,38,38,47,57,59,59,61,61,61,61,61,61,61,63,63],"gold":134,"neow_bonus":"ONE_RANDOM_RARE_CARD","is_prod":false,"is_daily":false,"chose_seed":false,"campfire_upgraded":6,"win_rate":0,"timestamp":1552194774,"path_taken":["M","M","M","?","?","R","$","R","T","E","$","E","R","M","R","BOSS","M","?","M","$","M","E","?","E","T","E","?","E","?","?","R","BOSS","M","$","M","?","?","E","?","M","T","E","M","E","R","E","R","BOSS","BOSS","R","$","E","BOSS"],"build_version":"2019-02-06","purchased_purges":2,"victory":true,"max_hp_per_floor":[71,71,71,71,71,71,71,71,71,71,71,71,71,71,71,71,71,71,71,71,71,71,71,73,73,73,73,73,73,36,36,36,36,36,38,38,45,45,49,51,51,53,53,55,57,59,59,61,61,61,61,61,61,61,63,63],"card_choices":[{"not_picked":["Leap","Auto Shields"],"picked":"Undo","floor":1.0},{"not_picked":["Sweeping Beam","Redo"],"picked":"Coolheaded","floor":2.0},{"not_picked":["Sunder","Recycle","Streamline"],"picked":"SKIP","floor":3.0},{"not_picked":["Beam Cell","Gash"],"picked":"Undo","floor":10.0},{"not_picked":["Double Energy","Gash","Stack"],"picked":"SKIP","floor":12.0},{"not_picked":["Gash","Conserve Battery+1"],"picked":"Storm","floor":14.0},{"not_picked":["Buffer","All For One"],"picked":"Echo Form","floor":16.0},{"not_picked":["Melter+1","Gash"],"picked":"Force Field+1","floor":18.0},{"not_picked":["Leap+1","Conserve Battery+1"],"picked":"Steam+1","floor":20.0},{"not_picked":["Auto Shields+1","Steam+1"],"picked":"Force Field+1","floor":22.0},{"not_picked":["Auto Shields+1","Lockon"],"picked":"Glacier+1","floor":23.0},{"not_picked":["Hologram+1","Force Field+1","FTL+1"],"picked":"Singing Bowl","floor":24.0},{"not_picked":["Go for the Eyes+1","Sweeping Beam"],"picked":"Biased Cognition+1","floor":25.0},{"not_picked":["Barrage","Reinforced Body+1"],"picked":"Genetic Algorithm+1","floor":27.0},{"not_picked":["Barrage","Coolheaded+1"],"picked":"Ball Lightning","floor":28.0},{"not_picked":["Sweeping Beam+1","Storm+1"],"picked":"Defragment+1","floor":29.0},{"not_picked":["Hyperbeam","Electrodynamics+1"],"picked":"Amplify+1","floor":33},{"not_picked":["Gash"],"picked":"Singing Bowl","floor":35},{"not_picked":["Rebound"],"picked":"Singing Bowl","floor":37},{"not_picked":["Swift Strike"],"picked":"Singing Bowl","floor":39},{"not_picked":["Flash of Steel"],"picked":"Singing Bowl","floor":39},{"not_picked":[],"picked":"Secret Technique+1","floor":39},{"not_picked":["Conserve Battery+1"],"picked":"Singing Bowl","floor":40},{"not_picked":["Ball Lightning"],"picked":"Singing Bowl","floor":42},{"not_picked":["Cold Snap"],"picked":"Singing Bowl","floor":44},{"not_picked":["Hologram+1"],"picked":"Singing Bowl","floor":45},{"not_picked":["Chill+1"],"picked":"Singing Bowl","floor":46},{"not_picked":["Multi-Cast+1"],"picked":"Singing Bowl","floor":48},{"not_picked":["Beam Cell"],"picked":"Singing Bowl","floor":55}],"player_experience":1345974,"relics_obtained":[{"floor":9.0,"key":"Oddly Smooth Stone"},{"floor":10.0,"key":"War Paint"},{"floor":12.0,"key":"Toxic Egg 2"},{"floor":23.0,"key":"Frozen Egg 2"},{"floor":24.0,"key":"Torii"},{"floor":24.0,"key":"Singing Bowl"},{"floor":25.0,"key":"Juzu Bracelet"},{"floor":26.0,"key":"Gremlin Horn"},{"floor":27.0,"key":"Ice Cream"},{"floor":28.0,"key":"Red Mask"},{"floor":29.0,"key":"Old Coin"},{"floor":40,"key":"Pantograph"},{"floor":44,"key":"StoneCalendar"},{"floor":46,"key":"Shuriken"},{"floor":48,"key":"Bird Faced Urn"},{"floor":55,"key":"Mercury Hourglass"}],"event_choices":[{"damage_healed":0.0,"max_hp_gain":0.0,"max_hp_loss":0.0,"gold_gain":0.0,"event_name":"Scrap Ooze","player_choice":"Success","floor":4.0,"gold_loss":0.0,"damage_taken":18.0,"relics_obtained":["Mummified Hand"]},{"cards_removed":["Strike_B"],"damage_healed":0.0,"max_hp_gain":0.0,"max_hp_loss":0.0,"gold_gain":0.0,"event_name":"Golden Wing","player_choice":"Card Removal","floor":5.0,"gold_loss":0.0,"damage_taken":7.0},{"damage_healed":0.0,"max_hp_gain":0.0,"max_hp_loss":0.0,"gold_gain":0.0,"event_name":"Addict","player_choice":"Stole Relic","floor":19.0,"gold_loss":0.0,"damage_taken":0.0,"relics_obtained":["Bag of Preparation"],"cards_obtained":["Shame"]},{"damage_healed":0.0,"max_hp_gain":0.0,"max_hp_loss":0.0,"gold_gain":0.0,"event_name":"Colosseum","player_choice":"Fight","floor":24.0,"gold_loss":0.0,"damage_taken":0.0},{"damage_healed":0.0,"max_hp_gain":0.0,"max_hp_loss":0.0,"gold_gain":0.0,"event_name":"Colosseum","player_choice":"Fought Nobs","floor":24.0,"gold_loss":0.0,"damage_taken":0.0},{"damage_healed":0.0,"max_hp_gain":0.0,"max_hp_loss":0.0,"gold_gain":0.0,"event_name":"Masked Bandits","player_choice":"Fought Bandits","floor":28.0,"gold_loss":0.0,"damage_taken":0.0},{"damage_healed":0.0,"max_hp_gain":0.0,"max_hp_loss":37.0,"gold_gain":0.0,"event_name":"Ghosts","player_choice":"Became a Ghost","floor":30.0,"gold_loss":0.0,"damage_taken":0.0,"cards_obtained":["Ghostly","Ghostly","Ghostly"]},{"damage_healed":0.0,"max_hp_gain":0.0,"max_hp_loss":0.0,"gold_gain":0.0,"event_name":"Vampires","player_choice":"Ignored","floor":31.0,"gold_loss":0.0,"damage_taken":0.0},{"damage_healed":0,"gold_gain":0,"player_choice":"Forge","damage_taken":0,"max_hp_gain":0,"max_hp_loss":0,"event_name":"Accursed Blacksmith","floor":38,"gold_loss":0,"cards_upgraded":["Echo Form"]},{"damage_healed":0,"gold_gain":0,"player_choice":"Memory 3","damage_taken":10,"max_hp_gain":0,"max_hp_loss":0,"event_name":"SensoryStone","floor":39,"gold_loss":0},{"cards_removed":["Shame"],"damage_healed":0,"gold_gain":0,"player_choice":"Removed Curses","damage_taken":0,"max_hp_gain":0,"max_hp_loss":0,"event_name":"Fountain of Cleansing","floor":41,"gold_loss":0}],"is_beta":true,"boss_relics":[{"not_picked":["Ectoplasm","Empty Cage"],"picked":"Runic Pyramid"},{"not_picked":["FrozenCore","Nuclear Battery"],"picked":"Busted Crown"}],"items_purged_floors":[36,54],"is_endless":false,"potions_floor_spawned":[1,2,12,16,24,24,27,28,33,35,37,45,46,48,55],"ascension_level":20}