{"gold_per_floor":[119,99,111,123,143,143,169,169,192,8,41,59,76,76,76,153,153,173,173,73,0,11,11,28,28,28,43,43,43,77,77],"floor_reached":31,"playtime":1000,"items_purged":["Strike_R","Strike_R"],"score":530,"play_id":"91e38811-387b-4cb0-8c11-efbd3aa8a564","local_time":"20190119183404","is_ascension_mode":true,"campfire_choices":[{"data":"Fiend Fire","floor":6.0,"key":"SMITH"},{"data":"Spot Weakness","floor":8.0,"key":"SMITH"},{"data":"Sword Boomerang","floor":15.0,"key":"SMITH"},{"data":"Ghostly","floor":23,"key":"SMITH"},{"data":"Ghostly","floor":25,"key":"SMITH"},{"data":"Ghostly","floor":28,"key":"SMITH"}],"neow_cost":"PERCENT_DAMAGE","seed_source_timestamp":174795850314982,"circlet_count":0,"master_deck":["AscendersBane","Strike_R","Defend_R","Defend_R","Defend_R","Defend_R","Bash","Spot Weakness+1","Fiend Fire+1","Disarm","Headbutt","Corruption","Sword Boomerang+1","Spot Weakness","True Grit","Double Tap","Impervious","Anger","Ghostly+1","Ghostly+1","Ghostly+1","Havoc+1","True Grit","Dual Wield+1"],"special_seed":0,"relics":["Burning Blood","Art of War","Red Skull","Ancient Tea Set","Omamori","Runic Cube","Toxic Egg 2","Dream Catcher","Self Forming Clay"],"potions_floor_usage":[27],"damage_taken":[{"damage":0.0,"enemies":"2 Louse","floor":1.0,"turns":3.0},{"damage":8.0,"enemies":"Cultist","floor":3.0,"turns":4.0},{"damage":2.0,"enemies":"Jaw Worm","floor":4.0,"turns":3.0},{"damage":4.0,"enemies":"Looter","floor":5.0,"turns":3.0},{"damage":26.0,"enemies":"Lagavulin","floor":7.0,"turns":5.0},{"damage":30.0,"enemies":"3 Sentries","floor":11.0,"turns":5.0},{"damage":8.0,"enemies":"Blue Slaver","floor":12.0,"turns":2.0},{"damage":7.0,"enemies":"3 Louse","floor":13.0,"turns":4.0},{"damage":6.0,"enemies":"Slime Boss","floor":16.0,"turns":7.0},{"damage":18.0,"enemies":"Chosen","floor":18.0,"turns":4.0},{"damage":3.0,"enemies":"Spheric Guardian","floor":22.0,"turns":4.0},{"damage":20,"enemies":"Cultist and Chosen","floor":24,"turns":4},{"damage":8,"enemies":"Snake Plant","floor":27,"turns":4},{"damage":14,"enemies":"Book of Stabbing","floor":30,"turns":4},{"damage":2,"enemies":"Chosen and Byrds","floor":31,"turns":5}],"seed_played":"1148948242836927524","potions_obtained":[{"floor":1.0,"key":"Ancient Potion"},{"floor":2.0,"key":"FearPotion"},{"floor":11.0,"key":"Fire Potion"},{"floor":16.0,"key":"LiquidBronze"},{"floor":18.0,"key":"Dexterity Potion"},{"floor":24,"key":"Block Potion"}],"is_trial":false,"path_per_floor":["M","?","M","M","M","R","E","R","T","$","E","M","M","T","R","B",null,"M","?","$","?","M","R","M","R","T","M","R","?","E","M"],"character_chosen":"IRONCLAD","items_purchased":["Sword Boomerang","Spot Weakness"],"campfire_rested":0,"item_purchase_floors":[10,10],"current_hp_per_floor":[56,56,54,58,60,60,40,40,40,40,16,14,13,13,13,13,60,48,37,37,37,37,37,23,23,23,21,21,21,13,11],"gold":77,"neow_bonus":"TRANSFORM_TWO_CARDS","is_prod":false,"is_daily":false,"chose_seed":false,"campfire_upgraded":6,"win_rate":0,"timestamp":1547951644,"path_taken":["M","?","M","M","M","R","E","R","T","$","E","M","M","?","R","BOSS","M","?","$","?","M","R","M","R","T","M","R","?","E","M"],"build_version":"2019-01-17","purchased_purges":2,"victory":false,"max_hp_per_floor":[75,75,75,75,75,75,75,75,75,75,75,75,75,75,75,75,75,75,37,37,37,37,37,37,37,37,37,37,37,37,37],"card_choices":[{"not_picked":["Carnage","Clothesline"],"picked":"Disarm","floor":1.0},{"not_picked":["Uppercut","Flex","True Grit"],"picked":"SKIP","floor":3.0},{"not_picked":["Wild Strike","Carnage"],"picked":"Headbutt","floor":4.0},{"not_picked":["Armaments","Thunderclap"],"picked":"Corruption","floor":7.0},{"not_picked":["Clash","Burning Pact"],"picked":"True Grit","floor":11.0},{"not_picked":["Armaments","Thunderclap"],"picked":"Double Tap","floor":12.0},{"not_picked":["Dual Wield","Cleave","Thunderclap"],"picked":"SKIP","floor":13.0},{"not_picked":["Exhume","Juggernaut"],"picked":"Impervious","floor":16.0},{"not_picked":["Hemokinesis","Searing Blow"],"picked":"Anger","floor":18.0},{"not_picked":["Sever Soul","Pommel Strike"],"picked":"Havoc+1","floor":22.0},{"not_picked":["Flex","Clash"],"picked":"True Grit","floor":24},{"not_picked":["Cleave","Blood for Blood+1","Bludgeon"],"picked":"SKIP","floor":27},{"not_picked":["Seeing Red+1","Iron Wave"],"picked":"Dual Wield+1","floor":30}],"player_experience":984223,"relics_obtained":[{"floor":7.0,"key":"Art of War"},{"floor":9.0,"key":"Red Skull"},{"floor":11.0,"key":"Ancient Tea Set"},{"floor":14.0,"key":"Omamori"},{"floor":26,"key":"Toxic Egg 2"},{"floor":30,"key":"Self Forming Clay"}],"event_choices":[{"damage_healed":0.0,"max_hp_gain":0.0,"max_hp_loss":0.0,"gold_gain":0.0,"event_name":"The Woman in Blue","player_choice":"Bought 1 Potion","floor":2.0,"gold_loss":0.0,"damage_taken":0.0},{"damage_healed":0.0,"max_hp_gain":0.0,"max_hp_loss":38.0,"gold_gain":0.0,"event_name":"Ghosts","player_choice":"Became a Ghost","floor":19.0,"gold_loss":0.0,"damage_taken":0.0,"cards_obtained":["Ghostly","Ghostly","Ghostly"]},{"damage_healed":0.0,"max_hp_gain":0.0,"max_hp_loss":0.0,"gold_gain":0.0,"event_name":"Masked Bandits","player_choice":"Paid Fearfully","floor":21.0,"gold_loss":73.0,"damage_taken":0.0},{"damage_healed":0,"gold_gain":0,"player_choice":"Stole Relic","damage_taken":0,"relics_obtained":["Dream Catcher"],"max_hp_gain":0,"max_hp_loss":0,"event_name":"Addict","floor":29,"gold_loss":0,"cards_obtained":["Shame"]}],"is_beta":true,"boss_relics":[{"not_picked":["Coffee Dripper","Calling Bell"],"picked":"Runic Cube"}],"items_purged_floors":[10,20],"is_endless":false,"potions_floor_spawned":[1,5,11,16,18,24],"killed_by":"Chosen and Byrds","ascension_level":20}