{"gold_per_floor":[119,119,119,134,134,134,134,178,178,202,202,281,281,305,305,398,398,419,419,434,450,48,48,67,67,67,7,7,27,41,84,84,175,175,200,219,219,240,240,276,609,640,640,640,234,249,262,297,297,297,297,297,297,1,27,27],"floor_reached":56,"playtime":2083,"items_purged":["Strike_R","Strike_R","Strike_R"],"score":1985,"play_id":"4f0a4031-f76e-4a75-a630-e7cb8da3e373","local_time":"20190217011831","is_ascension_mode":true,"campfire_choices":[{"floor":6.0,"key":"REST"},{"data":"1","floor":11.0,"key":"LIFT"},{"data":"2","floor":13.0,"key":"LIFT"},{"data":"3","floor":15.0,"key":"LIFT"},{"data":"Whirlwind","floor":25.0,"key":"SMITH"},{"data":"J.A.X.","floor":28.0,"key":"SMITH"},{"data":"Limit Break","floor":32.0,"key":"SMITH"},{"floor":44.0,"key":"RECALL"},{"floor":49.0,"key":"REST"},{"floor":53.0,"key":"REST"}],"neow_cost":"NONE","seed_source_timestamp":0,"circlet_count":0,"master_deck":["AscendersBane","Strike_R+1","Defend_R","Defend_R","Defend_R","Defend_R+1","Bash+1","Rampage","Heavy Blade","Whirlwind+1","Headbutt","Reaper","J.A.X.+1","Fiend Fire","Feed","Shrug It Off","Limit Break+1","Limit Break","Shrug It Off","Heavy Blade","Corruption","Dark Shackles","Inflame","Power Through","Impervious"],"special_seed":0,"relics":["Burning Blood","Ancient Tea Set","Girya","Thread and Needle","Pear","Velvet Choker","Strange Spoon","The Courier","Letter Opener","Runic Dome","Bottled Lightning","Lantern","Kunai","Mummified Hand","Bottled Tornado","Dodecahedron","Pen Nib","Gremlin Horn"],"potions_floor_usage":[56,56],"damage_taken":[{"damage":17.0,"enemies":"Small Slimes","floor":1.0,"turns":4.0},{"damage":2.0,"enemies":"Jaw Worm","floor":4.0,"turns":4.0},{"damage":29.0,"enemies":"3 Sentries","floor":8.0,"turns":9.0},{"damage":2.0,"enemies":"2 Louse","floor":10.0,"turns":3.0},{"damage":0.0,"enemies":"Gremlin Nob","floor":12.0,"turns":3.0},{"damage":3.0,"enemies":"Exordium Thugs","floor":14.0,"turns":3.0},{"damage":36.0,"enemies":"Hexaghost","floor":16.0,"turns":7.0},{"damage":0.0,"enemies":"Chosen","floor":18.0,"turns":3.0},{"damage":7.0,"enemies":"2 Thieves","floor":20.0,"turns":2.0},{"damage":6.0,"enemies":"3 Cultists","floor":21.0,"turns":3.0},{"damage":20.0,"enemies":"Cultist and Chosen","floor":24.0,"turns":4.0},{"damage":12.0,"enemies":"Snake Plant","floor":29.0,"turns":2.0},{"damage":27.0,"enemies":"Centurion and Healer","floor":30.0,"turns":7.0},{"damage":32.0,"enemies":"Slavers","floor":31.0,"turns":3.0},{"damage":81.0,"enemies":"Champ","floor":33.0,"turns":8.0},{"damage":25.0,"enemies":"3 Shapes","floor":35.0,"turns":5.0},{"damage":49.0,"enemies":"3 Darklings","floor":36.0,"turns":6.0},{"damage":6.0,"enemies":"Transient","floor":38.0,"turns":6.0},{"damage":55.0,"enemies":"Nemesis","floor":40.0,"turns":5.0},{"damage":79.0,"enemies":"Reptomancer","floor":42.0,"turns":4.0},{"damage":34.0,"enemies":"Jaw Worm Horde","floor":46.0,"turns":6.0},{"damage":21.0,"enemies":"4 Shapes","floor":47.0,"turns":3.0},{"damage":87.0,"enemies":"Nemesis","floor":48.0,"turns":5.0},{"damage":73.0,"enemies":"Donu and Deca","floor":50.0,"turns":6.0},{"damage":127.0,"enemies":"Time Eater","floor":51.0,"turns":9.0},{"damage":70.0,"enemies":"Shield and Spear","floor":55.0,"turns":5.0},{"damage":128,"enemies":"The Heart","floor":56,"turns":5}],"seed_played":"193536151774635075","potions_obtained":[{"floor":1.0,"key":"AttackPotion"},{"floor":14.0,"key":"Energy Potion"},{"floor":16.0,"key":"FearPotion"},{"floor":18.0,"key":"Poison Potion"},{"floor":21.0,"key":"Ancient Potion"},{"floor":24.0,"key":"Swift Potion"},{"floor":38.0,"key":"Fire Potion"},{"floor":40.0,"key":"PowerPotion"},{"floor":42.0,"key":"LiquidBronze"},{"floor":55.0,"key":"Swift Potion"}],"is_trial":false,"path_per_floor":["M","?","?","M","?","R","?","E","T","M","R","?","R","M","R","B",null,"M","?","M","M","$","T","M","R","T","$","R","M","M","E","R","B",null,"M","M","T","M","?","E","?","E","T","R","$","M","M","E","R","B","B",null,"R","$","E","B"],"character_chosen":"IRONCLAD","items_purchased":["Strange Spoon","Feed","Dark Shackles","Inflame","Bottled Tornado","Power Through","Pen Nib"],"campfire_rested":3,"item_purchase_floors":[22,22,45,45,45,54,54],"current_hp_per_floor":[57,34,34,38,38,58,51,28,28,32,32,48,48,51,51,21,64,77,77,76,76,76,76,76,76,76,76,76,73,84,76,76,38,77,64,96,96,96,96,84,84,42,42,42,42,57,97,56,88,114,58,102,117,117,87,0],"gold":27,"neow_bonus":"RANDOM_COMMON_RELIC","is_prod":false,"is_daily":false,"chose_seed":false,"campfire_upgraded":3,"win_rate":0,"timestamp":1550395111,"path_taken":["M","?","?","M","?","R","?","E","T","?","R","?","R","M","R","BOSS","M","?","M","M","$","?","M","R","T","?","R","M","M","E","R","BOSS","M","M","?","M","?","E","?","E","T","R","$","M","M","E","R","BOSS","BOSS","R","$","E","BOSS"],"build_version":"2019-02-06","purchased_purges":3,"victory":false,"max_hp_per_floor":[75,75,75,75,68,68,68,68,68,68,68,78,78,78,78,78,78,78,78,78,78,78,78,78,78,78,78,78,81,84,87,87,90,90,96,96,96,96,96,96,96,99,99,99,99,102,105,108,108,114,117,117,117,117,117,117],"card_choices":[{"not_picked":["Shockwave","Warcry","Flex"],"picked":"SKIP","floor":1.0},{"not_picked":["Headbutt","Clash"],"picked":"Rampage","floor":4.0},{"not_picked":["Armaments","Feel No Pain"],"picked":"Heavy Blade","floor":8.0},{"not_picked":["Wild Strike","Pommel Strike","Clothesline"],"picked":"SKIP","floor":10.0},{"not_picked":["Sentinel","Twin Strike"],"picked":"Whirlwind","floor":12.0},{"not_picked":["Havoc","True Grit"],"picked":"Headbutt","floor":14.0},{"not_picked":["Offering","Exhume"],"picked":"Reaper","floor":16.0},{"not_picked":["Clash","Uppercut","Searing Blow"],"picked":"SKIP","floor":18.0},{"not_picked":["Evolve","Wild Strike","Iron Wave"],"picked":"SKIP","floor":20.0},{"not_picked":["Sentinel","Armaments"],"picked":"Fiend Fire","floor":21.0},{"not_picked":["Iron Wave","Burning Pact","Twin Strike"],"picked":"SKIP","floor":24.0},{"not_picked":["Infernal Blade","Ghostly Armor"],"picked":"Shrug It Off","floor":29.0},{"not_picked":["Cleave+1","Dropkick","Wild Strike"],"picked":"SKIP","floor":30.0},{"not_picked":["Thunderclap","Demon Form"],"picked":"Limit Break","floor":31.0},{"not_picked":["Barricade","Immolate"],"picked":"Limit Break","floor":33.0},{"not_picked":["Sentinel","Twin Strike"],"picked":"Shrug It Off","floor":35.0},{"not_picked":["True Grit","Body Slam","Iron Wave+1"],"picked":"SKIP","floor":36.0},{"not_picked":["Clothesline","Sword Boomerang"],"picked":"Heavy Blade","floor":38.0},{"not_picked":["Warcry","Cleave","Sever Soul"],"picked":"SKIP","floor":40.0},{"not_picked":["Wild Strike","Havoc"],"picked":"Corruption","floor":42.0},{"not_picked":["Havoc+1","Wild Strike","Armaments+1"],"picked":"SKIP","floor":46.0},{"not_picked":["Havoc+1","Wild Strike","Armaments+1"],"picked":"SKIP","floor":46.0},{"not_picked":["Brutality","Rampage","Clash+1"],"picked":"SKIP","floor":47.0},{"not_picked":["Flame Barrier","Wild Strike","Heavy Blade"],"picked":"SKIP","floor":48.0},{"not_picked":["Pommel Strike","Body Slam+1"],"picked":"Impervious","floor":55.0}],"player_experience":1187562,"relics_obtained":[{"floor":8.0,"key":"Girya"},{"floor":9.0,"key":"Thread and Needle"},{"floor":12.0,"key":"Pear"},{"floor":26.0,"key":"The Courier"},{"floor":31.0,"key":"Letter Opener"},{"floor":37.0,"key":"Bottled Lightning"},{"floor":40.0,"key":"Lantern"},{"floor":42.0,"key":"Kunai"},{"floor":43.0,"key":"Mummified Hand"},{"floor":48.0,"key":"Dodecahedron"},{"floor":55.0,"key":"Gremlin Horn"}],"event_choices":[{"damage_healed":0.0,"max_hp_gain":0.0,"max_hp_loss":0.0,"gold_gain":0.0,"event_name":"Shining Light","player_choice":"Entered Light","floor":2.0,"gold_loss":0.0,"damage_taken":23.0,"cards_upgraded":["Defend_R","Strike_R"]},{"damage_healed":0.0,"max_hp_gain":0.0,"max_hp_loss":0.0,"gold_gain":0.0,"event_name":"Living Wall","player_choice":"Grow","floor":3.0,"gold_loss":0.0,"damage_taken":0.0,"cards_upgraded":["Bash"]},{"damage_healed":0.0,"max_hp_gain":0.0,"max_hp_loss":7.0,"gold_gain":0.0,"event_name":"Golden Idol","player_choice":"Lose Max HP","floor":5.0,"gold_loss":0.0,"damage_taken":0.0,"relics_obtained":["Golden Idol"]},{"cards_removed":["Strike_R"],"damage_healed":0.0,"max_hp_gain":0.0,"max_hp_loss":0.0,"gold_gain":0.0,"event_name":"Golden Wing","player_choice":"Card Removal","floor":7.0,"gold_loss":0.0,"damage_taken":7.0},{"damage_healed":0.0,"max_hp_gain":0.0,"max_hp_loss":0.0,"gold_gain":0.0,"event_name":"Dead Adventurer","player_choice":"Searched \u00271\u0027 times","floor":12.0,"gold_loss":0.0,"damage_taken":0.0},{"damage_healed":0.0,"max_hp_gain":0.0,"max_hp_loss":0.0,"gold_gain":0.0,"event_name":"Drug Dealer","player_choice":"Obtain J.A.X.","floor":19.0,"gold_loss":0.0,"damage_taken":0.0,"cards_obtained":["J.A.X."]},{"damage_healed":0.0,"max_hp_gain":0.0,"max_hp_loss":0.0,"gold_gain":0.0,"event_name":"Tomb of Lord Red Mask","player_choice":"Ignored","floor":39.0,"gold_loss":0.0,"damage_taken":0.0},{"damage_healed":0.0,"max_hp_gain":0.0,"max_hp_loss":0.0,"gold_gain":333.0,"event_name":"The Moai Head","player_choice":"Gave Idol","floor":41.0,"relics_lost":["Golden Idol"],"gold_loss":0.0,"damage_taken":0.0}],"is_beta":true,"boss_relics":[{"not_picked":["Busted Crown","Runic Pyramid"],"picked":"Velvet Choker"},{"not_picked":["Orrery","White Beast Statue"],"picked":"Runic Dome"}],"items_purged_floors":[27,45,54],"is_endless":false,"potions_floor_spawned":[1,14,16,18,21,24,38,40,42,55],"killed_by":"The Heart","ascension_level":20}