{"gold_per_floor":[20,38,188,204,23,58,70,82,167,179,191,228,240,263,275,287],"floor_reached":16,"playtime":489,"items_purged":["Doubt"],"score":216,"play_id":"5f590951-d848-4ace-8540-3f199a102af7","local_time":"20190207220025","is_ascension_mode":true,"campfire_choices":[{"data":"Buffer","floor":11.0,"key":"SMITH"},{"floor":13.0,"key":"REST"},{"floor":15,"key":"REST"}],"neow_cost":"NO_GOLD","seed_source_timestamp":1314440712678169,"circlet_count":0,"master_deck":["AscendersBane","Strike_B","Strike_B","Strike_B","Strike_B","Defend_B","Defend_B","Defend_B","Defend_B","Zap","Dualcast","Electrodynamics+1","White Noise","Coolheaded","Conserve Battery","Buffer+1","Coolheaded"],"special_seed":0,"relics":["Cracked Core","MawBank","Letter Opener","Turnip"],"potions_floor_usage":[14],"damage_taken":[{"damage":1.0,"enemies":"Small Slimes","floor":1.0,"turns":2.0},{"damage":2.0,"enemies":"2 Louse","floor":2.0,"turns":3.0},{"damage":1.0,"enemies":"Cultist","floor":4.0,"turns":3.0},{"damage":40.0,"enemies":"Gremlin Nob","floor":6.0,"turns":5.0},{"damage":15.0,"enemies":"3 Sentries","floor":12.0,"turns":6.0},{"damage":8,"enemies":"Exordium Thugs","floor":14,"turns":3},{"damage":33,"enemies":"Hexaghost","floor":16,"turns":9}],"seed_played":"-8038846846552554517","potions_obtained":[{"floor":1.0,"key":"Weak Potion"},{"floor":2.0,"key":"Ancient Potion"},{"floor":12.0,"key":"Swift Potion"}],"is_trial":false,"path_per_floor":["M","M","?","M","$","E","$","?","T","?","R","E","R","M","R","B"],"character_chosen":"DEFECT","items_purchased":["Coolheaded","Conserve Battery"],"campfire_rested":2,"item_purchase_floors":[5,5],"current_hp_per_floor":[63,61,61,60,60,20,20,20,20,20,20,5,26,18,39,6],"gold":287,"neow_bonus":"THREE_RARE_CARDS","is_prod":false,"is_daily":false,"chose_seed":false,"campfire_upgraded":1,"win_rate":0,"timestamp":1549605625,"path_taken":["M","M","?","M","$","E","$","?","T","?","R","E","R","?","R","BOSS"],"build_version":"2019-02-06","purchased_purges":1,"victory":false,"max_hp_per_floor":[71,71,71,71,71,71,71,71,71,71,71,71,71,71,71,71],"card_choices":[{"not_picked":["All For One","Seek"],"picked":"Electrodynamics","floor":0.0},{"not_picked":["Scrape","Steam"],"picked":"White Noise","floor":1.0},{"not_picked":["Go for the Eyes","Steam Power","Force Field"],"picked":"SKIP","floor":2.0},{"not_picked":["Steam","Melter","Lockon"],"picked":"SKIP","floor":4.0},{"not_picked":["Compile Driver","Blizzard","Stack"],"picked":"SKIP","floor":6.0},{"not_picked":["Hyperbeam","Rebound","Compile Driver"],"picked":"SKIP","floor":12.0},{"not_picked":["Rebound","Sweeping Beam"],"picked":"Coolheaded","floor":14}],"player_experience":1102389,"relics_obtained":[{"floor":6.0,"key":"MawBank"},{"floor":9.0,"key":"Letter Opener"},{"floor":12.0,"key":"Turnip"}],"event_choices":[{"damage_healed":0.0,"max_hp_gain":0.0,"max_hp_loss":0.0,"gold_gain":150.0,"event_name":"Liars Game","player_choice":"AGREE","floor":3.0,"gold_loss":0.0,"damage_taken":0.0,"cards_obtained":["Doubt"]},{"damage_healed":0.0,"max_hp_gain":0.0,"max_hp_loss":0.0,"gold_gain":0.0,"event_name":"Living Wall","player_choice":"Grow","floor":8.0,"gold_loss":0.0,"damage_taken":0.0,"cards_upgraded":["Electrodynamics"]},{"damage_healed":0.0,"max_hp_gain":0.0,"max_hp_loss":0.0,"gold_gain":0.0,"event_name":"Match and Keep!","player_choice":"1 cards matched","floor":10.0,"gold_loss":0.0,"damage_taken":0.0,"cards_obtained":["Buffer"]}],"is_beta":true,"boss_relics":[],"items_purged_floors":[5],"is_endless":false,"potions_floor_spawned":[1,2,12],"killed_by":"Hexaghost","ascension_level":20}