{"gold_per_floor":[109,184,184,40,54,54,80,95,95,106,134,134,145,160,160,265,265,275,275,275,275],"floor_reached":21,"playtime":485,"items_purged":[],"score":257,"play_id":"8444e917-129c-41eb-9fc5-04741f72dc3c","local_time":"20190424014652","is_ascension_mode":true,"campfire_choices":[{"data":"Seek","floor":6,"key":"SMITH"},{"data":"Loop","floor":12,"key":"SMITH"},{"floor":15,"key":"REST"}],"neow_cost":"NONE","seed_source_timestamp":1097126072658652,"circlet_count":0,"master_deck":["Strike_B","Strike_B","Strike_B","Strike_B","Defend_B","Defend_B","Defend_B","Defend_B","Zap","Dualcast","Coolheaded","Seek+1","Sweeping Beam","Chill","Loop+1","Echo Form","Turbo","Capacitor","Amplify","Recycle"],"relics":["Cracked Core","NeowsBlessing","Emotion Chip","Matryoshka","Mercury Hourglass","Prayer Wheel","Dodecahedron","Runic Pyramid","Nilry\u0027s Codex"],"potions_floor_usage":[16],"damage_taken":[{"damage":0,"enemies":"Cultist","floor":1,"turns":1},{"damage":0,"enemies":"2 Louse","floor":5,"turns":1},{"damage":0,"enemies":"Gremlin Nob","floor":7,"turns":1},{"damage":2,"enemies":"Jaw Worm","floor":8,"turns":4},{"damage":11,"enemies":"Exordium Wildlife","floor":10,"turns":4},{"damage":9,"enemies":"Lagavulin","floor":11,"turns":8},{"damage":0,"enemies":"3 Louse","floor":13,"turns":2},{"damage":6,"enemies":"Blue Slaver","floor":14,"turns":3},{"damage":32,"enemies":"Slime Boss","floor":16,"turns":9},{"damage":42,"enemies":"2 Thieves","floor":18,"turns":3},{"damage":1,"enemies":"3 Byrds","floor":21,"turns":2}],"seed_played":"-3450622441104607175","potions_obtained":[{"floor":7,"key":"AttackPotion"},{"floor":8,"key":"EntropicBrew"},{"floor":11,"key":"Regen Potion"},{"floor":16,"key":"Dexterity Potion"}],"is_trial":false,"path_per_floor":["M","?","?","$","M","R","E","M","T","M","E","R","M","M","R","B",null,"M","?","?","M"],"character_chosen":"DEFECT","items_purchased":["Seek"],"campfire_rested":1,"item_purchase_floors":[4],"current_hp_per_floor":[75,64,52,52,52,52,52,50,50,39,30,30,30,24,46,14,75,33,17,17,16],"gold":275,"neow_bonus":"THREE_ENEMY_KILL","is_prod":false,"is_daily":false,"chose_seed":false,"campfire_upgraded":2,"win_rate":0,"timestamp":1556066812,"path_taken":["M","?","?","?","?","R","E","M","T","M","E","R","M","M","R","BOSS","M","?","?","?"],"build_version":"2019-01-23","purchased_purges":0,"victory":false,"max_hp_per_floor":[75,75,75,75,75,75,75,75,75,75,75,75,75,75,75,75,75,75,75,75,75],"card_choices":[{"not_picked":["Chill","Steam"],"picked":"Coolheaded","floor":1},{"not_picked":["Turbo","Rip and Tear"],"picked":"Sweeping Beam","floor":5},{"not_picked":["Go for the Eyes","Beam Cell"],"picked":"Chill","floor":7},{"not_picked":["Sweeping Beam","Rebound","Hologram"],"picked":"SKIP","floor":8},{"not_picked":["Coolheaded","Ball Lightning"],"picked":"Loop","floor":10},{"not_picked":["Compile Driver","Hologram"],"picked":"Echo Form","floor":10},{"not_picked":["Turbo","Aggregate","Stack"],"picked":"SKIP","floor":11},{"not_picked":["Leap","Go for the Eyes"],"picked":"Turbo","floor":13},{"not_picked":["Ball Lightning","Turbo","Go for the Eyes"],"picked":"SKIP","floor":13},{"not_picked":["Gash","Chill"],"picked":"Capacitor","floor":14},{"not_picked":["Coolheaded","Rebound","Fusion"],"picked":"SKIP","floor":14},{"not_picked":["Hyperbeam","All For One"],"picked":"Amplify","floor":16},{"not_picked":["Chaos+1","Go for the Eyes"],"picked":"Recycle","floor":18},{"not_picked":["Barrage+1","Stack+1","Compile Driver"],"picked":"SKIP","floor":18}],"player_experience":447630,"relics_obtained":[{"floor":7,"key":"Matryoshka"},{"floor":9,"key":"Mercury Hourglass"},{"floor":9,"key":"Prayer Wheel"},{"floor":11,"key":"Dodecahedron"},{"floor":19,"key":"Nilry\u0027s Codex"}],"event_choices":[{"damage_healed":0,"gold_gain":75,"player_choice":"Gather Gold","damage_taken":11,"max_hp_gain":0,"max_hp_loss":0,"event_name":"World of Goop","floor":2,"gold_loss":0},{"damage_healed":0,"gold_gain":0,"player_choice":"Success","damage_taken":12,"relics_obtained":["Emotion Chip"],"max_hp_gain":0,"max_hp_loss":0,"event_name":"Scrap Ooze","floor":3,"gold_loss":0},{"damage_healed":0,"gold_gain":0,"player_choice":"Obtained Book","damage_taken":16,"max_hp_gain":0,"max_hp_loss":0,"event_name":"Cursed Tome","floor":19,"gold_loss":0},{"damage_healed":0,"gold_gain":0,"player_choice":"Ignored","damage_taken":0,"max_hp_gain":0,"max_hp_loss":0,"event_name":"Transmorgrifier","floor":20,"gold_loss":0}],"is_beta":false,"boss_relics":[{"not_picked":["Orrery","White Beast Statue"],"picked":"Runic Pyramid"}],"items_purged_floors":[],"is_endless":false,"potions_floor_spawned":[7,8,11,13,16],"killed_by":"3 Byrds","ascension_level":4}