{"gold_per_floor":[115,115,133,144,162,162,162,162,189,35,61,75,91,91,91,190,240,260,260,271,271],"floor_reached":21,"playtime":2804,"items_purged":["Regret"],"score":171,"play_id":"b722ce0a-22a0-43ea-952a-8f747af28289","local_time":"20190420165623","is_ascension_mode":false,"campfire_choices":[{"data":"Tactician","floor":6,"key":"SMITH"},{"floor":8,"key":"REST"},{"floor":15,"key":"REST"}],"neow_cost":"NONE","seed_source_timestamp":935803212517807,"circlet_count":0,"master_deck":["Defend_G","Defend_G","Defend_G","Defend_G","Defend_G","Strike_G","Strike_G","Strike_G","Strike_G","Strike_G","Survivor","Neutralize","Poisoned Stab","Tactician+1","Prepared","Reflex","Noxious Fumes","Glass Knife","Acrobatics","Distraction+1","Venomology","Sucker Punch","Dagger Throw","Distraction+1"],"relics":["Ring of the Snake","Snake Skull","Dream Catcher","Blood Vial","Odd Mushroom","Tiny House","Sundial"],"potions_floor_usage":[13,16,16,17,18,18,20,21],"damage_taken":[{"damage":0,"enemies":"Cultist","floor":1,"turns":4},{"damage":0,"enemies":"2 Louse","floor":3,"turns":3},{"damage":1,"enemies":"Jaw Worm","floor":4,"turns":4},{"damage":0,"enemies":"2 Fungi Beasts","floor":5,"turns":3},{"damage":19,"enemies":"The Mushroom Lair","floor":11,"turns":5},{"damage":2,"enemies":"3 Louse","floor":12,"turns":4},{"damage":7,"enemies":"Lots of Slimes","floor":13,"turns":3},{"damage":40,"enemies":"Slime Boss","floor":16,"turns":13},{"damage":34,"enemies":"Spheric Guardian","floor":18,"turns":6},{"damage":23,"enemies":"Shell Parasite","floor":20,"turns":7},{"damage":36,"enemies":"Centurion and Healer","floor":21,"turns":8}],"seed_played":"-1873249402969043122","potions_obtained":[{"floor":4,"key":"GamblersBrew"},{"floor":5,"key":"PowerPotion"},{"floor":12,"key":"Block Potion"},{"floor":13,"key":"Dexterity Potion"},{"floor":16,"key":"Fruit Juice"},{"floor":17,"key":"Swift Potion"}],"is_trial":false,"path_per_floor":["M","?","M","M","M","R","?","R","T","$","?","M","M","$","R","B",null,"M","?","M","M"],"character_chosen":"THE_SILENT","items_purchased":["Noxious Fumes"],"campfire_rested":2,"item_purchase_floors":[10],"current_hp_per_floor":[70,70,70,69,69,69,69,70,70,70,51,51,46,46,67,29,80,55,55,34,0],"gold":271,"neow_bonus":"RANDOM_COMMON_RELIC","is_prod":false,"is_daily":false,"chose_seed":false,"campfire_upgraded":1,"win_rate":0.0,"timestamp":1555793783,"path_taken":["M","?","M","M","M","R","?","R","T","?","?","M","M","$","R","BOSS","M","?","M","M"],"build_version":"2019-01-23","purchased_purges":1,"victory":false,"max_hp_per_floor":[70,70,70,70,70,70,70,70,70,70,70,70,70,70,70,70,80,80,80,80,80],"card_choices":[{"not_picked":["Backflip","Calculated Gamble"],"picked":"Poisoned Stab","floor":1},{"not_picked":["Predator","Riddle With Holes"],"picked":"Tactician","floor":3},{"not_picked":["Blur","Tactician"],"picked":"Prepared","floor":4},{"not_picked":["Outmaneuver","PiercingWail","Underhanded Strike"],"picked":"SKIP","floor":5},{"not_picked":["Underhanded Strike","Heel Hook"],"picked":"Reflex","floor":8},{"not_picked":["Footwork","Heel Hook"],"picked":"Glass Knife","floor":11},{"not_picked":["Dagger Spray","Calculated Gamble"],"picked":"Acrobatics","floor":12},{"not_picked":["Backflip","Dodge and Roll","PiercingWail"],"picked":"SKIP","floor":13},{"not_picked":["Blade Dance","Riddle With Holes"],"picked":"Distraction","floor":15},{"not_picked":["Phantasmal Killer","Malaise"],"picked":"Venomology","floor":16},{"not_picked":["PiercingWail","Distraction"],"picked":"Sucker Punch","floor":17},{"not_picked":["Prepared","Slice"],"picked":"Dagger Throw","floor":18},{"not_picked":["Terror","Dagger Spray"],"picked":"Distraction+1","floor":20}],"player_experience":21053,"relics_obtained":[{"floor":9,"key":"Blood Vial"},{"floor":11,"key":"Odd Mushroom"}],"event_choices":[{"damage_healed":0,"gold_gain":0,"player_choice":"Ignored","damage_taken":0,"max_hp_gain":0,"max_hp_loss":0,"event_name":"Liars Game","floor":2,"gold_loss":0},{"damage_healed":0,"gold_gain":0,"player_choice":"Box","damage_taken":0,"relics_obtained":["Dream Catcher"],"max_hp_gain":0,"max_hp_loss":0,"event_name":"Big Fish","floor":7,"gold_loss":0,"cards_obtained":["Regret"]},{"damage_healed":0,"gold_gain":0,"player_choice":"Fought Mushrooms","damage_taken":0,"max_hp_gain":0,"max_hp_loss":0,"event_name":"Mushrooms","floor":11,"gold_loss":0},{"damage_healed":0,"gold_gain":0,"player_choice":"Gave Potion","damage_taken":0,"relics_obtained":["Sundial"],"max_hp_gain":0,"max_hp_loss":0,"event_name":"WeMeetAgain","floor":19,"gold_loss":0}],"is_beta":false,"boss_relics":[{"not_picked":["White Beast Statue","Ectoplasm"],"picked":"Tiny House"}],"items_purged_floors":[10],"is_endless":false,"potions_floor_spawned":[4,5,12,13,16],"killed_by":"Centurion and Healer","ascension_level":0}