{"gold_per_floor":[109,109,159,171,246,276,289,439,439,458,458,251,251,163,163,237,237,252,24,299,149,166,166,216,216,216,216,59,85,103,103,103,179,179,194,69,69,69,17,17,17],"floor_reached":41,"playtime":1447,"items_purged":["Doubt","Regret","Strike_G"],"score":852,"play_id":"c3bf2510-3ad6-4f68-bfa5-e4321f88a157","local_time":"20181027231559","is_ascension_mode":true,"campfire_choices":[{"data":"Noxious Fumes","floor":11.0,"key":"SMITH"},{"data":"All Out Attack","floor":13.0,"key":"SMITH"},{"floor":15.0,"key":"REST"},{"data":"Envenom","floor":23.0,"key":"SMITH"},{"data":"Cloak And Dagger","floor":25.0,"key":"SMITH"},{"data":"Malaise","floor":27.0,"key":"SMITH"},{"data":"Neutralize","floor":32.0,"key":"SMITH"},{"data":"Cloak And Dagger","floor":40,"key":"SMITH"}],"neow_cost":"NONE","seed_source_timestamp":85551354797108,"circlet_count":0,"master_deck":["Defend_G","Defend_G","Defend_G","Defend_G","Defend_G","Strike_G","Strike_G","Strike_G","Survivor","Neutralize+1","AscendersBane","Blur","Noxious Fumes+1","Prepared","Flying Knee","Escape Plan","Cloak And Dagger+1","All Out Attack+1","Envenom+1","Malaise+1","Deadly Poison","Poisoned Stab","Cloak And Dagger+1","Burst","Tactician","Noxious Fumes","Unload","Backflip+1","Backflip"],"special_seed":0,"relics":["Ring of the Snake","NeowsBlessing","Meat on the Bone","Ancient Tea Set","Sozu","Lee\u0027s Waffle","Bottled Lightning","Centennial Puzzle","WristBlade"],"potions_floor_usage":[33,33],"damage_taken":[{"damage":0.0,"enemies":"Jaw Worm","floor":1.0,"turns":1.0},{"damage":0.0,"enemies":"Cultist","floor":4.0,"turns":1.0},{"damage":0.0,"enemies":"3 Sentries","floor":6.0,"turns":2.0},{"damage":1.0,"enemies":"Small Slimes","floor":7.0,"turns":5.0},{"damage":4.0,"enemies":"Blue Slaver","floor":10.0,"turns":6.0},{"damage":52.0,"enemies":"Hexaghost","floor":16.0,"turns":11.0},{"damage":37.0,"enemies":"Chosen","floor":18.0,"turns":8.0},{"damage":20.0,"enemies":"Shell Parasite","floor":22.0,"turns":6.0},{"damage":3.0,"enemies":"Book of Stabbing","floor":29.0,"turns":7.0},{"damage":0.0,"enemies":"Snecko","floor":30.0,"turns":8.0},{"damage":34,"enemies":"Automaton","floor":33,"turns":12},{"damage":49,"enemies":"3 Darklings","floor":35,"turns":5},{"damage":57,"enemies":"Giant Head","floor":41,"turns":7}],"seed_played":"-5810928934995670143","potions_obtained":[{"floor":1.0,"key":"SpeedPotion"},{"floor":6.0,"key":"EssenceOfSteel"}],"is_trial":false,"path_per_floor":["M","?","?","M","?","E","M","?","T","M","R","$","R","$","R","B",null,"M","$","?","$","M","R","?","R","T","R","$","E","M","?","R","B",null,"M","$","?","?","$","R"],"character_chosen":"THE_SILENT","items_purchased":["Cloak And Dagger","All Out Attack","Envenom","Lee\u0027s Waffle","Poisoned Stab","Burst","Backflip"],"campfire_rested":1,"item_purchase_floors":[12,12,14,19,21,28,39],"current_hp_per_floor":[59,59,53,53,42,42,41,41,41,37,37,37,37,37,56,16,54,29,73,73,73,53,53,53,53,53,53,53,50,50,50,50,28,62,25,25,60,57,57,57,0],"gold":17,"neow_bonus":"THREE_ENEMY_KILL","is_prod":false,"is_daily":false,"chose_seed":false,"campfire_upgraded":7,"win_rate":0,"timestamp":1540707359,"path_taken":["M","?","?","M","?","E","M","?","T","M","R","$","R","?","R","BOSS","M","$","?","$","M","R","?","R","T","R","?","E","M","?","R","BOSS","M","$","?","?","$","R","E"],"build_version":"2018-10-25v2","purchased_purges":3,"victory":false,"max_hp_per_floor":[66,66,66,66,66,66,66,66,66,66,66,66,66,66,66,66,66,66,73,73,73,73,73,73,73,73,73,73,73,73,73,73,73,73,73,73,60,57,57,57,57],"card_choices":[{"not_picked":["Escape Plan","Slice"],"picked":"Blur","floor":1.0},{"not_picked":["Acrobatics","Distraction"],"picked":"Noxious Fumes","floor":4.0},{"not_picked":["Skewer","Flechettes"],"picked":"Prepared","floor":6.0},{"not_picked":["Blade Dance","Endless Agony"],"picked":"Flying Knee","floor":7.0},{"not_picked":["Sucker Punch","Expertise"],"picked":"Escape Plan","floor":10.0},{"not_picked":["Corpse Explosion","Burst"],"picked":"Malaise","floor":16.0},{"not_picked":["Underhanded Strike+1","Blade Dance+1"],"picked":"Deadly Poison","floor":18.0},{"not_picked":["Terror","Footwork"],"picked":"Cloak And Dagger","floor":22.0},{"not_picked":["Terror","Footwork"],"picked":"Tactician","floor":29.0},{"not_picked":["Caltrops","Tactician"],"picked":"Noxious Fumes","floor":30.0},{"not_picked":["Storm of Steel","Glass Knife"],"picked":"Unload","floor":33},{"not_picked":["PiercingWail","Poisoned Stab"],"picked":"Backflip+1","floor":35}],"player_experience":666140,"relics_obtained":[{"floor":6.0,"key":"Meat on the Bone"},{"floor":9.0,"key":"Ancient Tea Set"},{"floor":26.0,"key":"Bottled Lightning"},{"floor":29.0,"key":"Centennial Puzzle"}],"event_choices":[{"cards_removed":["Strike_G"],"damage_healed":0.0,"max_hp_gain":0.0,"max_hp_loss":0.0,"gold_gain":0.0,"event_name":"Bonfire Elementals","player_choice":"Offered Basic","floor":2.0,"gold_loss":0.0,"damage_taken":0.0},{"damage_healed":0.0,"max_hp_gain":0.0,"max_hp_loss":0.0,"gold_gain":50.0,"event_name":"FaceTrader","player_choice":"Touch","floor":3.0,"gold_loss":0.0,"damage_taken":6.0},{"damage_healed":0.0,"max_hp_gain":0.0,"max_hp_loss":0.0,"gold_gain":75.0,"event_name":"World of Goop","player_choice":"Gather Gold","floor":5.0,"gold_loss":0.0,"damage_taken":11.0},{"damage_healed":0.0,"max_hp_gain":0.0,"max_hp_loss":0.0,"gold_gain":150.0,"event_name":"Liars Game","player_choice":"AGREE","floor":8.0,"gold_loss":0.0,"damage_taken":0.0,"cards_obtained":["Doubt"]},{"damage_healed":0.0,"max_hp_gain":0.0,"max_hp_loss":0.0,"gold_gain":275.0,"event_name":"Golden Shrine","player_choice":"Desecrate","floor":20.0,"gold_loss":0.0,"damage_taken":0.0,"cards_obtained":["Regret"]},{"damage_healed":0.0,"max_hp_gain":0.0,"max_hp_loss":0.0,"gold_gain":50.0,"event_name":"Nest","player_choice":"Stole From Cult","floor":24.0,"gold_loss":0.0,"damage_taken":0.0},{"damage_healed":0.0,"max_hp_gain":0.0,"max_hp_loss":0.0,"gold_gain":0.0,"event_name":"The Mausoleum","player_choice":"Ignored","floor":31.0,"gold_loss":0.0,"damage_taken":0.0},{"damage_healed":60,"gold_gain":0,"player_choice":"Heal","damage_taken":0,"max_hp_gain":0,"max_hp_loss":13,"event_name":"The Moai Head","floor":37,"gold_loss":0},{"damage_healed":0,"gold_gain":0,"player_choice":"Max HP","damage_taken":0,"max_hp_gain":0,"max_hp_loss":3,"event_name":"Winding Halls","floor":38,"gold_loss":0}],"is_beta":false,"boss_relics":[{"not_picked":["Orrery","Ring of the Serpent"],"picked":"Sozu"},{"not_picked":["HoveringKite","Coffee Dripper"],"picked":"WristBlade"}],"items_purged_floors":[12,21,36],"is_endless":false,"potions_floor_spawned":[1,6,16,22,29,35],"killed_by":"Giant Head","ascension_level":20}