{"gold_per_floor":[114,129,304,315,315,350,370,370,425,425,437,437,455,487,487,487],"floor_reached":16,"playtime":432,"items_purged":[],"score":129,"play_id":"713d81bf-24b1-412c-a2ff-a2870ebe206f","local_time":"20190330201743","is_ascension_mode":true,"campfire_choices":[{"data":"Offering","floor":10,"key":"SMITH"},{"floor":15,"key":"REST"}],"neow_cost":"NONE","seed_source_timestamp":820067933432925,"circlet_count":0,"master_deck":["Strike_R","Strike_R","Strike_R","Strike_R","Strike_R","Defend_R","Defend_R","Defend_R","Defend_R","Bash","Uppercut","Anger+1","Doubt","Offering+1","Pommel Strike","Regret","Clash"],"relics":["Burning Blood","NeowsBlessing","Mercury Hourglass","PreservedInsect","Strawberry","Dodecahedron","Matryoshka"],"potions_floor_usage":[14,14],"damage_taken":[{"damage":0,"enemies":"Cultist","floor":1,"turns":1},{"damage":0,"enemies":"Small Slimes","floor":2,"turns":1},{"damage":0,"enemies":"Jaw Worm","floor":4,"turns":1},{"damage":25,"enemies":"3 Sentries","floor":6,"turns":7},{"damage":13,"enemies":"2 Fungi Beasts","floor":7,"turns":2},{"damage":1,"enemies":"3 Louse","floor":11,"turns":3},{"damage":19,"enemies":"Lots of Slimes","floor":13,"turns":2},{"damage":25,"enemies":"Lagavulin","floor":14,"turns":4},{"damage":68,"enemies":"Slime Boss","floor":16,"turns":8}],"seed_played":"193971788933581379","potions_obtained":[{"floor":1,"key":"SneckoOil"},{"floor":2,"key":"Regen Potion"},{"floor":7,"key":"SpeedPotion"},{"floor":13,"key":"Fire Potion"},{"floor":14,"key":"Fire Potion"}],"is_trial":false,"path_per_floor":["M","M","?","M","?","E","M","?","T","R","M","?","M","E","R","B"],"character_chosen":"IRONCLAD","items_purchased":[],"campfire_rested":1,"item_purchase_floors":[],"current_hp_per_floor":[80,80,80,80,73,54,47,47,54,54,59,59,46,36,62,0],"gold":487,"neow_bonus":"THREE_ENEMY_KILL","is_prod":false,"is_daily":false,"chose_seed":false,"campfire_upgraded":1,"win_rate":0,"timestamp":1553977063,"path_taken":["M","?","?","M","?","E","M","?","T","R","?","?","M","E","R","BOSS"],"build_version":"2019-01-23","purchased_purges":0,"victory":false,"max_hp_per_floor":[80,80,80,80,80,80,80,80,87,87,87,87,87,87,87,87],"card_choices":[{"not_picked":["Clothesline","Sword Boomerang"],"picked":"Uppercut","floor":1},{"not_picked":["Rupture","Carnage"],"picked":"Anger","floor":2},{"not_picked":["Power Through","Rupture","Clothesline"],"picked":"SKIP","floor":4},{"not_picked":["Thunderclap","Hemokinesis"],"picked":"Offering","floor":6},{"not_picked":["Fire Breathing","Dual Wield"],"picked":"Pommel Strike","floor":7},{"not_picked":["True Grit","Flex","Combust"],"picked":"SKIP","floor":11},{"not_picked":["Anger","Second Wind"],"picked":"Clash","floor":13},{"not_picked":["Dual Wield","Evolve","Battle Trance"],"picked":"SKIP","floor":14}],"player_experience":332594,"relics_obtained":[{"floor":6,"key":"PreservedInsect"},{"floor":9,"key":"Strawberry"},{"floor":14,"key":"Matryoshka"}],"event_choices":[{"damage_healed":0,"gold_gain":175,"player_choice":"AGREE","damage_taken":0,"max_hp_gain":0,"max_hp_loss":0,"event_name":"Liars Game","floor":3,"gold_loss":0,"cards_obtained":["Doubt"]},{"damage_healed":0,"gold_gain":0,"player_choice":"Success","damage_taken":7,"relics_obtained":["Mercury Hourglass"],"max_hp_gain":0,"max_hp_loss":0,"event_name":"Scrap Ooze","floor":5,"gold_loss":0},{"damage_healed":0,"gold_gain":0,"player_choice":"Upgraded","damage_taken":0,"max_hp_gain":0,"max_hp_loss":0,"event_name":"Upgrade Shrine","floor":8,"gold_loss":0,"cards_upgraded":["Anger"]},{"damage_healed":0,"gold_gain":0,"player_choice":"Box","damage_taken":0,"relics_obtained":["Dodecahedron"],"max_hp_gain":0,"max_hp_loss":0,"event_name":"Big Fish","floor":12,"gold_loss":0,"cards_obtained":["Regret"]}],"is_beta":false,"boss_relics":[],"items_purged_floors":[],"is_endless":false,"potions_floor_spawned":[1,2,7,13,14],"killed_by":"Slime Boss","ascension_level":3}