{"gold_per_floor":[117,132,132,150,21,21,21,21,21,52,52,66,66,13,13,106,106,106],"floor_reached":18,"playtime":474,"items_purged":["Strike_B"],"score":316,"play_id":"3d18be7e-8224-4a87-864a-f733a02ab7ef","local_time":"20181027042354","is_ascension_mode":true,"campfire_choices":[{"data":"Sunder","floor":6,"key":"SMITH"},{"data":"Hologram","floor":8,"key":"SMITH"},{"data":"Streamline","floor":11,"key":"SMITH"},{"floor":15,"key":"REST"}],"neow_cost":"NONE","seed_source_timestamp":66908330439967,"circlet_count":0,"master_deck":["Strike_B","Defend_B","Defend_B","Defend_B","Defend_B","Zap","Dualcast","AscendersBane","Sunder+1","Gash","Stack","Hologram+1","Streamline+1","Auto Shields+1","Stack","Hyperbeam"],"relics":["Cracked Core","NeowsBlessing","Golden Idol","Shovel","Bag of Marbles","Empty Cage"],"potions_floor_usage":[10,10,16],"damage_taken":[{"damage":0,"enemies":"Cultist","floor":1,"turns":1},{"damage":0,"enemies":"2 Louse","floor":2,"turns":1},{"damage":0,"enemies":"Jaw Worm","floor":4,"turns":1},{"damage":20,"enemies":"3 Sentries","floor":10,"turns":6},{"damage":6,"enemies":"Blue Slaver","floor":12,"turns":3},{"damage":32,"enemies":"Hexaghost","floor":16,"turns":9},{"damage":7,"enemies":"Chosen","floor":18,"turns":5}],"seed_played":"4865142459134967890","potions_obtained":[{"floor":1,"key":"Swift Potion"},{"floor":4,"key":"Strength Potion"},{"floor":12,"key":"PowerPotion"}],"is_trial":false,"path_per_floor":["M","M","?","M","$","R","$","R","T","E","R","M","?","$","R","B",null],"character_chosen":"DEFECT","items_purchased":["Hologram","Stack"],"campfire_rested":1,"item_purchase_floors":[5,14],"current_hp_per_floor":[64,64,40,40,40,40,40,40,40,20,20,14,14,14,35,3,54,47],"gold":106,"neow_bonus":"THREE_ENEMY_KILL","is_prod":false,"is_daily":false,"chose_seed":false,"campfire_upgraded":3,"win_rate":0,"timestamp":1540639434,"path_taken":["M","?","?","M","$","R","?","R","T","E","R","?","?","$","R","BOSS","M"],"build_version":"2018-10-25v2","purchased_purges":1,"victory":false,"max_hp_per_floor":[71,71,71,71,71,71,71,71,71,71,71,71,71,71,71,71,71,71],"card_choices":[{"not_picked":["Sweeping Beam","Stack"],"picked":"Sunder","floor":1},{"not_picked":["Steam","Hologram"],"picked":"Gash","floor":2},{"not_picked":["Capacitor","Redo"],"picked":"Stack","floor":4},{"not_picked":["Reboot","FTL"],"picked":"Streamline","floor":10},{"not_picked":["Hologram","Static Discharge"],"picked":"Auto Shields","floor":12},{"not_picked":["Reboot","Thunder Strike"],"picked":"Hyperbeam","floor":16}],"player_experience":664406,"relics_obtained":[{"floor":9,"key":"Shovel"},{"floor":10,"key":"Bag of Marbles"}],"event_choices":[{"damage_healed":0,"gold_gain":0,"player_choice":"Take Damage","damage_taken":24,"relics_obtained":["Golden Idol"],"max_hp_gain":0,"max_hp_loss":0,"event_name":"Golden Idol","floor":3,"gold_loss":0},{"damage_healed":0,"gold_gain":0,"player_choice":"Forge","damage_taken":0,"max_hp_gain":0,"max_hp_loss":0,"event_name":"Accursed Blacksmith","floor":13,"gold_loss":0,"cards_upgraded":["Auto Shields"]}],"is_beta":false,"boss_relics":[{"not_picked":["Calling Bell","Inserter"],"picked":"Empty Cage"}],"items_purged_floors":[5],"is_endless":false,"potions_floor_spawned":[1,4,12],"killed_by":"Chosen","ascension_level":20}