{"gold_per_floor":[17,17,38,38,38,38,82,82,161,161,161],"floor_reached":11,"playtime":302,"items_purged":[],"score":138,"play_id":"16b8fcd8-e9f1-4b9d-af7e-8a772783c7db","local_time":"20190122225125","is_ascension_mode":true,"campfire_choices":[{"data":"Poisoned Stab","floor":6,"key":"SMITH"},{"data":"Decay","floor":8,"key":"PURGE"},{"data":"Neutralize","floor":10,"key":"SMITH"}],"neow_cost":"NO_GOLD","seed_source_timestamp":353858702354984,"circlet_count":0,"master_deck":["AscendersBane","Defend_G","Defend_G","Defend_G","Defend_G","Defend_G","Strike_G","Strike_G","Strike_G","Strike_G","Strike_G","Survivor","Neutralize+1","Noxious Fumes+1","Poisoned Stab+1","Backflip"],"relics":["Ring of the Snake","Ice Cream","Golden Idol","Peace Pipe","Bottled Lightning"],"potions_floor_usage":[7,11],"damage_taken":[{"damage":1,"enemies":"Cultist","floor":1,"turns":4},{"damage":3,"enemies":"Jaw Worm","floor":3,"turns":5},{"damage":12,"enemies":"Gremlin Nob","floor":7,"turns":3},{"damage":17,"enemies":"3 Sentries","floor":11,"turns":4}],"seed_played":"-3291693489010034429","potions_obtained":[{"floor":1,"key":"SkillPotion"},{"floor":7,"key":"Fruit Juice"}],"is_trial":false,"path_per_floor":["?","?","?"],"character_chosen":"THE_SILENT","items_purchased":[],"campfire_rested":0,"item_purchase_floors":[],"current_hp_per_floor":[58,35,32,32,32,32,20,20,20,20,8],"gold":161,"neow_bonus":"ONE_RARE_RELIC","is_prod":false,"is_daily":false,"chose_seed":false,"campfire_upgraded":2,"win_rate":0,"timestamp":1548226285,"path_taken":["M","?","M","?","?","R","E","R","T","R","E"],"build_version":"2019-01-22","purchased_purges":0,"victory":false,"max_hp_per_floor":[66,66,66,66,66,66,66,66,66,66,71],"card_choices":[{"not_picked":["Slice","Escape Plan"],"picked":"Noxious Fumes","floor":1},{"not_picked":["Slice","Underhanded Strike"],"picked":"Poisoned Stab","floor":3},{"not_picked":["Outmaneuver","Deflect"],"picked":"Backflip","floor":7}],"player_experience":1016423,"relics_obtained":[{"floor":7,"key":"Peace Pipe"},{"floor":9,"key":"Bottled Lightning"}],"event_choices":[{"damage_healed":0,"gold_gain":0,"player_choice":"Take Damage","damage_taken":23,"relics_obtained":["Golden Idol"],"max_hp_gain":0,"max_hp_loss":0,"event_name":"Golden Idol","floor":2,"gold_loss":0},{"damage_healed":0,"gold_gain":0,"player_choice":"Grow","damage_taken":0,"max_hp_gain":0,"max_hp_loss":0,"event_name":"Living Wall","floor":4,"gold_loss":0,"cards_upgraded":["Noxious Fumes"]},{"damage_healed":0,"gold_gain":0,"player_choice":"Cursed","damage_taken":0,"max_hp_gain":0,"max_hp_loss":0,"event_name":"Wheel of Change","floor":5,"gold_loss":0,"cards_obtained":["Decay"]}],"is_beta":true,"boss_relics":[],"items_purged_floors":[],"is_endless":false,"potions_floor_spawned":[1,7],"killed_by":"3 Sentries","ascension_level":20}