{"gold_per_floor":[19,35,48,59,9,9,41,41,88,88,105,134,2,2,2,81,81,99,114,114,39,56,106,106,164,235,305,338,349,349,381,381,453,453,464,284,297,297,77,77,103,29,53,69,69,98,98,108,108,108,108],"floor_reached":51,"playtime":2639,"items_purged":[],"score":1492,"play_id":"b54d8e95-481f-4c37-a27b-b6178dd89046","local_time":"20190124001100","is_ascension_mode":true,"campfire_choices":[{"data":"Sweeping Beam","floor":6.0,"key":"SMITH"},{"data":"Darkness","floor":8.0,"key":"SMITH"},{"data":"Zap","floor":10.0,"key":"SMITH"},{"floor":15.0,"key":"REST"},{"data":"Defragment","floor":24.0,"key":"SMITH"},{"floor":30.0,"key":"REST"},{"data":"Consume","floor":32.0,"key":"SMITH"},{"data":"Creative AI","floor":40.0,"key":"SMITH"},{"floor":45.0,"key":"REST"},{"floor":49.0,"key":"RECALL"}],"neow_cost":"NO_GOLD","seed_source_timestamp":406885526422817,"circlet_count":0,"master_deck":["AscendersBane","Defend_B","Zap+1","Dualcast","Sweeping Beam+1","Cold Snap","Darkness+1","Ball Lightning","Self Repair","Defragment+1","Electrodynamics","Conserve Battery+1","Glacier","Capacitor","Conserve Battery+1","Loop","Consume+1","Creative AI+1","Capacitor","Hologram","Conserve Battery","Loop","Echo Form+1"],"special_seed":0,"relics":["Cracked Core","Question Card","Regal Pillow","Centennial Puzzle","Empty Cage","Tiny Chest","Bottled Lightning","Meat on the Bone","Potion Belt","Strawberry","Busted Crown","Bag of Preparation","DataDisk","Frozen Egg 2"],"potions_floor_usage":[51],"damage_taken":[{"damage":1.0,"enemies":"Cultist","floor":1.0,"turns":4.0},{"damage":1.0,"enemies":"Small Slimes","floor":2.0,"turns":4.0},{"damage":4.0,"enemies":"2 Louse","floor":3.0,"turns":2.0},{"damage":7.0,"enemies":"Looter","floor":4.0,"turns":3.0},{"damage":26.0,"enemies":"3 Sentries","floor":7.0,"turns":8.0},{"damage":7.0,"enemies":"2 Fungi Beasts","floor":11.0,"turns":4.0},{"damage":15.0,"enemies":"Lagavulin","floor":12.0,"turns":6.0},{"damage":28.0,"enemies":"Slime Boss","floor":16.0,"turns":5.0},{"damage":3.0,"enemies":"3 Byrds","floor":18.0,"turns":3.0},{"damage":3.0,"enemies":"Spheric Guardian","floor":19.0,"turns":3.0},{"damage":17.0,"enemies":"Snake Plant","floor":22.0,"turns":4.0},{"damage":5.0,"enemies":"Gremlin Leader","floor":25.0,"turns":7.0},{"damage":45.0,"enemies":"Slavers","floor":28.0,"turns":6.0},{"damage":17.0,"enemies":"Snecko","floor":29.0,"turns":5.0},{"damage":33.0,"enemies":"Book of Stabbing","floor":31.0,"turns":5.0},{"damage":4.0,"enemies":"Champ","floor":33.0,"turns":20.0},{"damage":31.0,"enemies":"Orb Walker","floor":35.0,"turns":5.0},{"damage":5.0,"enemies":"3 Shapes","floor":37.0,"turns":6.0},{"damage":31.0,"enemies":"Giant Head","floor":41.0,"turns":9.0},{"damage":33.0,"enemies":"Transient","floor":44.0,"turns":6.0},{"damage":32.0,"enemies":"Nemesis","floor":46.0,"turns":33.0},{"damage":2.0,"enemies":"Sphere and 2 Shapes","floor":48.0,"turns":9.0},{"damage":22.0,"enemies":"Donu and Deca","floor":50.0,"turns":16.0},{"damage":70,"enemies":"Awakened One","floor":51,"turns":3}],"seed_played":"2644687515324942108","potions_obtained":[{"floor":1.0,"key":"Dexterity Potion"},{"floor":4.0,"key":"FearPotion"},{"floor":7.0,"key":"LiquidBronze"},{"floor":18.0,"key":"Swift Potion"},{"floor":19.0,"key":"Dexterity Potion"},{"floor":22.0,"key":"PowerPotion"},{"floor":33.0,"key":"SpeedPotion"},{"floor":35.0,"key":"FearPotion"}],"is_trial":false,"path_per_floor":["M","M","M","M","$","R","E","R","T","R","M","E","$","?","R","B",null,"M","M","?","?","M","?","R","E","T","T","E","M","R","E","R","B",null,"M","$","M","?","$","R","E","$","T","M","R","E","?","M","R","B","B"],"character_chosen":"DEFECT","items_purchased":["Cold Snap","Defragment","Fire Potion","PowerPotion","Capacitor","Hologram","Bag of Preparation","PowerPotion","Loop"],"campfire_rested":3,"item_purchase_floors":[5,13,13,36,36,36,39,39,42],"current_hp_per_floor":[63,62,58,51,51,51,25,25,25,25,18,3,3,3,39,18,58,62,59,59,59,49,49,49,51,51,51,18,20,56,49,49,52,72,48,48,50,50,50,50,38,38,38,24,62,56,56,68,68,60,0],"gold":108,"neow_bonus":"REMOVE_TWO","is_prod":false,"is_daily":false,"chose_seed":false,"campfire_upgraded":6,"win_rate":0,"timestamp":1548317460,"path_taken":["M","M","?","M","$","R","E","R","T","R","M","E","$","?","R","BOSS","M","M","?","?","M","?","R","E","T","?","E","M","R","E","R","BOSS","M","$","M","?","$","R","E","?","T","M","R","E","?","M","R","BOSS","BOSS"],"build_version":"2019-01-23","purchased_purges":0,"victory":false,"max_hp_per_floor":[71,71,71,71,71,71,71,71,71,71,71,71,71,71,71,71,71,71,71,71,71,71,71,71,71,71,71,71,71,71,78,78,78,78,78,78,78,78,78,78,78,78,78,78,78,78,78,78,78,78,78],"card_choices":[{"not_picked":["Hello World","Stack","Beam Cell"],"picked":"SKIP","floor":1.0},{"not_picked":["Conserve Battery","Leap"],"picked":"Sweeping Beam","floor":2.0},{"not_picked":["Force Field","Chaos","Leap"],"picked":"SKIP","floor":3.0},{"not_picked":["Sweeping Beam","Skim","Rip and Tear"],"picked":"SKIP","floor":4.0},{"not_picked":["Rainbow","Streamline"],"picked":"Darkness","floor":7.0},{"not_picked":["Redo","Aggregate","Go for the Eyes"],"picked":"Ball Lightning","floor":11.0},{"not_picked":["Cold Snap","Blizzard","Recycle"],"picked":"Self Repair","floor":12.0},{"not_picked":["Rainbow","Multi-Cast","Hyperbeam"],"picked":"Electrodynamics","floor":16.0},{"not_picked":["Melter+1","Aggregate","Go for the Eyes+1","Rebound"],"picked":"SKIP","floor":18.0},{"not_picked":["Redo","Stack","Beam Cell"],"picked":"Conserve Battery+1","floor":19.0},{"not_picked":["Steam","Rip and Tear","Doom and Gloom","Lockon"],"picked":"SKIP","floor":22.0},{"not_picked":["Coolheaded","Fusion","Reboot"],"picked":"Capacitor","floor":25.0},{"not_picked":["Streamline","Capacitor","Rebound"],"picked":"Conserve Battery+1","floor":28.0},{"not_picked":["Beam Cell","Doom and Gloom","Stack"],"picked":"Loop","floor":29.0},{"not_picked":["Compile Driver","Beam Cell","Gash"],"picked":"Consume","floor":31.0},{"not_picked":["Rainbow","Machine Learning","Multi-Cast"],"picked":"Creative AI","floor":33.0},{"not_picked":["Tempest","Gash"],"picked":"SKIP","floor":35.0},{"not_picked":["Gash+1","Compile Driver"],"picked":"SKIP","floor":37.0},{"not_picked":["Auto Shields"],"picked":"Conserve Battery","floor":41.0},{"not_picked":["Leap","Compile Driver"],"picked":"SKIP","floor":44.0},{"not_picked":["Hologram"],"picked":"Echo Form","floor":46.0},{"not_picked":["Lockon+1","Sweeping Beam+1"],"picked":"SKIP","floor":48.0}],"player_experience":1020918,"relics_obtained":[{"floor":7.0,"key":"Question Card"},{"floor":9.0,"key":"Regal Pillow"},{"floor":12.0,"key":"Centennial Puzzle"},{"floor":25.0,"key":"Tiny Chest"},{"floor":26.0,"key":"Bottled Lightning"},{"floor":27.0,"key":"Meat on the Bone"},{"floor":28.0,"key":"Potion Belt"},{"floor":31.0,"key":"Strawberry"},{"floor":41.0,"key":"DataDisk"},{"floor":46.0,"key":"Frozen Egg 2"}],"event_choices":[{"damage_healed":0.0,"max_hp_gain":0.0,"max_hp_loss":0.0,"gold_gain":0.0,"event_name":"The Cleric","player_choice":"Leave","floor":14.0,"gold_loss":0.0,"damage_taken":0.0},{"damage_healed":0.0,"max_hp_gain":0.0,"max_hp_loss":0.0,"gold_gain":0.0,"event_name":"The Library","player_choice":"Read","floor":20.0,"gold_loss":0.0,"damage_taken":0.0,"cards_obtained":["Glacier"]},{"cards_removed":["Defend_B"],"damage_healed":0.0,"max_hp_gain":0.0,"max_hp_loss":0.0,"gold_gain":0.0,"event_name":"Beggar","player_choice":"Gave Gold","floor":21.0,"gold_loss":75.0,"damage_taken":0.0},{"damage_healed":0.0,"max_hp_gain":0.0,"max_hp_loss":0.0,"gold_gain":50.0,"event_name":"Nest","player_choice":"Stole From Cult","floor":23.0,"gold_loss":0.0,"damage_taken":0.0},{"cards_removed":["Defend_B"],"damage_healed":0.0,"max_hp_gain":0.0,"max_hp_loss":0.0,"gold_gain":0.0,"event_name":"Purifier","player_choice":"Purged","floor":38.0,"gold_loss":0.0,"damage_taken":0.0},{"cards_removed":["Defend_B"],"damage_healed":0.0,"max_hp_gain":0.0,"max_hp_loss":0.0,"gold_gain":0.0,"event_name":"Falling","player_choice":"Removed Skill","floor":47.0,"gold_loss":0.0,"damage_taken":0.0}],"is_beta":true,"boss_relics":[{"not_picked":["Eternal Feather","Pandora\u0027s Box"],"picked":"Empty Cage"},{"not_picked":["Philosopher\u0027s Stone","Calling Bell"],"picked":"Busted Crown"}],"items_purged_floors":[],"is_endless":false,"potions_floor_spawned":[1,4,7,16,18,19,22,33,35,46],"killed_by":"Awakened One","ascension_level":20}