{"gold_per_floor":[115,129,54,54,54,54,97,38,63,63,102,27,177,192,192,287,287,307,151,151,37,37,37,37],"floor_reached":24,"playtime":617,"items_purged":["Strike_B","Doubt"],"score":396,"play_id":"ed547b5a-d5eb-4dbe-ad4b-74e9f18ed4d8","local_time":"20190307045402","is_ascension_mode":true,"campfire_choices":[{"data":"Zap","floor":6.0,"key":"SMITH"},{"floor":10.0,"key":"REST"},{"data":"Defragment","floor":15.0,"key":"SMITH"},{"data":"Hologram","floor":23,"key":"SMITH"}],"neow_cost":"NONE","seed_source_timestamp":2998228217655963,"circlet_count":0,"master_deck":["AscendersBane","Strike_B","Strike_B","Defend_B","Defend_B","Defend_B+1","Defend_B","Zap+1","Dualcast+1","Coolheaded","Cold Snap","Ball Lightning","Ball Lightning","Defragment+1","Core Surge","Coolheaded","Coolheaded","Gash","Hologram+1"],"special_seed":0,"relics":["Cracked Core","Golden Idol","Meat on the Bone","Vajra","Oddly Smooth Stone","Sozu"],"potions_floor_usage":[],"damage_taken":[{"damage":4.0,"enemies":"Small Slimes","floor":1.0,"turns":5.0},{"damage":4.0,"enemies":"2 Louse","floor":2.0,"turns":3.0},{"damage":41.0,"enemies":"3 Sentries","floor":7.0,"turns":13.0},{"damage":4.0,"enemies":"Gremlin Nob","floor":11.0,"turns":3.0},{"damage":12.0,"enemies":"Jaw Worm","floor":14.0,"turns":2.0},{"damage":22.0,"enemies":"Slime Boss","floor":16.0,"turns":8.0},{"damage":13.0,"enemies":"Shell Parasite","floor":18.0,"turns":6.0},{"damage":45,"enemies":"Slavers","floor":24,"turns":3}],"seed_played":"1652725494763770252","potions_obtained":[{"floor":2.0,"key":"SpeedPotion"},{"floor":7.0,"key":"PowerPotion"}],"is_trial":false,"path_per_floor":["M","M","?","?","?","R","E","$","T","R","E","$","?","M","R","B",null,"M","$","?","$","?","R","E"],"character_chosen":"DEFECT","items_purchased":["Ball Lightning","Coolheaded","Gash","Hologram"],"campfire_rested":1,"item_purchase_floors":[8,19,21,21],"current_hp_per_floor":[67,63,63,63,42,42,1,1,1,22,30,30,30,30,30,20,58,45,45,45,45,45,45,0],"gold":37,"neow_bonus":"TEN_PERCENT_HP_BONUS","is_prod":false,"is_daily":false,"chose_seed":false,"campfire_upgraded":3,"win_rate":0,"timestamp":1551963242,"path_taken":["M","M","?","?","?","R","E","$","T","R","E","$","?","M","R","BOSS","M","$","?","$","?","R","E"],"build_version":"2019-02-06","purchased_purges":2,"victory":false,"max_hp_per_floor":[78,78,78,71,71,71,71,71,71,71,71,71,71,71,71,71,71,71,71,71,71,71,71,71],"card_choices":[{"not_picked":["Stack","Heatsinks","Force Field"],"picked":"SKIP","floor":1.0},{"not_picked":["Loop","Compile Driver"],"picked":"Coolheaded","floor":2.0},{"not_picked":["Force Field","Leap"],"picked":"Cold Snap","floor":7.0},{"not_picked":["Leap","Auto Shields"],"picked":"Ball Lightning","floor":11.0},{"not_picked":["Leap","Conserve Battery"],"picked":"Defragment","floor":14.0},{"not_picked":["Rainbow","Meteor Strike"],"picked":"Core Surge","floor":16.0},{"not_picked":["White Noise+1","Turbo"],"picked":"Coolheaded","floor":18.0}],"player_experience":1331374,"relics_obtained":[{"floor":7.0,"key":"Meat on the Bone"},{"floor":9.0,"key":"Vajra"},{"floor":11.0,"key":"Oddly Smooth Stone"}],"event_choices":[{"cards_removed":["Strike_B"],"damage_healed":0.0,"max_hp_gain":0.0,"max_hp_loss":0.0,"gold_gain":0.0,"event_name":"The Cleric","player_choice":"Card Removal","floor":3.0,"gold_loss":75.0,"damage_taken":0.0},{"damage_healed":0.0,"max_hp_gain":0.0,"max_hp_loss":7.0,"gold_gain":0.0,"event_name":"Golden Idol","player_choice":"Lose Max HP","floor":4.0,"gold_loss":0.0,"damage_taken":0.0,"relics_obtained":["Golden Idol"]},{"damage_healed":0.0,"max_hp_gain":0.0,"max_hp_loss":0.0,"gold_gain":0.0,"event_name":"Shining Light","player_choice":"Entered Light","floor":5.0,"gold_loss":0.0,"damage_taken":21.0,"cards_upgraded":["Dualcast","Defend_B"]},{"damage_healed":0.0,"max_hp_gain":0.0,"max_hp_loss":0.0,"gold_gain":150.0,"event_name":"Liars Game","player_choice":"AGREE","floor":13.0,"gold_loss":0.0,"damage_taken":0.0,"cards_obtained":["Doubt"]},{"damage_healed":0,"gold_gain":0,"player_choice":"Ignored","damage_taken":0,"max_hp_gain":0,"max_hp_loss":0,"event_name":"The Mausoleum","floor":20,"gold_loss":0},{"damage_healed":0,"gold_gain":0,"player_choice":"Ignored","damage_taken":0,"max_hp_gain":0,"max_hp_loss":0,"event_name":"Vampires","floor":22,"gold_loss":0}],"is_beta":true,"boss_relics":[{"not_picked":["Orrery","Calling Bell"],"picked":"Sozu"}],"items_purged_floors":[12,19],"is_endless":false,"potions_floor_spawned":[2,7,18],"killed_by":"Slavers","ascension_level":20}