{"gold_per_floor":[119,137,153,153,169,169,183,194,194,194,194,206,224,241,241,340,340,357,368,384,47,47,57,69,69,126,126,158,171,189,189],"floor_reached":31,"playtime":1501,"items_purged":["Strike_B"],"score":282,"play_id":"d0054edf-4d33-4755-957a-6369d6347f6c","local_time":"20190418180922","is_ascension_mode":false,"campfire_choices":[{"floor":6,"key":"REST"},{"data":"Static Discharge","floor":15,"key":"SMITH"},{"floor":27,"key":"REST"}],"neow_cost":"NONE","seed_source_timestamp":191746239502662,"circlet_count":0,"master_deck":["Defend_B","Defend_B","Defend_B","Defend_B","Zap","Dualcast","Consume","Static Discharge+1","Barrage","Storm+1","Conserve Battery","Leap","Creative AI","FTL","Hologram","Hologram","Electrodynamics","Defragment+1","White Noise","Storm","Force Field","FTL","Chill","Defragment","Shame","Normality","Rebound+1","Stack","Steam"],"relics":["Cracked Core","Pantograph","Cursed Key","Pear","Juzu Bracelet","Tiny Chest","Happy Flower"],"potions_floor_usage":[],"damage_taken":[{"damage":6,"enemies":"Cultist","floor":1,"turns":3},{"damage":14,"enemies":"2 Louse","floor":2,"turns":3},{"damage":10,"enemies":"Small Slimes","floor":3,"turns":3},{"damage":8,"enemies":"2 Fungi Beasts","floor":5,"turns":3},{"damage":18,"enemies":"3 Louse","floor":7,"turns":4},{"damage":8,"enemies":"Red Slaver","floor":8,"turns":3},{"damage":0,"enemies":"Large Slime","floor":12,"turns":4},{"damage":28,"enemies":"Exordium Thugs","floor":13,"turns":5},{"damage":7,"enemies":"Blue Slaver","floor":14,"turns":3},{"damage":38,"enemies":"The Guardian","floor":16,"turns":8},{"damage":3,"enemies":"3 Byrds","floor":18,"turns":2},{"damage":28,"enemies":"2 Thieves","floor":19,"turns":3},{"damage":15,"enemies":"Chosen and Byrds","floor":20,"turns":4},{"damage":0,"enemies":"3 Cultists","floor":23,"turns":2},{"damage":23,"enemies":"Snake Plant","floor":24,"turns":2},{"damage":26,"enemies":"Gremlin Leader","floor":28,"turns":6},{"damage":11,"enemies":"Centurion and Healer","floor":29,"turns":5},{"damage":0,"enemies":"3 Cultists","floor":30,"turns":2},{"damage":14,"enemies":"Colosseum Slavers","floor":31,"turns":1}],"seed_played":"1310718359333418469","potions_obtained":[{"floor":1,"key":"Poison Potion"},{"floor":3,"key":"Weak Potion"},{"floor":8,"key":"LiquidBronze"},{"floor":13,"key":"Block Potion"},{"floor":28,"key":"EssenceOfSteel"}],"is_trial":false,"path_per_floor":["M","M","M","?","M","R","M","M","T","?","?","M","M","M","R","B",null,"M","M","M","$","?","M","M","?","T","R","E","M","M","?"],"character_chosen":"DEFECT","items_purchased":["Pear"],"campfire_rested":2,"item_purchase_floors":[21],"current_hp_per_floor":[76,62,52,52,44,68,50,42,42,69,69,69,41,34,34,21,82,79,51,36,46,46,46,23,23,23,50,24,13,13,0],"gold":189,"neow_bonus":"TEN_PERCENT_HP_BONUS","is_prod":false,"is_daily":false,"chose_seed":false,"campfire_upgraded":1,"win_rate":0.0,"timestamp":1555591162,"path_taken":["M","M","?","?","M","R","M","M","T","?","?","M","M","M","R","BOSS","M","M","M","$","?","M","M","?","T","R","E","M","M","?"],"build_version":"2019-01-23","purchased_purges":1,"victory":false,"max_hp_per_floor":[82,82,82,82,82,82,82,82,82,82,82,82,82,82,82,82,82,82,82,82,92,92,92,92,92,92,92,92,92,92,92],"card_choices":[{"not_picked":["Heatsinks","Cold Snap"],"picked":"Consume","floor":1},{"not_picked":["Turbo","Beam Cell"],"picked":"Static Discharge","floor":2},{"not_picked":["Rebound","Double Energy"],"picked":"Barrage","floor":3},{"not_picked":["Ball Lightning","Chaos"],"picked":"Conserve Battery","floor":5},{"not_picked":["Compile Driver","Steam"],"picked":"Leap","floor":7},{"not_picked":["Leap","Sweeping Beam"],"picked":"Creative AI","floor":8},{"not_picked":["Beam Cell","Turbo"],"picked":"FTL","floor":12},{"not_picked":["Cold Snap","Rebound"],"picked":"Hologram","floor":13},{"not_picked":["Barrage","Reprogram"],"picked":"Hologram","floor":14},{"not_picked":["Reboot","Fission"],"picked":"Electrodynamics","floor":16},{"not_picked":["Cold Snap","Go for the Eyes"],"picked":"Defragment+1","floor":18},{"not_picked":["Steam","Redo"],"picked":"White Noise","floor":19},{"not_picked":["Leap+1","Compile Driver+1"],"picked":"Storm","floor":20},{"not_picked":["Doom and Gloom+1","Multi-Cast"],"picked":"Chill","floor":23},{"not_picked":["Fusion+1","Gash+1"],"picked":"Defragment","floor":24},{"not_picked":["Cold Snap","Compile Driver"],"picked":"Rebound+1","floor":28},{"not_picked":["Coolheaded","Cold Snap+1"],"picked":"Stack","floor":29},{"not_picked":["Chill","Skim"],"picked":"Steam","floor":30}],"player_experience":48065,"relics_obtained":[{"floor":9,"key":"Pantograph"},{"floor":26,"key":"Tiny Chest"},{"floor":28,"key":"Happy Flower"}],"event_choices":[{"damage_healed":0,"gold_gain":0,"cards_transformed":["Strike_B"],"player_choice":"Change","damage_taken":0,"max_hp_gain":0,"max_hp_loss":0,"event_name":"Living Wall","floor":4,"gold_loss":0,"cards_obtained":["Storm"]},{"damage_healed":27,"gold_gain":0,"player_choice":"Banana","damage_taken":0,"max_hp_gain":0,"max_hp_loss":0,"event_name":"Big Fish","floor":10,"gold_loss":0},{"damage_healed":0,"gold_gain":0,"player_choice":"Upgraded","damage_taken":0,"max_hp_gain":0,"max_hp_loss":0,"event_name":"Upgrade Shrine","floor":11,"gold_loss":0,"cards_upgraded":["Storm"]},{"damage_healed":0,"gold_gain":0,"cards_transformed":["Strike_B","Strike_B"],"player_choice":"Became Test Subject","damage_taken":0,"max_hp_gain":0,"max_hp_loss":0,"event_name":"Drug Dealer","floor":22,"gold_loss":0,"cards_obtained":["Force Field","FTL"]},{"damage_healed":0,"gold_gain":0,"player_choice":"Stole Relic","damage_taken":0,"relics_obtained":["Juzu Bracelet"],"max_hp_gain":0,"max_hp_loss":0,"event_name":"Addict","floor":25,"gold_loss":0,"cards_obtained":["Shame"]},{"damage_healed":0,"gold_gain":0,"player_choice":"Fight","damage_taken":0,"max_hp_gain":0,"max_hp_loss":0,"event_name":"Colosseum","floor":31,"gold_loss":0}],"is_beta":false,"boss_relics":[{"not_picked":["Orrery","Tiny House"],"picked":"Cursed Key"}],"items_purged_floors":[21],"is_endless":false,"potions_floor_spawned":[1,3,8,13,18,28,29],"killed_by":"Colosseum Slavers","ascension_level":0}