{"gold_per_floor":[112,136,155,167,167,167,199,23,23,43,43,0,0,20,20,20],"floor_reached":16,"playtime":666,"items_purged":["Strike_G"],"score":200,"play_id":"b126e6f3-a069-4452-960a-3b7948a44bea","local_time":"20190126012126","is_ascension_mode":true,"campfire_choices":[{"data":"All Out Attack","floor":6.0,"key":"SMITH"},{"data":"Footwork","floor":13,"key":"SMITH"},{"data":"Footwork","floor":15,"key":"SMITH"}],"neow_cost":"NONE","seed_source_timestamp":520082993894747,"circlet_count":0,"master_deck":["AscendersBane","Defend_G","Defend_G","Defend_G","Defend_G","Defend_G","Strike_G","Strike_G","Strike_G","Strike_G","Survivor","Neutralize","Well Laid Plans","Acrobatics","All Out Attack+1","Deflect","Footwork+1","Backflip","Footwork+1","Backflip"],"special_seed":0,"relics":["Ring of the Snake","Bronze Scales","Sundial"],"potions_floor_usage":[16,16],"damage_taken":[{"damage":9.0,"enemies":"Cultist","floor":1.0,"turns":6.0},{"damage":1.0,"enemies":"Small Slimes","floor":3.0,"turns":3.0},{"damage":2.0,"enemies":"Jaw Worm","floor":4.0,"turns":6.0},{"damage":47.0,"enemies":"Lagavulin","floor":7.0,"turns":10.0},{"damage":4,"enemies":"Large Slime","floor":10,"turns":5},{"damage":5,"enemies":"Lots of Slimes","floor":14,"turns":2},{"damage":0,"enemies":"Slime Boss","floor":16,"turns":14}],"seed_played":"-900097978690823700","potions_obtained":[{"floor":1.0,"key":"Energy Potion"},{"floor":10,"key":"SkillPotion"},{"floor":14,"key":"Block Potion"}],"is_trial":false,"path_per_floor":["M","T","M","M","?","R","E","$","T","M","$","?","R","M","R","B"],"character_chosen":"THE_SILENT","items_purchased":["Footwork","Backflip"],"campfire_rested":0,"item_purchase_floors":[8,8],"current_hp_per_floor":[56,56,55,53,58,58,11,11,11,7,7,7,7,2,2,2],"gold":20,"neow_bonus":"TEN_PERCENT_HP_BONUS","is_prod":false,"is_daily":false,"chose_seed":false,"campfire_upgraded":3,"win_rate":0,"timestamp":1548494486,"path_taken":["M","?","M","M","?","R","E","$","T","M","$","?","R","M","R","BOSS"],"build_version":"2019-01-23","purchased_purges":1,"victory":false,"max_hp_per_floor":[72,72,72,72,77,77,77,77,77,77,77,77,77,77,77,77],"card_choices":[{"not_picked":["Calculated Gamble","Underhanded Strike"],"picked":"Well Laid Plans","floor":1.0},{"not_picked":["Riddle With Holes","Deflect"],"picked":"Acrobatics","floor":3.0},{"not_picked":["Dodge and Roll","Predator"],"picked":"All Out Attack","floor":4.0},{"not_picked":["Distraction","Outmaneuver"],"picked":"Deflect","floor":7.0},{"not_picked":["Prepared","Well Laid Plans"],"picked":"Footwork","floor":10},{"not_picked":["Dagger Spray","Dagger Throw"],"picked":"Backflip","floor":14}],"player_experience":1034030,"relics_obtained":[{"floor":2.0,"key":"Bronze Scales"},{"floor":7.0,"key":"Sundial"}],"event_choices":[{"damage_healed":0.0,"max_hp_gain":5.0,"max_hp_loss":0.0,"gold_gain":0.0,"event_name":"Big Fish","player_choice":"Donut","floor":5.0,"gold_loss":0.0,"damage_taken":0.0},{"damage_healed":0,"gold_gain":0,"player_choice":"Left Gold","damage_taken":0,"max_hp_gain":0,"max_hp_loss":0,"event_name":"World of Goop","floor":12,"gold_loss":43}],"is_beta":true,"boss_relics":[],"items_purged_floors":[8],"is_endless":false,"potions_floor_spawned":[1,10,14],"killed_by":"Slime Boss","ascension_level":20}