{"gold_per_floor":[117,134,154,166,166,166,195,207,281,300,300,360,387,437,437,534,534,544,150,168,184,195,195,259,278,278,278,9,25,174,189,189,289,289,308,322,333,23,0,0,31,48,74,74,74],"floor_reached":45,"playtime":6206,"items_purged":["Dual Wield","Hemokinesis","Shame"],"score":563,"play_id":"371c302c-de72-4962-a6c9-4bf528ba60f4","local_time":"20190420184029","is_ascension_mode":false,"campfire_choices":[{"data":"Feed","floor":6,"key":"SMITH"},{"floor":11,"key":"REST"},{"floor":15,"key":"REST"},{"floor":23,"key":"REST"},{"floor":27,"key":"REST"},{"floor":32,"key":"REST"},{"floor":40,"key":"REST"},{"floor":44,"key":"REST"}],"neow_cost":"NONE","seed_source_timestamp":938632790147958,"circlet_count":0,"master_deck":["Strike_R","Strike_R","Strike_R","Strike_R","Strike_R","Defend_R","Defend_R","Defend_R+1","Defend_R","Bash","Finesse","Iron Wave","Feed+1","Sever Soul","Inflame","Bludgeon","Iron Wave","Juggernaut","Infernal Blade","Transmutation","Inflame","Armaments+1","Sword Boomerang+1","Clash","Carnage+1","Apotheosis","Twin Strike","Blood for Blood+1","Berserk","Injury","Decay","Fire Breathing+1","Violence","Clash","Perfected Strike+1","Parasite"],"relics":["Burning Blood","SsserpentHead","Mango","Gremlin Horn","Nunchaku","Velvet Choker","Paper Frog","Calling Bell","Bronze Scales","Ornamental Fan","Champion Belt","Red Mask","Anchor","War Paint"],"potions_floor_usage":[7,12,13,22,31,33,36,41],"damage_taken":[{"damage":1,"enemies":"Small Slimes","floor":1,"turns":4},{"damage":0,"enemies":"Cultist","floor":2,"turns":3},{"damage":4,"enemies":"2 Louse","floor":3,"turns":3},{"damage":12,"enemies":"Gremlin Gang","floor":4,"turns":6},{"damage":22,"enemies":"3 Sentries","floor":7,"turns":9},{"damage":28,"enemies":"Large Slime","floor":8,"turns":12},{"damage":8,"enemies":"Looter","floor":10,"turns":3},{"damage":3,"enemies":"2 Fungi Beasts","floor":12,"turns":3},{"damage":32,"enemies":"Lagavulin","floor":13,"turns":8},{"damage":76,"enemies":"The Guardian","floor":16,"turns":11},{"damage":11,"enemies":"Chosen","floor":18,"turns":4},{"damage":11,"enemies":"Shell Parasite","floor":20,"turns":4},{"damage":48,"enemies":"Shelled Parasite and Fungi","floor":21,"turns":5},{"damage":17,"enemies":"Centurion and Healer","floor":22,"turns":4},{"damage":8,"enemies":"Chosen and Byrds","floor":24,"turns":3},{"damage":37,"enemies":"Cultist and Chosen","floor":25,"turns":6},{"damage":15,"enemies":"Snake Plant","floor":29,"turns":2},{"damage":18,"enemies":"Shelled Parasite and Fungi","floor":31,"turns":4},{"damage":93,"enemies":"Champ","floor":33,"turns":12},{"damage":17,"enemies":"3 Shapes","floor":35,"turns":5},{"damage":28,"enemies":"3 Darklings","floor":36,"turns":4},{"damage":52,"enemies":"Maw","floor":37,"turns":6},{"damage":40,"enemies":"Reptomancer","floor":41,"turns":6},{"damage":42,"enemies":"Transient","floor":42,"turns":5},{"damage":69,"enemies":"Writhing Mass","floor":45,"turns":6}],"seed_played":"3637405059632670118","potions_obtained":[{"floor":2,"key":"Swift Potion"},{"floor":8,"key":"Dexterity Potion"},{"floor":10,"key":"Ancient Potion"},{"floor":16,"key":"GamblersBrew"},{"floor":22,"key":"FairyPotion"},{"floor":25,"key":"Dexterity Potion"},{"floor":31,"key":"Weak Potion"},{"floor":33,"key":"Swift Potion"},{"floor":37,"key":"Weak Potion"},{"floor":41,"key":"Ancient Potion"}],"is_trial":false,"path_per_floor":["M","M","M","M","?","R","E","M","T","M","R","M","E","?","R","B",null,"M","$","M","M","M","R","M","M","T","R","$","M","?","M","R","B",null,"M","M","M","$","?","R","E","M","T","R","M"],"character_chosen":"IRONCLAD","items_purchased":["Transmutation","Inflame","Dexterity Potion","Apotheosis","Violence"],"campfire_rested":7,"item_purchase_floors":[19,19,19,28,38],"current_hp_per_floor":[80,80,80,77,77,77,79,61,61,59,90,97,71,71,103,33,109,104,104,99,57,46,78,80,53,53,88,88,79,79,67,102,19,121,110,88,42,42,42,78,44,8,8,44,0],"gold":74,"neow_bonus":"RANDOM_COLORLESS","is_prod":false,"is_daily":false,"chose_seed":false,"campfire_upgraded":1,"win_rate":0.0,"timestamp":1555800029,"path_taken":["M","M","M","M","?","R","E","M","T","M","R","?","E","?","R","BOSS","M","$","M","M","M","R","?","M","T","R","$","M","?","M","R","BOSS","M","M","M","$","?","R","E","M","T","R","M"],"build_version":"2019-01-23","purchased_purges":3,"victory":false,"max_hp_per_floor":[80,80,80,83,83,83,101,105,105,105,105,109,109,109,109,109,109,109,109,109,109,109,109,113,117,117,117,117,117,117,117,117,121,121,121,121,121,121,121,121,121,121,121,121,121],"card_choices":[{"not_picked":["Burning Pact","Whirlwind"],"picked":"Iron Wave","floor":1},{"not_picked":["Body Slam","Shockwave"],"picked":"Dual Wield","floor":2},{"not_picked":["Headbutt","Iron Wave"],"picked":"Feed","floor":3},{"not_picked":["Second Wind","Thunderclap"],"picked":"Sever Soul","floor":4},{"not_picked":["True Grit","Thunderclap"],"picked":"Second Wind","floor":7},{"not_picked":["Carnage","Flex"],"picked":"Inflame","floor":8},{"not_picked":["Entrench","Sword Boomerang"],"picked":"Hemokinesis","floor":10},{"not_picked":["Sword Boomerang","Flex","Armaments"],"picked":"SKIP","floor":12},{"not_picked":["Anger","Ghostly Armor"],"picked":"Bludgeon","floor":13},{"not_picked":["Bludgeon","Dark Embrace"],"picked":"Juggernaut","floor":16},{"not_picked":["Clothesline","Cleave"],"picked":"Infernal Blade","floor":18},{"not_picked":["Thunderclap+1","Headbutt","Body Slam"],"picked":"SKIP","floor":20},{"not_picked":["Perfected Strike","Second Wind"],"picked":"Armaments","floor":21},{"not_picked":["Thunderclap","Shrug It Off"],"picked":"Sword Boomerang+1","floor":22},{"not_picked":["Anger+1","Flex"],"picked":"Clash","floor":24},{"not_picked":["Body Slam","Cleave"],"picked":"Carnage+1","floor":25},{"not_picked":["Bloodletting","Warcry+1"],"picked":"Twin Strike","floor":29},{"not_picked":["Warcry","Intimidate"],"picked":"Blood for Blood+1","floor":31},{"not_picked":["Feed","Impervious"],"picked":"Berserk","floor":33},{"not_picked":["Warcry+1","Shrug It Off+1"],"picked":"Fire Breathing+1","floor":35},{"not_picked":["Shrug It Off","Whirlwind","Warcry"],"picked":"SKIP","floor":36},{"not_picked":["Reckless Charge","Anger","Juggernaut"],"picked":"SKIP","floor":37},{"not_picked":["Combust+1","Anger"],"picked":"Clash","floor":41},{"not_picked":["Blood for Blood+1","Thunderclap+1"],"picked":"Perfected Strike+1","floor":42}],"player_experience":23857,"relics_obtained":[{"floor":7,"key":"Mango"},{"floor":9,"key":"Gremlin Horn"},{"floor":13,"key":"Nunchaku"},{"floor":26,"key":"Paper Frog"},{"floor":34,"key":"Bronze Scales"},{"floor":34,"key":"Ornamental Fan"},{"floor":34,"key":"Champion Belt"},{"floor":41,"key":"Anchor"},{"floor":43,"key":"War Paint"}],"event_choices":[{"damage_healed":0,"gold_gain":0,"player_choice":"Trade","damage_taken":0,"relics_obtained":["SsserpentHead"],"max_hp_gain":0,"max_hp_loss":0,"event_name":"FaceTrader","floor":5,"gold_loss":0},{"cards_removed":["Second Wind"],"damage_healed":0,"gold_gain":0,"player_choice":"Took Card","damage_taken":0,"max_hp_gain":0,"max_hp_loss":0,"event_name":"NoteForYourself","floor":14,"gold_loss":0,"cards_obtained":["Iron Wave"]},{"damage_healed":0,"gold_gain":99,"player_choice":"Stole From Cult","damage_taken":0,"max_hp_gain":0,"max_hp_loss":0,"event_name":"Nest","floor":30,"gold_loss":0},{"damage_healed":0,"gold_gain":0,"player_choice":"Paid","damage_taken":0,"relics_obtained":["Red Mask"],"max_hp_gain":0,"max_hp_loss":0,"event_name":"Tomb of Lord Red Mask","floor":39,"gold_loss":73}],"is_beta":false,"boss_relics":[{"not_picked":["Philosopher\u0027s Stone","Orrery"],"picked":"Velvet Choker"},{"not_picked":["Snecko Eye","Runic Dome"],"picked":"Calling Bell"}],"items_purged_floors":[19,28,38],"is_endless":false,"potions_floor_spawned":[2,8,10,16,22,25,31,33,37,41],"killed_by":"Writhing Mass","ascension_level":0}