{"gold_per_floor":[113,288,298,298,53,128,128,156,156,156,175,188,214,231,231,231],"floor_reached":16,"playtime":642,"items_purged":["Strike_G"],"score":110,"play_id":"22d8ba5d-f822-4015-95dd-b4a507f1a001","local_time":"20190421215635","is_ascension_mode":false,"campfire_choices":[{"data":"Noxious Fumes","floor":7,"key":"SMITH"},{"data":"Noxious Fumes","floor":10,"key":"SMITH"},{"data":"Catalyst","floor":15,"key":"SMITH"}],"neow_cost":"NONE","seed_source_timestamp":780835031264127,"circlet_count":0,"master_deck":["Defend_G","Defend_G","Defend_G","Defend_G","Defend_G","Strike_G","Strike_G","Strike_G","Strike_G","Survivor","Neutralize","Deadly Poison","Doubt","Noxious Fumes+1","Catalyst+1","Noxious Fumes+1","Dodge and Roll","Caltrops+1","Backflip"],"relics":["Ring of the Snake","The Courier","Frozen Egg 2","Blue Candle","Singing Bowl"],"potions_floor_usage":[8,16,16],"damage_taken":[{"damage":0,"enemies":"Small Slimes","floor":1,"turns":3},{"damage":0,"enemies":"Jaw Worm","floor":3,"turns":4},{"damage":22,"enemies":"3 Sentries","floor":8,"turns":7},{"damage":7,"enemies":"2 Louse","floor":11,"turns":3},{"damage":5,"enemies":"Looter","floor":12,"turns":4},{"damage":1,"enemies":"Lagavulin","floor":13,"turns":6},{"damage":3,"enemies":"Large Slime","floor":14,"turns":4},{"damage":37,"enemies":"Slime Boss","floor":16,"turns":5}],"seed_played":"-1572171139125972483","potions_obtained":[{"floor":3,"key":"Explosive Potion"},{"floor":11,"key":"Regen Potion"},{"floor":14,"key":"SkillPotion"}],"is_trial":false,"path_per_floor":["M","?","M","?","$","?","R","E","T","R","M","M","E","M","R","B"],"character_chosen":"THE_SILENT","items_purchased":["Noxious Fumes","Catalyst","Noxious Fumes"],"campfire_rested":0,"item_purchase_floors":[5,5,5],"current_hp_per_floor":[77,77,77,74,74,63,63,41,41,41,34,29,28,27,27,0],"gold":231,"neow_bonus":"TEN_PERCENT_HP_BONUS","is_prod":false,"is_daily":false,"chose_seed":false,"campfire_upgraded":3,"win_rate":0,"timestamp":1555898195,"path_taken":["M","?","M","?","$","?","R","E","T","R","M","M","E","M","R","BOSS"],"build_version":"2019-01-23","purchased_purges":1,"victory":false,"max_hp_per_floor":[77,77,77,77,77,77,77,77,77,77,77,77,77,79,79,79],"card_choices":[{"not_picked":["Finisher","Acrobatics"],"picked":"Deadly Poison","floor":1},{"not_picked":["PiercingWail","Blade Dance","Quick Slash"],"picked":"SKIP","floor":3},{"not_picked":["Storm of Steel","Dagger Throw","Eviscerate"],"picked":"SKIP","floor":8},{"not_picked":["Accuracy+1","Prepared"],"picked":"Dodge and Roll","floor":11},{"not_picked":["Riddle With Holes","Dagger Spray"],"picked":"Caltrops+1","floor":12},{"not_picked":["Flying Knee","Skewer"],"picked":"Backflip","floor":13},{"not_picked":["Flechettes","Slice","All Out Attack"],"picked":"Singing Bowl","floor":14}],"player_experience":117359,"relics_obtained":[{"floor":8,"key":"Frozen Egg 2"},{"floor":9,"key":"Blue Candle"},{"floor":13,"key":"Singing Bowl"}],"event_choices":[{"damage_healed":0,"gold_gain":175,"player_choice":"AGREE","damage_taken":0,"max_hp_gain":0,"max_hp_loss":0,"event_name":"Liars Game","floor":2,"gold_loss":0,"cards_obtained":["Doubt"]},{"damage_healed":0,"gold_gain":0,"player_choice":"Success","damage_taken":3,"relics_obtained":["The Courier"],"max_hp_gain":0,"max_hp_loss":0,"event_name":"Scrap Ooze","floor":4,"gold_loss":0},{"damage_healed":0,"gold_gain":75,"player_choice":"Gather Gold","damage_taken":11,"max_hp_gain":0,"max_hp_loss":0,"event_name":"World of Goop","floor":6,"gold_loss":0}],"is_beta":false,"boss_relics":[],"items_purged_floors":[5],"is_endless":false,"potions_floor_spawned":[3,11,14],"killed_by":"Slime Boss","ascension_level":0}