{"gold_per_floor":[119,132,147,163,163,163,163,163,163,198,210,25,54,71,71,171,171,185,205,225,225,239,239,256,256,256,289,289,301,46,65,65,170,170,182,197,209,84,101,101,101,101,126,155,5,5,24,36,36,36],"floor_reached":51,"playtime":58149,"items_purged":["Defend_G","Strike_G","Strike_G","Defend_G"],"score":678,"play_id":"7646e35b-ea4d-4420-95b2-9d6dd4c3b1d6","local_time":"20190421110538","is_ascension_mode":false,"campfire_choices":[{"floor":6,"key":"REST"},{"data":"Neutralize","floor":8,"key":"SMITH"},{"floor":15,"key":"REST"},{"floor":23,"key":"REST"},{"data":"Adrenaline","floor":25,"key":"SMITH"},{"floor":32,"key":"REST"},{"floor":40,"key":"REST"},{"floor":46,"key":"REST"},{"floor":49,"key":"REST"}],"neow_cost":"NONE","seed_source_timestamp":949340525343938,"circlet_count":0,"master_deck":["Defend_G","Defend_G","Defend_G","Strike_G","Strike_G","Strike_G","Survivor","Neutralize+1","Quick Slash","Finisher","Dodge and Roll","PiercingWail","Slice+1","Prepared","Heel Hook+1","Sucker Punch+1","Adrenaline+1","Infinite Blades","Dagger Throw+1","Calculated Gamble","Heel Hook+1","Masterful Stab+1","Necronomicurse","Die Die Die+1","Dash+1","Unload+1","Flying Knee+1","Well Laid Plans","Backflip+1","Madness","Madness","Tools of the Trade","Endless Agony+1","Slice+1","After Image"],"relics":["Lizard Tail","Ginger","Matryoshka","Molten Egg 2","Gremlin Horn","Orichalcum","Odd Mushroom","WristBlade","Vajra","Kunai","Tough Bandages","Necronomicon","Black Star","Dream Catcher","Happy Flower","Question Card"],"potions_floor_usage":[13,14,16,19,20,22,24,27,31,47],"damage_taken":[{"damage":7,"enemies":"Jaw Worm","floor":1,"turns":7},{"damage":2,"enemies":"2 Louse","floor":2,"turns":3},{"damage":6,"enemies":"Cultist","floor":3,"turns":3},{"damage":1,"enemies":"Looter","floor":4,"turns":4},{"damage":49,"enemies":"Gremlin Nob","floor":10,"turns":6},{"damage":0,"enemies":"2 Fungi Beasts","floor":11,"turns":3},{"damage":17,"enemies":"The Mushroom Lair","floor":13,"turns":5},{"damage":0,"enemies":"Large Slime","floor":14,"turns":4},{"damage":30,"enemies":"Slime Boss","floor":16,"turns":11},{"damage":3,"enemies":"2 Thieves","floor":18,"turns":4},{"damage":0,"enemies":"Chosen","floor":19,"turns":3},{"damage":6,"enemies":"3 Cultists","floor":20,"turns":4},{"damage":18,"enemies":"Snecko","floor":22,"turns":6},{"damage":2,"enemies":"Chosen and Byrds","floor":24,"turns":4},{"damage":20,"enemies":"Book of Stabbing","floor":27,"turns":6},{"damage":8,"enemies":"Shelled Parasite and Fungi","floor":29,"turns":3},{"damage":1,"enemies":"Centurion and Healer","floor":31,"turns":4},{"damage":42,"enemies":"Collector","floor":33,"turns":8},{"damage":6,"enemies":"3 Shapes","floor":35,"turns":3},{"damage":14,"enemies":"3 Darklings","floor":36,"turns":5},{"damage":3,"enemies":"Sphere and 2 Shapes","floor":37,"turns":4},{"damage":15,"enemies":"Transient","floor":39,"turns":5},{"damage":24,"enemies":"Reptomancer","floor":44,"turns":7},{"damage":17,"enemies":"4 Shapes","floor":47,"turns":5},{"damage":0,"enemies":"Jaw Worm Horde","floor":48,"turns":2},{"damage":25,"enemies":"Awakened One","floor":50,"turns":16}],"seed_played":"-2246581859340997422","potions_obtained":[{"floor":4,"key":"Poison Potion"},{"floor":13,"key":"Swift Potion"},{"floor":14,"key":"Explosive Potion"},{"floor":18,"key":"Weak Potion"},{"floor":21,"key":"PowerPotion"},{"floor":21,"key":"SpeedPotion"},{"floor":21,"key":"AttackPotion"},{"floor":22,"key":"Regen Potion"},{"floor":39,"key":"Fire Potion"},{"floor":48,"key":"GamblersBrew"}],"is_trial":false,"path_per_floor":["M","M","M","M","?","R","?","R","T","E","M","$","?","M","R","B",null,"M","M","M","?","M","R","M","R","T","E","?","M","$","M","R","B",null,"M","M","M","$","M","R","?","$","T","E","$","R","M","M","R","B",null],"character_chosen":"THE_SILENT","items_purchased":["Regen Potion","Heel Hook+1","Die Die Die+1"],"campfire_rested":7,"item_purchase_floors":[12,12,30],"current_hp_per_floor":[63,61,55,54,47,68,68,68,68,19,19,19,16,16,37,7,70,67,67,61,61,43,64,62,62,62,57,41,33,33,32,53,11,70,64,50,47,47,32,53,44,44,44,20,20,41,24,24,45,20],"gold":36,"neow_bonus":"BOSS_RELIC","is_prod":false,"is_daily":false,"chose_seed":false,"campfire_upgraded":2,"win_rate":0.0,"timestamp":1555859138,"path_taken":["M","M","M","M","?","R","?","R","T","E","M","$","?","M","R","BOSS","M","M","M","?","M","R","?","R","T","E","?","M","$","M","R","BOSS","M","M","M","$","M","R","?","$","T","E","$","R","M","M","R","BOSS"],"build_version":"2019-01-23","purchased_purges":4,"victory":true,"max_hp_per_floor":[70,70,70,70,70,70,70,70,70,70,70,70,70,70,70,70,70,70,70,70,70,70,70,70,70,70,70,70,70,70,70,70,70,70,70,70,70,70,70,70,70,70,70,70,70,70,70,70,70,70],"card_choices":[{"not_picked":["Underhanded Strike","Masterful Stab"],"picked":"Quick Slash","floor":1},{"not_picked":["Outmaneuver","Riddle With Holes"],"picked":"Finisher","floor":2},{"not_picked":["Dagger Spray","Deflect"],"picked":"Dodge and Roll","floor":3},{"not_picked":["Riddle With Holes","Slice"],"picked":"PiercingWail","floor":4},{"not_picked":["Outmaneuver","Flying Knee+1"],"picked":"Slice+1","floor":10},{"not_picked":["Leg Sweep","Reflex"],"picked":"Prepared","floor":11},{"not_picked":["Distraction","Doppelganger"],"picked":"Sucker Punch+1","floor":13},{"not_picked":["Eviscerate+1","Backflip","PiercingWail"],"picked":"SKIP","floor":14},{"not_picked":["Night Terror","Phantasmal Killer"],"picked":"Adrenaline","floor":16},{"not_picked":["Outmaneuver","Footwork"],"picked":"Infinite Blades","floor":18},{"not_picked":["Acrobatics","Dodge and Roll","PiercingWail"],"picked":"SKIP","floor":19},{"not_picked":["Sucker Punch+1","Choke+1"],"picked":"Dagger Throw+1","floor":20},{"not_picked":["Flying Knee+1","Dagger Throw+1"],"picked":"Calculated Gamble","floor":22},{"not_picked":["All Out Attack+1","Crippling Poison"],"picked":"Heel Hook+1","floor":24},{"not_picked":["Outmaneuver+1","Dagger Spray+1"],"picked":"Masterful Stab+1","floor":27},{"not_picked":["Tactician","Heel Hook+1","Masterful Stab+1"],"picked":"SKIP","floor":29},{"not_picked":["Deadly Poison","Slice+1"],"picked":"Dash+1","floor":31},{"not_picked":["Phantasmal Killer","Wraith Form v2"],"picked":"Unload+1","floor":33},{"not_picked":["Blade Dance","Deflect"],"picked":"Flying Knee+1","floor":35},{"not_picked":["Heel Hook+1","Quick Slash+1"],"picked":"Well Laid Plans","floor":36},{"not_picked":["Dodge and Roll+1","Bouncing Flask+1","Underhanded Strike+1"],"picked":"SKIP","floor":37},{"not_picked":["Quick Slash+1","Caltrops+1"],"picked":"Backflip+1","floor":39},{"not_picked":["Deflect","Dodge and Roll"],"picked":"Tools of the Trade","floor":44},{"not_picked":["Blade Dance","Leg Sweep","Dagger Throw+1"],"picked":"Endless Agony+1","floor":47},{"not_picked":["Acrobatics","Flying Knee+1","Reflex"],"picked":"Slice+1","floor":48},{"not_picked":["Skewer+1","Poisoned Stab+1","Underhanded Strike+1"],"picked":"After Image","floor":49}],"player_experience":34425,"relics_obtained":[{"floor":9,"key":"Molten Egg 2"},{"floor":9,"key":"Gremlin Horn"},{"floor":10,"key":"Orichalcum"},{"floor":13,"key":"Odd Mushroom"},{"floor":26,"key":"Vajra"},{"floor":26,"key":"Kunai"},{"floor":27,"key":"Tough Bandages"},{"floor":28,"key":"Necronomicon"},{"floor":43,"key":"Dream Catcher"},{"floor":44,"key":"Happy Flower"},{"floor":44,"key":"Question Card"}],"event_choices":[{"damage_healed":0,"gold_gain":0,"player_choice":"Success","damage_taken":7,"relics_obtained":["Ginger"],"max_hp_gain":0,"max_hp_loss":0,"event_name":"Scrap Ooze","floor":5,"gold_loss":0},{"damage_healed":0,"gold_gain":0,"player_choice":"Searched \u00271\u0027 times","damage_taken":0,"relics_obtained":["Matryoshka"],"max_hp_gain":0,"max_hp_loss":0,"event_name":"Dead Adventurer","floor":7,"gold_loss":0},{"damage_healed":0,"gold_gain":0,"player_choice":"Fought Mushrooms","damage_taken":0,"max_hp_gain":0,"max_hp_loss":0,"event_name":"Mushrooms","floor":13,"gold_loss":0},{"damage_healed":0,"gold_gain":0,"player_choice":"Got Potions","damage_taken":0,"max_hp_gain":0,"max_hp_loss":0,"event_name":"Lab","floor":21,"gold_loss":0},{"damage_healed":0,"gold_gain":0,"player_choice":"Obtained Book","damage_taken":16,"max_hp_gain":0,"max_hp_loss":0,"event_name":"Cursed Tome","floor":28,"gold_loss":0},{"damage_healed":0,"gold_gain":0,"player_choice":"Embrace Madness","damage_taken":9,"max_hp_gain":0,"max_hp_loss":0,"event_name":"Winding Halls","floor":41,"gold_loss":0,"cards_obtained":["Madness","Madness"]}],"is_beta":false,"boss_relics":[{"not_picked":["Sozu","Calling Bell"],"picked":"WristBlade"},{"not_picked":["Snecko Eye","HoveringKite"],"picked":"Black Star"}],"items_purged_floors":[12,30,38,45],"is_endless":false,"potions_floor_spawned":[4,13,14,18,22,39,48],"ascension_level":0}