{"gold_per_floor":[366,366,385,460,39,70,70,35,60,60,94,113,132,162,162,258,258,272,272,115,240,240],"floor_reached":22,"playtime":608,"items_purged":[],"score":380,"play_id":"ad94f34e-c64e-4d8e-9c93-ba5764282745","local_time":"20190124004451","is_ascension_mode":true,"campfire_choices":[{"data":"Sunder","floor":7.0,"key":"SMITH"},{"data":"Sweeping Beam","floor":10.0,"key":"SMITH"},{"floor":15.0,"key":"REST"}],"neow_cost":"PERCENT_DAMAGE","seed_source_timestamp":411009972915754,"circlet_count":0,"master_deck":["AscendersBane","Strike_B","Strike_B","Defend_B","Defend_B","Defend_B","Defend_B","Zap","Dualcast","Sweeping Beam+1","Cold Snap","Sunder+1","Steam+1","Ball Lightning","Echo Form","Leap+1","Sweeping Beam","Storm","Capacitor","Recycle+1"],"special_seed":0,"relics":["Cracked Core","Golden Idol","Question Card","Girya","Ancient Tea Set","Toxic Egg 2","Strawberry","Busted Crown","Dead Branch","Bottled Tornado"],"potions_floor_usage":[],"damage_taken":[{"damage":3.0,"enemies":"2 Louse","floor":1.0,"turns":3.0},{"damage":7.0,"enemies":"Jaw Worm","floor":3.0,"turns":3.0},{"damage":22.0,"enemies":"Gremlin Nob","floor":6.0,"turns":4.0},{"damage":23.0,"enemies":"Lagavulin","floor":11.0,"turns":6.0},{"damage":0.0,"enemies":"Small Slimes","floor":12.0,"turns":2.0},{"damage":2.0,"enemies":"Looter","floor":13.0,"turns":3.0},{"damage":31.0,"enemies":"Slime Boss","floor":16.0,"turns":10.0},{"damage":9.0,"enemies":"Spheric Guardian","floor":18.0,"turns":4.0},{"damage":20.0,"enemies":"Colosseum Slavers","floor":21.0,"turns":3.0},{"damage":18.0,"enemies":"Colosseum Nobs","floor":21.0,"turns":4.0},{"damage":8,"enemies":"3 Byrds","floor":22,"turns":1}],"seed_played":"-1252102358428519515","potions_obtained":[{"floor":3.0,"key":"Swift Potion"},{"floor":12.0,"key":"Energy Potion"},{"floor":18.0,"key":"GamblersBrew"}],"is_trial":false,"path_per_floor":["M","?","M","?","$","E","R","?","T","R","E","M","M","?","R","B",null,"M","?","$","?","M"],"character_chosen":"DEFECT","items_purchased":["Regen Potion","Fire Potion","Question Card","Capacitor","Recycle+1"],"campfire_rested":1,"item_purchase_floors":[5,5,5,20,20],"current_hp_per_floor":[43,43,36,25,25,3,3,19,19,19,10,10,8,15,36,5,55,46,46,46,8,0],"gold":240,"neow_bonus":"TWO_FIFTY_GOLD","is_prod":false,"is_daily":false,"chose_seed":false,"campfire_upgraded":2,"win_rate":0,"timestamp":1548319491,"path_taken":["M","?","M","?","$","E","R","?","T","R","E","M","M","?","R","BOSS","M","?","$","?","M"],"build_version":"2019-01-23","purchased_purges":0,"victory":false,"max_hp_per_floor":[71,64,64,64,64,64,64,64,64,64,64,64,64,71,71,71,71,71,71,71,71,71],"card_choices":[{"not_picked":["Redo","FTL"],"picked":"Sweeping Beam","floor":1.0},{"not_picked":["Barrage","Storm"],"picked":"Cold Snap","floor":3.0},{"not_picked":["Self Repair","Skim","Capacitor"],"picked":"Sunder","floor":6.0},{"not_picked":["Barrage","Reprogram","Hologram"],"picked":"Steam","floor":11.0},{"not_picked":["Stack+1","Reprogram+1","Skim+1"],"picked":"Ball Lightning","floor":12.0},{"not_picked":["Gash","Redo+1","Turbo+1","Fusion+1"],"picked":"SKIP","floor":13.0},{"not_picked":["Reboot+1","Amplify+1","Meteor Strike"],"picked":"Echo Form","floor":16.0},{"not_picked":["Blizzard"],"picked":"Leap+1","floor":18.0}],"player_experience":1024394,"relics_obtained":[{"floor":6.0,"key":"Girya"},{"floor":9.0,"key":"Ancient Tea Set"},{"floor":11.0,"key":"Toxic Egg 2"},{"floor":21.0,"key":"Dead Branch"},{"floor":21.0,"key":"Bottled Tornado"}],"event_choices":[{"damage_healed":0.0,"max_hp_gain":0.0,"max_hp_loss":7.0,"gold_gain":0.0,"event_name":"Golden Idol","player_choice":"Lose Max HP","floor":2.0,"gold_loss":0.0,"damage_taken":0.0,"relics_obtained":["Golden Idol"]},{"damage_healed":0.0,"max_hp_gain":0.0,"max_hp_loss":0.0,"gold_gain":75.0,"event_name":"World of Goop","player_choice":"Gather Gold","floor":4.0,"gold_loss":0.0,"damage_taken":11.0},{"damage_healed":16.0,"max_hp_gain":0.0,"max_hp_loss":0.0,"gold_gain":0.0,"event_name":"The Cleric","player_choice":"Healed","floor":8.0,"gold_loss":35.0,"damage_taken":0.0},{"damage_healed":0.0,"max_hp_gain":0.0,"max_hp_loss":0.0,"gold_gain":30.0,"event_name":"Dead Adventurer","player_choice":"Searched \u00272\u0027 times","floor":14.0,"gold_loss":0.0,"damage_taken":0.0,"relics_obtained":["Strawberry"]},{"damage_healed":0.0,"max_hp_gain":0.0,"max_hp_loss":0.0,"gold_gain":0.0,"cards_transformed":["Strike_B","Strike_B"],"event_name":"Drug Dealer","player_choice":"Became Test Subject","floor":19.0,"gold_loss":0.0,"damage_taken":0.0,"cards_obtained":["Sweeping Beam","Storm"]},{"damage_healed":0.0,"max_hp_gain":0.0,"max_hp_loss":0.0,"gold_gain":0.0,"event_name":"Colosseum","player_choice":"Fight","floor":21.0,"gold_loss":0.0,"damage_taken":0.0},{"damage_healed":0.0,"max_hp_gain":0.0,"max_hp_loss":0.0,"gold_gain":0.0,"event_name":"Colosseum","player_choice":"Fought Nobs","floor":21.0,"gold_loss":0.0,"damage_taken":0.0}],"is_beta":true,"boss_relics":[{"not_picked":["Pandora\u0027s Box","Calling Bell"],"picked":"Busted Crown"}],"items_purged_floors":[],"is_endless":false,"potions_floor_spawned":[3,12,18],"killed_by":"3 Byrds","ascension_level":20}