{"gold_per_floor":[118,118,132,147,161,187,187,217,293,305,305],"floor_reached":11,"playtime":808,"items_purged":[],"score":85,"play_id":"8e98ffc4-48a9-4527-ae6b-750ca6be1fa7","local_time":"20190420235916","is_ascension_mode":false,"campfire_choices":[{"data":"Flame Barrier","floor":7.0,"key":"SMITH"}],"neow_cost":"NONE","seed_source_timestamp":0,"circlet_count":0,"master_deck":["Strike_R","Strike_R","Strike_R","Strike_R","Strike_R","Defend_R","Defend_R","Defend_R","Defend_R","Bash","True Grit","Flame Barrier+1","Shockwave","Warcry","Disarm","Reaper"],"special_seed":0,"relics":["Burning Blood","Question Card","Shovel","Matryoshka"],"potions_floor_usage":[],"damage_taken":[{"damage":0.0,"enemies":"2 Louse","floor":1.0,"turns":4.0},{"damage":0.0,"enemies":"Cultist","floor":3.0,"turns":5.0},{"damage":0.0,"enemies":"Jaw Worm","floor":4.0,"turns":5.0},{"damage":4.0,"enemies":"2 Fungi Beasts","floor":5.0,"turns":4.0},{"damage":39.0,"enemies":"Gremlin Nob","floor":6.0,"turns":6.0},{"damage":37.0,"enemies":"3 Sentries","floor":8.0,"turns":12.0},{"damage":11.0,"enemies":"Looter","floor":10.0,"turns":4.0},{"damage":35,"enemies":"Gremlin Gang","floor":11,"turns":3}],"seed_played":"-8268702028754934273","potions_obtained":[{"floor":2.0,"key":"LiquidBronze"},{"floor":2.0,"key":"SneckoOil"},{"floor":2.0,"key":"GamblersBrew"},{"floor":3.0,"key":"EssenceOfSteel"},{"floor":8.0,"key":"GamblersBrew"}],"is_trial":false,"path_per_floor":["M","?","M","M","M","E","R","E","T","M","M"],"character_chosen":"IRONCLAD","items_purchased":[],"campfire_rested":0,"item_purchase_floors":[],"current_hp_per_floor":[88,88,88,88,88,55,55,24,24,19,0],"gold":305,"neow_bonus":"TEN_PERCENT_HP_BONUS","is_prod":false,"is_daily":false,"chose_seed":false,"campfire_upgraded":1,"win_rate":0,"timestamp":1555819156,"path_taken":["M","?","M","?","M","E","R","E","T","M","M"],"build_version":"2019-01-23","purchased_purges":0,"victory":false,"max_hp_per_floor":[88,88,88,88,88,88,88,88,88,88,88],"card_choices":[{"not_picked":["Flex","Carnage"],"picked":"True Grit","floor":1.0},{"not_picked":["Uppercut","Combust"],"picked":"Flame Barrier","floor":3.0},{"not_picked":["Perfected Strike","Intimidate"],"picked":"Shockwave","floor":4.0},{"not_picked":["Iron Wave","Twin Strike"],"picked":"Warcry","floor":5.0},{"not_picked":["Thunderclap","True Grit"],"picked":"Disarm","floor":6.0},{"not_picked":["Body Slam","Combust","Heavy Blade","Sever Soul"],"picked":"SKIP","floor":8.0},{"not_picked":["Dual Wield","Shrug It Off","Burning Pact"],"picked":"Reaper","floor":10.0}],"player_experience":111733,"relics_obtained":[{"floor":6.0,"key":"Question Card"},{"floor":8.0,"key":"Shovel"},{"floor":9.0,"key":"Matryoshka"}],"event_choices":[{"damage_healed":0.0,"max_hp_gain":0.0,"max_hp_loss":0.0,"gold_gain":0.0,"event_name":"Lab","player_choice":"Got Potions","floor":2.0,"gold_loss":0.0,"damage_taken":0.0}],"is_beta":false,"boss_relics":[],"items_purged_floors":[],"is_endless":false,"potions_floor_spawned":[3,8],"killed_by":"Gremlin Gang","ascension_level":0}