{"gold_per_floor":[113,131,146,146,146,176,176,187,187,187,216,236,262,262,262,333,333,349,364,22,38,56,86,86],"floor_reached":24,"playtime":876,"items_purged":[],"score":476,"play_id":"df51eea5-a8fe-428f-a6fd-4ee2ce3d5556","local_time":"20190213202535","is_ascension_mode":true,"campfire_choices":[{"data":"Gash","floor":7.0,"key":"SMITH"},{"data":"Conserve Battery","floor":15.0,"key":"SMITH"}],"neow_cost":"NONE","seed_source_timestamp":1696921156796033,"circlet_count":0,"master_deck":["AscendersBane","Strike_B","Strike_B","Strike_B","Strike_B","Defend_B","Defend_B","Defend_B+1","Defend_B+1","Zap+1","Dualcast","Cold Snap","Gash+1","Ball Lightning","Electrodynamics+1","Coolheaded+1","Conserve Battery+1","Buffer","Ball Lightning","Reinforced Body","Gash","BootSequence","Creative AI"],"special_seed":0,"relics":["Cracked Core","NeowsBlessing","Nunchaku","Meat on the Bone","Ancient Tea Set","War Paint","Philosopher\u0027s Stone","Shuriken","The Courier"],"potions_floor_usage":[],"damage_taken":[{"damage":0.0,"enemies":"Cultist","floor":1.0,"turns":1.0},{"damage":0.0,"enemies":"2 Louse","floor":2.0,"turns":1.0},{"damage":0.0,"enemies":"Small Slimes","floor":3.0,"turns":1.0},{"damage":21.0,"enemies":"Lagavulin","floor":6.0,"turns":7.0},{"damage":4.0,"enemies":"3 Louse","floor":8.0,"turns":3.0},{"damage":13.0,"enemies":"3 Sentries","floor":11.0,"turns":4.0},{"damage":0.0,"enemies":"Gremlin Gang","floor":12.0,"turns":1.0},{"damage":9.0,"enemies":"Lagavulin","floor":13.0,"turns":8.0},{"damage":31.0,"enemies":"Hexaghost","floor":16.0,"turns":8.0},{"damage":12.0,"enemies":"Shell Parasite","floor":18.0,"turns":6.0},{"damage":16.0,"enemies":"Spheric Guardian","floor":19.0,"turns":6.0},{"damage":0.0,"enemies":"Chosen and Byrds","floor":21.0,"turns":4.0},{"damage":0.0,"enemies":"Snecko","floor":22.0,"turns":5.0},{"damage":44.0,"enemies":"Book of Stabbing","floor":23.0,"turns":5.0},{"damage":18,"enemies":"Shelled Parasite and Fungi","floor":24,"turns":3}],"seed_played":"-8868889391338021271","potions_obtained":[{"floor":1.0,"key":"SkillPotion"},{"floor":2.0,"key":"Regen Potion"},{"floor":12.0,"key":"PowerPotion"},{"floor":19.0,"key":"Fire Potion"}],"is_trial":false,"path_per_floor":["M","M","M","?","?","E","R","M","T","?","E","M","E","?","R","B",null,"M","M","$","M","M","E","M"],"character_chosen":"DEFECT","items_purchased":["Gash","Shuriken"],"campfire_rested":0,"item_purchase_floors":[20,20],"current_hp_per_floor":[64,64,64,46,46,25,25,33,33,33,32,44,47,47,47,28,60,48,44,44,44,44,26,8],"gold":86,"neow_bonus":"THREE_ENEMY_KILL","is_prod":false,"is_daily":false,"chose_seed":false,"campfire_upgraded":2,"win_rate":0,"timestamp":1550118335,"path_taken":["M","?","M","?","?","E","R","M","T","?","E","?","E","?","R","BOSS","M","M","$","M","M","E","M"],"build_version":"2019-02-06","purchased_purges":0,"victory":false,"max_hp_per_floor":[71,71,71,71,71,71,71,71,71,71,71,71,71,71,71,71,71,71,71,71,71,71,71,71],"card_choices":[{"not_picked":["Heatsinks","Go for the Eyes"],"picked":"Cold Snap","floor":1.0},{"not_picked":["Turbo","Stack"],"picked":"Gash","floor":2.0},{"not_picked":["Streamline","Conserve Battery"],"picked":"Ball Lightning","floor":3.0},{"not_picked":["Lockon","Undo","Redo"],"picked":"SKIP","floor":6.0},{"not_picked":["Turbo","Compile Driver"],"picked":"Electrodynamics","floor":8.0},{"not_picked":["Amplify","Steam"],"picked":"Coolheaded","floor":11.0},{"not_picked":["Steam","Rip and Tear"],"picked":"Conserve Battery","floor":12.0},{"not_picked":["Barrage","Sweeping Beam","Compile Driver"],"picked":"SKIP","floor":13.0},{"not_picked":["Amplify","Electrodynamics"],"picked":"Buffer","floor":16.0},{"not_picked":["Double Energy+1","Redo"],"picked":"Ball Lightning","floor":18.0},{"not_picked":["Scrape","Reinforced Body","Cold Snap"],"picked":"SKIP","floor":19.0},{"not_picked":["Scrape","Cold Snap"],"picked":"Reinforced Body","floor":19.0},{"not_picked":["Darkness","Redo"],"picked":"BootSequence","floor":21.0},{"not_picked":["Static Discharge","Redo","Leap+1"],"picked":"SKIP","floor":22.0},{"not_picked":["Steam","Electrodynamics"],"picked":"Creative AI","floor":23.0}],"player_experience":1158560,"relics_obtained":[{"floor":6.0,"key":"Meat on the Bone"},{"floor":11.0,"key":"Ancient Tea Set"},{"floor":13.0,"key":"War Paint"},{"floor":23.0,"key":"The Courier"}],"event_choices":[{"damage_healed":0.0,"max_hp_gain":0.0,"max_hp_loss":0.0,"gold_gain":0.0,"event_name":"Scrap Ooze","player_choice":"Success","floor":4.0,"gold_loss":0.0,"damage_taken":18.0,"relics_obtained":["Nunchaku"]},{"damage_healed":0.0,"max_hp_gain":0.0,"max_hp_loss":0.0,"gold_gain":0.0,"event_name":"Living Wall","player_choice":"Grow","floor":5.0,"gold_loss":0.0,"damage_taken":0.0,"cards_upgraded":["Zap"]},{"damage_healed":0.0,"max_hp_gain":0.0,"max_hp_loss":0.0,"gold_gain":0.0,"event_name":"Accursed Blacksmith","player_choice":"Forge","floor":10.0,"gold_loss":0.0,"damage_taken":0.0,"cards_upgraded":["Electrodynamics"]},{"damage_healed":0.0,"max_hp_gain":0.0,"max_hp_loss":0.0,"gold_gain":0.0,"event_name":"Upgrade Shrine","player_choice":"Upgraded","floor":14.0,"gold_loss":0.0,"damage_taken":0.0,"cards_upgraded":["Coolheaded"]}],"is_beta":true,"boss_relics":[{"not_picked":["Eternal Feather","White Beast Statue"],"picked":"Philosopher\u0027s Stone"}],"items_purged_floors":[],"is_endless":false,"potions_floor_spawned":[1,2,12,13,19],"killed_by":"Shelled Parasite and Fungi","ascension_level":20}