{"gold_per_floor":[119,119,119,194,209,242,261,278,302,327,327,386,386,405,405,405],"floor_reached":16,"playtime":380,"items_purged":[],"score":270,"play_id":"2d48494c-652a-4808-8c6f-bcd87f9e6322","local_time":"20190303004852","is_ascension_mode":true,"campfire_choices":[{"data":"Anger","floor":11,"key":"SMITH"},{"data":"Bash","floor":13,"key":"SMITH"},{"data":"Clothesline","floor":15,"key":"SMITH"}],"neow_cost":"NONE","seed_source_timestamp":2757040176404229,"circlet_count":0,"master_deck":["AscendersBane","Strike_R","Strike_R","Strike_R","Strike_R","Strike_R","Defend_R","Defend_R","Defend_R","Defend_R","Bash+1","Battle Trance","Shockwave","Anger+1","Clothesline+1"],"relics":["Burning Blood","NeowsBlessing","Dream Catcher","Art of War","Ancient Tea Set"],"potions_floor_usage":[16],"damage_taken":[{"damage":0,"enemies":"Jaw Worm","floor":1,"turns":1},{"damage":0,"enemies":"2 Louse","floor":5,"turns":1},{"damage":0,"enemies":"Lagavulin","floor":6,"turns":1},{"damage":8,"enemies":"Small Slimes","floor":7,"turns":6},{"damage":0,"enemies":"Exordium Wildlife","floor":8,"turns":4},{"damage":47,"enemies":"3 Sentries","floor":10,"turns":7},{"damage":3,"enemies":"Exordium Thugs","floor":14,"turns":4},{"damage":31,"enemies":"Slime Boss","floor":16,"turns":8}],"seed_played":"-2393234805364630246","potions_obtained":[{"floor":6,"key":"Dexterity Potion"},{"floor":7,"key":"SpeedPotion"},{"floor":10,"key":"Explosive Potion"}],"is_trial":false,"path_per_floor":["M","?","?","?","M","E","M","M","T","E","R","?","R","M","R","B"],"character_chosen":"IRONCLAD","items_purchased":[],"campfire_rested":0,"item_purchase_floors":[],"current_hp_per_floor":[74,79,79,68,74,80,78,80,80,39,39,39,39,42,42,11],"gold":405,"neow_bonus":"THREE_ENEMY_KILL","is_prod":false,"is_daily":false,"chose_seed":false,"campfire_upgraded":3,"win_rate":0,"timestamp":1551602932,"path_taken":["M","?","?","?","?","E","M","M","T","E","R","?","R","M","R","BOSS"],"build_version":"2019-02-06","purchased_purges":0,"victory":false,"max_hp_per_floor":[75,80,80,80,80,80,80,80,80,80,80,80,80,80,80,80],"card_choices":[{"not_picked":["Armaments","Metallicize","Second Wind"],"picked":"SKIP","floor":1},{"not_picked":["Dual Wield","Pommel Strike"],"picked":"Battle Trance","floor":5},{"not_picked":["Pummel","Metallicize"],"picked":"Shockwave","floor":6},{"not_picked":["Whirlwind","Searing Blow"],"picked":"Anger","floor":7},{"not_picked":["Seeing Red","Shockwave"],"picked":"Clothesline","floor":8},{"not_picked":["Dark Embrace","Clothesline","Flex"],"picked":"SKIP","floor":10},{"not_picked":["Entrench","Ghostly Armor","Wild Strike"],"picked":"SKIP","floor":14}],"player_experience":1295926,"relics_obtained":[{"floor":6,"key":"Dream Catcher"},{"floor":9,"key":"Art of War"},{"floor":10,"key":"Ancient Tea Set"}],"event_choices":[{"damage_healed":0,"gold_gain":0,"player_choice":"Donut","damage_taken":0,"max_hp_gain":5,"max_hp_loss":0,"event_name":"Big Fish","floor":2,"gold_loss":0},{"damage_healed":0,"gold_gain":0,"player_choice":"Leave","damage_taken":0,"max_hp_gain":0,"max_hp_loss":0,"event_name":"The Cleric","floor":3,"gold_loss":0},{"damage_healed":0,"gold_gain":75,"player_choice":"Gather Gold","damage_taken":11,"max_hp_gain":0,"max_hp_loss":0,"event_name":"World of Goop","floor":4,"gold_loss":0},{"damage_healed":0,"gold_gain":59,"player_choice":"Gained Gold","damage_taken":0,"max_hp_gain":0,"max_hp_loss":0,"event_name":"Golden Wing","floor":12,"gold_loss":0}],"is_beta":true,"boss_relics":[],"items_purged_floors":[],"is_endless":false,"potions_floor_spawned":[6,7,10,14],"killed_by":"Slime Boss","ascension_level":20}