{"gold_per_floor":[116,41,59,59,59,59,94,94,94,137,151,172,187,207,207,207],"floor_reached":16,"playtime":347,"items_purged":["Strike_B"],"score":274,"play_id":"984025b9-236f-4722-9d15-ad6c8bf3d59b","local_time":"20190305005047","is_ascension_mode":true,"campfire_choices":[{"data":"Sunder","floor":6,"key":"SMITH"},{"data":"Zap","floor":8,"key":"SMITH"},{"data":"Turbo","floor":15,"key":"SMITH"}],"neow_cost":"NONE","seed_source_timestamp":2885864445717355,"circlet_count":0,"master_deck":["AscendersBane","Strike_B","Strike_B","Strike_B","Defend_B","Defend_B","Defend_B","Defend_B","Zap+1","Dualcast","Sunder+1","Conserve Battery","FTL","Cold Snap","Ball Lightning","Turbo+1","Gash"],"relics":["Cracked Core","NeowsBlessing","Golden Idol","Darkstone Periapt","Vajra","Unceasing Top","Bottled Flame"],"potions_floor_usage":[],"damage_taken":[{"damage":0,"enemies":"2 Louse","floor":1,"turns":1},{"damage":0,"enemies":"Cultist","floor":3,"turns":1},{"damage":0,"enemies":"Gremlin Nob","floor":7,"turns":1},{"damage":15,"enemies":"3 Sentries","floor":10,"turns":6},{"damage":0,"enemies":"Jaw Worm","floor":11,"turns":3},{"damage":8,"enemies":"Gremlin Gang","floor":12,"turns":4},{"damage":4,"enemies":"Looter","floor":13,"turns":3},{"damage":0,"enemies":"Lots of Slimes","floor":14,"turns":3},{"damage":27,"enemies":"Slime Boss","floor":16,"turns":4}],"seed_played":"-193665359917613819","potions_obtained":[{"floor":1,"key":"Weak Potion"},{"floor":7,"key":"EssenceOfSteel"},{"floor":10,"key":"SpeedPotion"},{"floor":14,"key":"PowerPotion"}],"is_trial":false,"path_per_floor":["M","$","M","?","?","R","E","R","T","E","M","M","M","M","R","B"],"character_chosen":"DEFECT","items_purchased":[],"campfire_rested":0,"item_purchase_floors":[],"current_hp_per_floor":[64,64,64,64,64,64,64,64,64,49,49,41,37,37,37,10],"gold":207,"neow_bonus":"THREE_ENEMY_KILL","is_prod":false,"is_daily":false,"chose_seed":false,"campfire_upgraded":3,"win_rate":0,"timestamp":1551775847,"path_taken":["M","$","M","?","?","R","E","R","T","E","M","M","M","M","R","BOSS"],"build_version":"2019-02-06","purchased_purges":1,"victory":false,"max_hp_per_floor":[71,71,71,64,64,64,64,64,64,64,64,64,64,64,64,64],"card_choices":[{"not_picked":["Turbo","Stack"],"picked":"Sunder","floor":1},{"not_picked":["White Noise","Compile Driver"],"picked":"Conserve Battery","floor":3},{"not_picked":["Scrape","Go for the Eyes"],"picked":"FTL","floor":7},{"not_picked":["Loop","Hello World","Darkness"],"picked":"SKIP","floor":10},{"not_picked":["Reprogram","Sweeping Beam"],"picked":"Cold Snap","floor":11},{"not_picked":["Rebound","Coolheaded"],"picked":"Ball Lightning","floor":12},{"not_picked":["Darkness","Rebound"],"picked":"Turbo","floor":13},{"not_picked":["Ball Lightning","Lockon"],"picked":"Gash","floor":14}],"player_experience":1317604,"relics_obtained":[{"floor":7,"key":"Vajra"},{"floor":9,"key":"Unceasing Top"},{"floor":10,"key":"Bottled Flame"}],"event_choices":[{"damage_healed":0,"gold_gain":0,"player_choice":"Lose Max HP","damage_taken":0,"relics_obtained":["Golden Idol"],"max_hp_gain":0,"max_hp_loss":7,"event_name":"Golden Idol","floor":4,"gold_loss":0},{"damage_healed":0,"gold_gain":0,"player_choice":"Gave Potion","damage_taken":0,"relics_obtained":["Darkstone Periapt"],"max_hp_gain":0,"max_hp_loss":0,"event_name":"WeMeetAgain","floor":5,"gold_loss":0}],"is_beta":true,"boss_relics":[],"items_purged_floors":[2],"is_endless":false,"potions_floor_spawned":[1,7,10,11,14],"killed_by":"Slime Boss","ascension_level":20}