{"gold_per_floor":[113,129,129,45,195,195,236,236,236,236,255,299,315,356,356,356],"floor_reached":16,"playtime":407,"items_purged":[],"score":286,"play_id":"0465fecf-b723-40fe-9f76-9db20d9e6af5","local_time":"20190131212622","is_ascension_mode":true,"campfire_choices":[{"data":"Doom and Gloom","floor":6.0,"key":"SMITH"},{"data":"Zap","floor":8.0,"key":"SMITH"},{"data":"Core Surge","floor":10.0,"key":"SMITH"},{"data":"Creative AI","floor":15,"key":"SMITH"}],"neow_cost":"NONE","seed_source_timestamp":790986647432099,"circlet_count":0,"master_deck":["AscendersBane","Strike_B","Strike_B","Strike_B","Strike_B","Defend_B","Defend_B","Defend_B","Defend_B","Zap+1","Dualcast","Doom and Gloom+1","Core Surge+1","Doubt","Coolheaded","Creative AI+1","Chill","Blizzard"],"special_seed":0,"relics":["Cracked Core","NeowsBlessing","Golden Idol","Bag of Preparation","PreservedInsect","Happy Flower","Centennial Puzzle"],"potions_floor_usage":[],"damage_taken":[{"damage":0.0,"enemies":"2 Louse","floor":1.0,"turns":1.0},{"damage":0.0,"enemies":"Small Slimes","floor":2.0,"turns":1.0},{"damage":0.0,"enemies":"Lagavulin","floor":7.0,"turns":1.0},{"damage":0.0,"enemies":"Cultist","floor":11.0,"turns":3.0},{"damage":8.0,"enemies":"Gremlin Nob","floor":12.0,"turns":3.0},{"damage":8,"enemies":"3 Louse","floor":13,"turns":5},{"damage":6,"enemies":"3 Sentries","floor":14,"turns":7},{"damage":50,"enemies":"Hexaghost","floor":16,"turns":9}],"seed_played":"-6708359192962709157","potions_obtained":[{"floor":11.0,"key":"FairyPotion"},{"floor":13,"key":"Swift Potion"}],"is_trial":false,"path_per_floor":["M","M","?","$","?","R","E","R","T","R","M","E","M","E","R","B"],"character_chosen":"DEFECT","items_purchased":["Core Surge"],"campfire_rested":0,"item_purchase_floors":[4],"current_hp_per_floor":[64,64,64,64,64,64,64,64,64,64,64,56,48,42,42,0],"gold":356,"neow_bonus":"THREE_ENEMY_KILL","is_prod":false,"is_daily":false,"chose_seed":false,"campfire_upgraded":4,"win_rate":0,"timestamp":1548998782,"path_taken":["M","M","?","$","?","R","E","R","T","R","M","E","M","E","R","BOSS"],"build_version":"2019-01-23","purchased_purges":0,"victory":false,"max_hp_per_floor":[71,71,64,64,64,64,64,64,64,64,64,64,64,64,64,64],"card_choices":[{"not_picked":["Go for the Eyes","Beam Cell","Steam"],"picked":"SKIP","floor":1.0},{"not_picked":["Hologram","Skim"],"picked":"Doom and Gloom","floor":2.0},{"not_picked":["Double Energy","Blizzard","Go for the Eyes"],"picked":"SKIP","floor":7.0},{"not_picked":["Barrage","Sweeping Beam"],"picked":"Coolheaded","floor":11.0},{"not_picked":["All For One","Steam Power"],"picked":"Creative AI","floor":12.0},{"not_picked":["Beam Cell","Heatsinks"],"picked":"Chill","floor":13},{"not_picked":["Leap","Compile Driver"],"picked":"Blizzard","floor":14}],"player_experience":1048022,"relics_obtained":[{"floor":7.0,"key":"Bag of Preparation"},{"floor":9.0,"key":"PreservedInsect"},{"floor":12.0,"key":"Happy Flower"},{"floor":14,"key":"Centennial Puzzle"}],"event_choices":[{"damage_healed":0.0,"max_hp_gain":0.0,"max_hp_loss":7.0,"gold_gain":0.0,"event_name":"Golden Idol","player_choice":"Lose Max HP","floor":3.0,"gold_loss":0.0,"damage_taken":0.0,"relics_obtained":["Golden Idol"]},{"damage_healed":0.0,"max_hp_gain":0.0,"max_hp_loss":0.0,"gold_gain":150.0,"event_name":"Liars Game","player_choice":"AGREE","floor":5.0,"gold_loss":0.0,"damage_taken":0.0,"cards_obtained":["Doubt"]}],"is_beta":true,"boss_relics":[],"items_purged_floors":[],"is_endless":false,"potions_floor_spawned":[11,13],"killed_by":"Hexaghost","ascension_level":20}