{"gold_per_floor":[112,131,131,131,144,144,170,170,170,187,200,215,231,265,265,343,343,362,378,194,211,222,222,250,250,298,213,247,259,274,309,309,381,381,395,395,395,88,100,100,129,129,156,106,116,133,164,180,180,180,180,180,180,11,41,41],"floor_reached":56,"playtime":3579,"items_purged":["Strike_G","Strike_G","Strike_G"],"score":2162,"play_id":"33f2c98a-5edc-4a49-8109-dcec682cd16e","local_time":"20190121213559","is_ascension_mode":true,"campfire_choices":[{"data":"Acrobatics","floor":6.0,"key":"SMITH"},{"data":"Deadly Poison","floor":8.0,"key":"SMITH"},{"data":"Storm of Steel","floor":15.0,"key":"SMITH"},{"data":"After Image","floor":23.0,"key":"SMITH"},{"data":"Tactician","floor":25.0,"key":"SMITH"},{"data":"Calculated Gamble","floor":32.0,"key":"SMITH"},{"data":"Catalyst","floor":40.0,"key":"SMITH"},{"data":"Finisher","floor":42.0,"key":"SMITH"},{"floor":49.0,"key":"RECALL"},{"data":"Catalyst","floor":53.0,"key":"SMITH"}],"neow_cost":"NONE","seed_source_timestamp":286438231394344,"circlet_count":0,"master_deck":["AscendersBane","Defend_G","Defend_G","Defend_G","Defend_G","Defend_G+1","Strike_G+1","Survivor","Neutralize+1","Storm of Steel+1","Deadly Poison+1","Acrobatics+1","Reflex","Acrobatics+1","Calculated Gamble+1","Escape Plan","After Image+1","Catalyst+1","Tactician+1","PiercingWail","Flechettes","Storm of Steel+1","PiercingWail","Finisher+1","Catalyst+1","Catalyst+1","After Image","Corpse Explosion","Deflect"],"special_seed":0,"relics":["Ring of the Snake","Dead Branch","Smiling Mask","Shuriken","Pantograph","Runic Pyramid","Gremlin Horn","Strawberry","Turnip","Dream Catcher","Whetstone","Runic Dome","Membership Card","Paper Crane","Mummified Hand","War Paint"],"potions_floor_usage":[55,55],"damage_taken":[{"damage":3.0,"enemies":"Small Slimes","floor":1.0,"turns":6.0},{"damage":0.0,"enemies":"2 Louse","floor":2.0,"turns":4.0},{"damage":0.0,"enemies":"Cultist","floor":5.0,"turns":3.0},{"damage":8.0,"enemies":"Gremlin Nob","floor":7.0,"turns":3.0},{"damage":0.0,"enemies":"Looter","floor":10.0,"turns":2.0},{"damage":15.0,"enemies":"Large Slime","floor":11.0,"turns":6.0},{"damage":3.0,"enemies":"Exordium Wildlife","floor":12.0,"turns":3.0},{"damage":5.0,"enemies":"3 Louse","floor":13.0,"turns":3.0},{"damage":15.0,"enemies":"Lagavulin","floor":14.0,"turns":4.0},{"damage":14.0,"enemies":"Slime Boss","floor":16.0,"turns":5.0},{"damage":0.0,"enemies":"3 Byrds","floor":18.0,"turns":2.0},{"damage":0.0,"enemies":"2 Thieves","floor":19.0,"turns":1.0},{"damage":24.0,"enemies":"Snake Plant","floor":21.0,"turns":4.0},{"damage":0.0,"enemies":"Cultist and Chosen","floor":22.0,"turns":5.0},{"damage":4.0,"enemies":"Slavers","floor":24.0,"turns":6.0},{"damage":0.0,"enemies":"Gremlin Leader","floor":28.0,"turns":4.0},{"damage":3.0,"enemies":"Shelled Parasite and Fungi","floor":29.0,"turns":3.0},{"damage":0.0,"enemies":"Centurion and Healer","floor":30.0,"turns":3.0},{"damage":0.0,"enemies":"Slavers","floor":31.0,"turns":4.0},{"damage":16.0,"enemies":"Collector","floor":33.0,"turns":6.0},{"damage":0.0,"enemies":"3 Darklings","floor":35.0,"turns":3.0},{"damage":3.0,"enemies":"Orb Walker","floor":39.0,"turns":2.0},{"damage":0.0,"enemies":"Reptomancer","floor":41.0,"turns":2.0},{"damage":2.0,"enemies":"Sphere and 2 Shapes","floor":45.0,"turns":4.0},{"damage":0.0,"enemies":"4 Shapes","floor":46.0,"turns":3.0},{"damage":11.0,"enemies":"Nemesis","floor":47.0,"turns":7.0},{"damage":12.0,"enemies":"Maw","floor":48.0,"turns":5.0},{"damage":19.0,"enemies":"Time Eater","floor":50.0,"turns":5.0},{"damage":38.0,"enemies":"Donu and Deca","floor":51.0,"turns":8.0},{"damage":4,"enemies":"Shield and Spear","floor":55,"turns":4},{"damage":82,"enemies":"The Heart","floor":56,"turns":3}],"seed_played":"3517143050237614839","potions_obtained":[{"floor":1.0,"key":"SpeedPotion"},{"floor":5.0,"key":"SneckoOil"},{"floor":11.0,"key":"Dexterity Potion"},{"floor":12.0,"key":"Strength Potion"},{"floor":14.0,"key":"SkillPotion"},{"floor":21.0,"key":"Regen Potion"},{"floor":30.0,"key":"Regen Potion"},{"floor":31.0,"key":"PowerPotion"},{"floor":47.0,"key":"Energy Potion"}],"is_trial":false,"path_per_floor":["?","?","M","?","?","?","?"],"character_chosen":"THE_SILENT","items_purchased":["Tactician","Energy Potion","Membership Card","PiercingWail","After Image","Corpse Explosion"],"campfire_rested":0,"item_purchase_floors":[20,20,38,38,54,54],"current_hp_per_floor":[56,56,49,49,49,49,41,41,41,41,26,23,18,3,3,14,53,53,53,53,29,29,29,40,40,47,47,47,44,44,44,44,53,68,68,68,68,68,65,65,65,65,65,65,63,63,52,40,40,46,31,60,60,60,56,0],"gold":41,"neow_bonus":"ONE_RANDOM_RARE_CARD","is_prod":false,"is_daily":false,"chose_seed":false,"campfire_upgraded":9,"win_rate":0,"timestamp":1548135359,"path_taken":["M","M","?","?","M","R","E","R","T","M","M","M","?","E","R","BOSS","M","M","$","M","M","R","E","R","T","?","E","M","M","E","R","BOSS","M","?","?","$","M","R","E","R","T","?","M","M","E","M","R","BOSS","BOSS","R","$","E","BOSS"],"build_version":"2019-01-20","purchased_purges":3,"victory":false,"max_hp_per_floor":[66,66,66,66,66,66,66,66,66,66,66,66,66,66,66,66,66,66,66,66,66,66,66,66,66,73,73,73,73,73,73,73,73,73,73,73,69,69,69,69,69,69,69,69,69,69,69,69,69,69,69,69,69,69,69,69],"card_choices":[{"not_picked":["All Out Attack","Caltrops"],"picked":"Deadly Poison","floor":1.0},{"not_picked":["Deadly Poison","Caltrops"],"picked":"Acrobatics","floor":2.0},{"not_picked":["Dagger Throw","Expertise"],"picked":"Reflex","floor":5.0},{"not_picked":["Prepared","Dagger Throw","Outmaneuver"],"picked":"SKIP","floor":7.0},{"not_picked":["Bane","Poisoned Stab"],"picked":"Acrobatics","floor":10.0},{"not_picked":["Bouncing Flask","Dash","Dagger Spray"],"picked":"SKIP","floor":11.0},{"not_picked":["PiercingWail","Acrobatics"],"picked":"Calculated Gamble","floor":12.0},{"not_picked":["Blade Dance","Dagger Spray","Bane"],"picked":"SKIP","floor":13.0},{"not_picked":["Outmaneuver","Prepared"],"picked":"Escape Plan","floor":14.0},{"not_picked":["Malaise","Bullet Time"],"picked":"After Image","floor":16.0},{"not_picked":["Leg Sweep","Reflex"],"picked":"Catalyst","floor":18.0},{"not_picked":["Deflect","Blade Dance","Blur"],"picked":"SKIP","floor":19.0},{"not_picked":["Footwork","Deadly Poison","Skewer"],"picked":"SKIP","floor":21.0},{"not_picked":["Sucker Punch","Riddle With Holes","Skewer"],"picked":"SKIP","floor":22.0},{"not_picked":["Cloak And Dagger","Backflip","Skewer"],"picked":"SKIP","floor":24.0},{"not_picked":["Riddle With Holes","Endless Agony"],"picked":"PiercingWail","floor":28.0},{"not_picked":["Dagger Spray","Accuracy","Cloak And Dagger"],"picked":"SKIP","floor":29.0},{"not_picked":["Masterful Stab","Deflect","Noxious Fumes"],"picked":"SKIP","floor":30.0},{"not_picked":["Masterful Stab","Bane"],"picked":"Flechettes","floor":31.0},{"not_picked":["Phantasmal Killer","Doppelganger"],"picked":"Storm of Steel","floor":33.0},{"not_picked":["Distraction+1","Bane","Cloak And Dagger"],"picked":"SKIP","floor":35.0},{"not_picked":["Predator+1","Outmaneuver","Distraction"],"picked":"SKIP","floor":39.0},{"not_picked":["Outmaneuver+1","Riddle With Holes"],"picked":"Finisher","floor":41.0},{"not_picked":["Escape Plan+1","Sucker Punch"],"picked":"Catalyst","floor":45.0},{"not_picked":["Caltrops","Deadly Poison","Dodge and Roll"],"picked":"SKIP","floor":46.0},{"not_picked":["PiercingWail+1","Prepared"],"picked":"Catalyst","floor":47.0},{"not_picked":["Slice","Backstab+1","Quick Slash"],"picked":"SKIP","floor":48.0},{"not_picked":["Doppelganger","Blade Dance"],"picked":"Deflect","floor":55}],"player_experience":1004241,"relics_obtained":[{"floor":7.0,"key":"Smiling Mask"},{"floor":9.0,"key":"Shuriken"},{"floor":14.0,"key":"Pantograph"},{"floor":24.0,"key":"Gremlin Horn"},{"floor":26.0,"key":"Strawberry"},{"floor":28.0,"key":"Dream Catcher"},{"floor":31.0,"key":"Whetstone"},{"floor":41.0,"key":"Paper Crane"},{"floor":47.0,"key":"Mummified Hand"},{"floor":55,"key":"War Paint"}],"event_choices":[{"cards_removed":["Strike_G"],"damage_healed":0.0,"max_hp_gain":0.0,"max_hp_loss":0.0,"gold_gain":0.0,"event_name":"Golden Wing","player_choice":"Card Removal","floor":3.0,"gold_loss":0.0,"damage_taken":7.0},{"damage_healed":0.0,"max_hp_gain":0.0,"max_hp_loss":0.0,"gold_gain":0.0,"event_name":"WeMeetAgain","player_choice":"Gave Potion","floor":4.0,"gold_loss":0.0,"damage_taken":0.0,"relics_obtained":["Dead Branch"]},{"damage_healed":0.0,"max_hp_gain":0.0,"max_hp_loss":0.0,"gold_gain":0.0,"event_name":"Addict","player_choice":"Obtained Relic","floor":27.0,"gold_loss":85.0,"damage_taken":0.0,"relics_obtained":["Turnip"]},{"damage_healed":0.0,"max_hp_gain":0.0,"max_hp_loss":0.0,"gold_gain":0.0,"event_name":"Tomb of Lord Red Mask","player_choice":"Ignored","floor":36.0,"gold_loss":0.0,"damage_taken":0.0},{"damage_healed":0.0,"max_hp_gain":0.0,"max_hp_loss":4.0,"gold_gain":0.0,"event_name":"Winding Halls","player_choice":"Max HP","floor":37.0,"gold_loss":0.0,"damage_taken":0.0},{"damage_healed":0.0,"max_hp_gain":0.0,"max_hp_loss":0.0,"gold_gain":0.0,"event_name":"Designer","player_choice":"Upgraded Two","floor":44.0,"gold_loss":50.0,"damage_taken":0.0,"cards_upgraded":["Defend_G","Acrobatics"]}],"is_beta":true,"boss_relics":[{"not_picked":["Philosopher\u0027s Stone","Busted Crown"],"picked":"Runic Pyramid"},{"not_picked":["Orrery","Empty Cage"],"picked":"Runic Dome"}],"items_purged_floors":[20,38,54],"is_endless":false,"potions_floor_spawned":[1,5,11,12,14,16,21,22,30,31,33,41,45,47],"killed_by":"The Heart","ascension_level":20}