{"gold_per_floor":[111,129,146,246,101,101,131,131,212,241,261,261,273,304,304,401,401,412,312,332,332,332,332,359,359,359,284,317,417,431,463,463,562,562,581,581,600,614,177,212,212,243,270,302,302,302,327,327,327,327,327,327,27,62,62],"floor_reached":55,"playtime":3759,"items_purged":["Strike_B","Strike_B","Strike_B","Dualcast"],"score":1051,"play_id":"c07d0e2e-71ce-465a-baa8-9493e378ffc6","local_time":"20190422214222","is_ascension_mode":true,"campfire_choices":[{"data":"Ball Lightning","floor":6.0,"key":"SMITH"},{"data":"Redo","floor":8.0,"key":"SMITH"},{"data":"Glacier","floor":12,"key":"SMITH"},{"data":"Coolheaded","floor":15,"key":"SMITH"},{"data":"Defragment","floor":23,"key":"SMITH"},{"data":"Sweeping Beam","floor":25,"key":"SMITH"},{"floor":32,"key":"REST"},{"floor":41,"key":"RECALL"},{"floor":49,"key":"REST"},{"data":"Panache","floor":52,"key":"SMITH"}],"neow_cost":"NONE","seed_source_timestamp":0,"circlet_count":0,"master_deck":["Defend_B","Defend_B","Defend_B","Defend_B","Zap+1","Hologram","Coolheaded+1","Redo+1","Conserve Battery","Ball Lightning+1","Cold Snap+1","Ball Lightning+1","Glacier+1","Reboot","Sweeping Beam+1","Cold Snap+1","Defragment+1","Defragment+1","Thunder Strike+1","Cold Snap+1","Rebound+1","Static Discharge+1","Electrodynamics+1","Leap+1","Ball Lightning+1","Redo+1","Ball Lightning+1","Defragment+1","Leap+1","Panache+1","Rebound+1","Thunder Strike+1","Cold Snap+1"],"special_seed":0,"relics":["Cracked Core","Ancient Tea Set","StoneCalendar","Bag of Preparation","Black Star","Sundial","Gremlin Horn","Molten Egg 2","Kunai","Dream Catcher","Ice Cream","Mercury Hourglass","Bag of Marbles","Lantern","Runic Dome","Ornamental Fan","Strawberry","Dead Branch","Oddly Smooth Stone","Bronze Scales","Pen Nib","Juzu Bracelet","Potion Belt","Incense Burner","Pantograph","Whetstone","Boot","Anchor"],"potions_floor_usage":[14,30,31,55,55],"damage_taken":[{"damage":0.0,"enemies":"Small Slimes","floor":1.0,"turns":3.0},{"damage":0.0,"enemies":"Cultist","floor":2.0,"turns":3.0},{"damage":0.0,"enemies":"2 Louse","floor":3.0,"turns":3.0},{"damage":7.0,"enemies":"3 Sentries","floor":7.0,"turns":9.0},{"damage":1.0,"enemies":"Lagavulin","floor":10.0,"turns":7.0},{"damage":0,"enemies":"Exordium Wildlife","floor":11,"turns":4},{"damage":0,"enemies":"2 Fungi Beasts","floor":13,"turns":3},{"damage":4,"enemies":"3 Sentries","floor":14,"turns":7},{"damage":14,"enemies":"Hexaghost","floor":16,"turns":8},{"damage":4,"enemies":"2 Thieves","floor":18,"turns":5},{"damage":2,"enemies":"Shell Parasite","floor":20,"turns":5},{"damage":13,"enemies":"Slavers","floor":24,"turns":6},{"damage":0,"enemies":"Book of Stabbing","floor":28,"turns":5},{"damage":21,"enemies":"Colosseum Slavers","floor":29,"turns":4},{"damage":15,"enemies":"Colosseum Nobs","floor":29,"turns":4},{"damage":0,"enemies":"3 Cultists","floor":30,"turns":3},{"damage":3,"enemies":"Gremlin Leader","floor":31,"turns":4},{"damage":0,"enemies":"Collector","floor":33,"turns":7},{"damage":9,"enemies":"3 Darklings","floor":35,"turns":2},{"damage":0,"enemies":"Orb Walker","floor":37,"turns":2},{"damage":1,"enemies":"Writhing Mass","floor":38,"turns":5},{"damage":11,"enemies":"Reptomancer","floor":40,"turns":3},{"damage":4,"enemies":"Giant Head","floor":42,"turns":8},{"damage":6,"enemies":"Nemesis","floor":44,"turns":5},{"damage":12,"enemies":"Giant Head","floor":47,"turns":6},{"damage":22,"enemies":"Time Eater","floor":50,"turns":7},{"damage":13,"enemies":"Shield and Spear","floor":54,"turns":1},{"damage":83,"enemies":"The Heart","floor":55,"turns":5}],"seed_played":"2699037495747192628","potions_obtained":[{"floor":1.0,"key":"Fire Potion"},{"floor":2.0,"key":"Ancient Potion"},{"floor":14,"key":"GamblersBrew"},{"floor":16,"key":"Regen Potion"},{"floor":24,"key":"SpeedPotion"},{"floor":29,"key":"Poison Potion"},{"floor":30,"key":"LiquidBronze"},{"floor":35,"key":"FearPotion"}],"is_trial":false,"path_per_floor":["M","M","M","?","$","R","E","R","T","E","M","R","M","E","R","B",null,"M","$","M","?","?","R","E","R","T","?","E","?","M","E","R","B",null,"M","?","M","M","$","E","R","E","T","E","?","?","E","?","R","B",null,"R","$","E","B"],"character_chosen":"DEFECT","items_purchased":["Conserve Battery","Ball Lightning","Ornamental Fan","Ball Lightning+1","Whetstone"],"campfire_rested":2,"item_purchase_floors":[5,5,39,39,53],"current_hp_per_floor":[75,75,75,75,75,75,68,68,68,67,67,67,67,63,63,49,75,71,71,69,69,69,69,56,56,56,56,56,20,29,26,48,48,75,66,66,66,65,65,61,61,57,57,51,51,51,39,39,63,60,82,82,82,69,0],"gold":62,"neow_bonus":"UPGRADE_CARD","is_prod":false,"is_daily":false,"chose_seed":false,"campfire_upgraded":7,"win_rate":0,"timestamp":1555983742,"path_taken":["M","M","M","?","$","R","E","R","T","E","M","R","?","E","R","BOSS","M","$","M","?","?","R","E","R","T","?","E","?","M","E","R","BOSS","M","?","M","M","$","E","R","E","T","E","?","?","E","?","R","BOSS","R","$","E","BOSS"],"build_version":"2019-01-23","purchased_purges":4,"victory":false,"max_hp_per_floor":[75,75,75,75,75,75,75,75,75,75,75,75,75,75,75,75,75,75,75,75,75,75,75,75,75,75,75,75,75,75,75,75,75,75,75,75,75,75,75,82,82,82,82,82,82,82,82,82,82,82,82,82,82,82,82],"card_choices":[{"not_picked":["Skim","Doom and Gloom"],"picked":"Hologram","floor":1.0},{"not_picked":["Skim","Turbo"],"picked":"Coolheaded","floor":2.0},{"not_picked":["Go for the Eyes","Hello World"],"picked":"Redo","floor":3.0},{"not_picked":["Chill","Rip and Tear"],"picked":"Cold Snap","floor":7.0},{"not_picked":["Fusion","Steam"],"picked":"Ball Lightning","floor":10},{"not_picked":["Steam Power","Blizzard"],"picked":"Glacier","floor":11},{"not_picked":["Turbo","Heatsinks","Redo"],"picked":"SKIP","floor":13},{"not_picked":["Beam Cell","Steam","Fusion"],"picked":"SKIP","floor":14},{"not_picked":["Machine Learning","Core Surge"],"picked":"Reboot","floor":16},{"not_picked":["Stack","Fusion"],"picked":"Sweeping Beam","floor":18},{"not_picked":["Streamline+1","Sweeping Beam+1"],"picked":"Cold Snap+1","floor":20},{"not_picked":["Gash","Leap"],"picked":"Defragment+1","floor":24},{"not_picked":["Leap","Force Field"],"picked":"Thunder Strike+1","floor":28},{"not_picked":["Turbo+1","Storm"],"picked":"Cold Snap+1","floor":29},{"not_picked":["Storm","Chaos","Beam Cell+1"],"picked":"SKIP","floor":30},{"not_picked":["Reprogram","Chaos+1"],"picked":"Rebound+1","floor":31},{"not_picked":["Stack+1","Recycle"],"picked":"Static Discharge","floor":32},{"not_picked":["Hyperbeam+1","Fission"],"picked":"Electrodynamics","floor":33},{"not_picked":["Sweeping Beam+1","Gash+1"],"picked":"Leap+1","floor":35},{"not_picked":["Steam","Gash+1"],"picked":"Ball Lightning+1","floor":37},{"not_picked":["Streamline+1","Steam+1"],"picked":"Redo+1","floor":38},{"not_picked":["Beam Cell+1","Go for the Eyes+1"],"picked":"Defragment+1","floor":40},{"not_picked":["White Noise","Consume"],"picked":"Leap+1","floor":42},{"not_picked":["Turbo","Double Energy+1","Fusion+1"],"picked":"SKIP","floor":44},{"not_picked":["Transmutation","Deep Breath"],"picked":"Panache","floor":46},{"not_picked":["Hello World","Gash+1"],"picked":"Rebound+1","floor":47},{"not_picked":["Barrage+1","Scrape+1"],"picked":"Cold Snap+1","floor":49},{"not_picked":["Sweeping Beam+1","Steam Power+1","Buffer"],"picked":"SKIP","floor":54}],"player_experience":123183,"relics_obtained":[{"floor":7.0,"key":"Ancient Tea Set"},{"floor":10,"key":"StoneCalendar"},{"floor":14,"key":"Bag of Preparation"},{"floor":24,"key":"Sundial"},{"floor":24,"key":"Gremlin Horn"},{"floor":26,"key":"Molten Egg 2"},{"floor":28,"key":"Kunai"},{"floor":28,"key":"Dream Catcher"},{"floor":29,"key":"Ice Cream"},{"floor":29,"key":"Mercury Hourglass"},{"floor":31,"key":"Bag of Marbles"},{"floor":31,"key":"Lantern"},{"floor":40,"key":"Strawberry"},{"floor":40,"key":"Dead Branch"},{"floor":42,"key":"Oddly Smooth Stone"},{"floor":42,"key":"Bronze Scales"},{"floor":43,"key":"Pen Nib"},{"floor":44,"key":"Juzu Bracelet"},{"floor":44,"key":"Potion Belt"},{"floor":47,"key":"Incense Burner"},{"floor":47,"key":"Pantograph"},{"floor":54,"key":"Boot"},{"floor":54,"key":"Anchor"}],"event_choices":[{"damage_healed":0.0,"max_hp_gain":0.0,"max_hp_loss":0.0,"gold_gain":100.0,"event_name":"Golden Shrine","player_choice":"Pray","floor":4.0,"gold_loss":0.0,"damage_taken":0.0},{"damage_healed":0,"gold_gain":0,"player_choice":"Read","damage_taken":0,"max_hp_gain":0,"max_hp_loss":0,"event_name":"The Library","floor":21,"gold_loss":0,"cards_obtained":["Defragment"]},{"damage_healed":0,"gold_gain":0,"player_choice":"Ignored","damage_taken":0,"max_hp_gain":0,"max_hp_loss":0,"event_name":"Ghosts","floor":22,"gold_loss":0},{"cards_removed":["Strike_B"],"damage_healed":0,"gold_gain":0,"player_choice":"Gave Gold","damage_taken":0,"max_hp_gain":0,"max_hp_loss":0,"event_name":"Beggar","floor":27,"gold_loss":75},{"damage_healed":0,"gold_gain":0,"player_choice":"Fight","damage_taken":0,"max_hp_gain":0,"max_hp_loss":0,"event_name":"Colosseum","floor":29,"gold_loss":0},{"damage_healed":0,"gold_gain":0,"player_choice":"Fought Nobs","damage_taken":0,"max_hp_gain":0,"max_hp_loss":0,"event_name":"Colosseum","floor":29,"gold_loss":0},{"damage_healed":0,"gold_gain":0,"player_choice":"Forge","damage_taken":0,"max_hp_gain":0,"max_hp_loss":0,"event_name":"Accursed Blacksmith","floor":36,"gold_loss":0,"cards_upgraded":["Electrodynamics"]},{"damage_healed":0,"gold_gain":0,"player_choice":"Upgraded","damage_taken":0,"max_hp_gain":0,"max_hp_loss":0,"event_name":"Upgrade Shrine","floor":45,"gold_loss":0,"cards_upgraded":["Static Discharge"]},{"damage_healed":0,"gold_gain":0,"player_choice":"Memory 1","damage_taken":0,"max_hp_gain":0,"max_hp_loss":0,"event_name":"SensoryStone","floor":46,"gold_loss":0},{"damage_healed":0,"gold_gain":0,"player_choice":"Copied","damage_taken":0,"max_hp_gain":0,"max_hp_loss":0,"event_name":"Duplicator","floor":48,"gold_loss":0,"cards_obtained":["Thunder Strike"]}],"is_beta":false,"boss_relics":[{"not_picked":["Inserter","Orrery"],"picked":"Black Star"},{"not_picked":["White Beast Statue","Empty Cage"],"picked":"Runic Dome"}],"items_purged_floors":[5,19,39,53],"is_endless":false,"potions_floor_spawned":[1,2,14,16,24,29,29,30,35,38,40],"killed_by":"The Heart","ascension_level":1}