{"gold_per_floor":[116,135,135,78,28,63,74,101,192,236,248,586,609,6,6,85,85,103,115,36,51,51,79,79,134,180,198,198,225,225,244,244,319,319,332,231,231,231,250,250,154,154],"floor_reached":42,"playtime":2170,"items_purged":["Strike_R","Strike_R"],"score":959,"play_id":"d16e6ade-9417-4118-9c59-0bec93c0cefb","local_time":"20190217001612","is_ascension_mode":true,"campfire_choices":[{"data":"Bash","floor":11.0,"key":"SMITH"},{"floor":15.0,"key":"REST"},{"floor":24.0,"key":"REST"},{"floor":30.0,"key":"REST"},{"data":"Limit Break","floor":32.0,"key":"SMITH"},{"floor":40,"key":"REST"}],"neow_cost":"NONE","seed_source_timestamp":1907083397089998,"circlet_count":0,"master_deck":["AscendersBane","Defend_R","Defend_R","Defend_R","Defend_R","Bash+1","Shrug It Off","Battle Trance","Combust","Rampage","Limit Break+1","Headbutt","Feel No Pain","Impervious","Demon Form+1","Burning Pact+1","Infernal Blade+1","Armaments","True Grit","Flame Barrier","Anger","Shrug It Off","Armaments+1","Impervious","Shrug It Off","Writhe","Bandage Up"],"special_seed":0,"relics":["Burning Blood","NeowsBlessing","Mango","Potion Belt","MawBank","Sundial","Boot","Old Coin","Dead Branch","Red Skull","Astrolabe","Centennial Puzzle","Smiling Mask","Anchor","Red Mask","Lizard Tail"],"potions_floor_usage":[],"damage_taken":[{"damage":0.0,"enemies":"Cultist","floor":1.0,"turns":1.0},{"damage":0.0,"enemies":"2 Louse","floor":2.0,"turns":1.0},{"damage":0.0,"enemies":"3 Sentries","floor":6.0,"turns":2.0},{"damage":2.0,"enemies":"Small Slimes","floor":7.0,"turns":3.0},{"damage":14.0,"enemies":"Lagavulin","floor":8.0,"turns":7.0},{"damage":31.0,"enemies":"3 Sentries","floor":10.0,"turns":9.0},{"damage":16.0,"enemies":"Lagavulin","floor":12.0,"turns":5.0},{"damage":39.0,"enemies":"Exordium Wildlife","floor":13.0,"turns":5.0},{"damage":34.0,"enemies":"The Guardian","floor":16.0,"turns":10.0},{"damage":0.0,"enemies":"Chosen","floor":18.0,"turns":3.0},{"damage":9.0,"enemies":"3 Byrds","floor":19.0,"turns":4.0},{"damage":22.0,"enemies":"Sentry and Sphere","floor":21.0,"turns":8.0},{"damage":30.0,"enemies":"Gremlin Leader","floor":23.0,"turns":3.0},{"damage":20.0,"enemies":"Shelled Parasite and Fungi","floor":27.0,"turns":6.0},{"damage":28.0,"enemies":"Masked Bandits","floor":29.0,"turns":6.0},{"damage":34.0,"enemies":"Snake Plant","floor":31.0,"turns":6.0},{"damage":28.0,"enemies":"Champ","floor":33.0,"turns":10.0},{"damage":60.0,"enemies":"3 Darklings","floor":35.0,"turns":10.0},{"damage":10,"enemies":"3 Shapes","floor":39,"turns":6},{"damage":157,"enemies":"Giant Head","floor":42,"turns":8}],"seed_played":"2998252707738332165","potions_obtained":[{"floor":2.0,"key":"PowerPotion"},{"floor":6.0,"key":"LiquidBronze"},{"floor":16.0,"key":"SteroidPotion"},{"floor":19.0,"key":"EssenceOfSteel"},{"floor":23.0,"key":"LiquidBronze"},{"floor":29.0,"key":"Explosive Potion"},{"floor":33.0,"key":"Poison Potion"},{"floor":35.0,"key":"LiquidBronze"}],"is_trial":false,"path_per_floor":["M","M","?","$","?","E","M","E","T","E","R","E","M","$","R","B",null,"M","M","$","M","?","E","R","T","T","M","?","?","R","M","R","B",null,"M","$","?","?","M","R","$","E"],"character_chosen":"IRONCLAD","items_purchased":["AttackPotion","Dead Branch","Feel No Pain","Red Skull","Flame Barrier","Shrug It Off","Bandage Up"],"campfire_rested":4,"item_purchase_floors":[4,14,14,14,20,36,41],"current_hp_per_floor":[74,75,80,80,94,94,94,86,86,61,61,51,18,18,46,18,75,81,78,78,62,62,38,66,66,66,52,52,30,58,30,30,8,73,19,19,38,38,34,62,62,0],"gold":154,"neow_bonus":"THREE_ENEMY_KILL","is_prod":false,"is_daily":false,"chose_seed":false,"campfire_upgraded":2,"win_rate":0,"timestamp":1550391372,"path_taken":["M","M","?","$","?","E","M","E","T","E","R","E","M","$","R","BOSS","M","?","$","M","?","E","R","?","T","M","?","?","R","M","R","BOSS","M","$","?","?","M","R","$","E"],"build_version":"2019-02-06","purchased_purges":2,"victory":false,"max_hp_per_floor":[75,75,80,80,94,94,94,94,94,94,94,94,94,94,94,94,94,94,94,94,94,94,94,94,94,94,94,94,94,94,94,94,94,94,94,94,94,94,94,94,94,94],"card_choices":[{"not_picked":["Clothesline","Warcry","Body Slam"],"picked":"SKIP","floor":1.0},{"not_picked":["Pommel Strike","Ghostly Armor"],"picked":"Shrug It Off","floor":2.0},{"not_picked":["Rage","Sword Boomerang"],"picked":"Battle Trance","floor":6.0},{"not_picked":["Clothesline","Twin Strike"],"picked":"Combust","floor":7.0},{"not_picked":["Reckless Charge","Second Wind","Ghostly Armor"],"picked":"SKIP","floor":8.0},{"not_picked":["Flex","Wild Strike"],"picked":"Rampage","floor":10.0},{"not_picked":["Demon Form","Thunderclap"],"picked":"Limit Break","floor":12.0},{"not_picked":["True Grit","Pommel Strike"],"picked":"Headbutt","floor":13.0},{"not_picked":["Brutality","Dark Embrace"],"picked":"Impervious","floor":16.0},{"not_picked":["Havoc","Entrench"],"picked":"Armaments","floor":18.0},{"not_picked":["Dropkick","Searing Blow"],"picked":"True Grit","floor":19.0},{"not_picked":["Anger","Blood for Blood","Sword Boomerang"],"picked":"SKIP","floor":21.0},{"not_picked":["Blood for Blood","Sword Boomerang"],"picked":"Anger","floor":21.0},{"not_picked":["Blood for Blood","Brutality","Flex"],"picked":"SKIP","floor":23.0},{"not_picked":["Heavy Blade","Flex","Cleave"],"picked":"SKIP","floor":27.0},{"not_picked":["Ghostly Armor","Armaments"],"picked":"Shrug It Off","floor":29.0},{"not_picked":["Flex+1","Perfected Strike+1"],"picked":"Armaments+1","floor":31.0},{"not_picked":["Double Tap","Limit Break"],"picked":"Impervious","floor":33.0},{"not_picked":["Wild Strike","Combust","Clash"],"picked":"SKIP","floor":35.0},{"not_picked":["Havoc","Pommel Strike+1","Combust+1"],"picked":"SKIP","floor":39}],"player_experience":1185392,"relics_obtained":[{"floor":6.0,"key":"Potion Belt"},{"floor":8.0,"key":"MawBank"},{"floor":9.0,"key":"Sundial"},{"floor":10.0,"key":"Boot"},{"floor":12.0,"key":"Old Coin"},{"floor":23.0,"key":"Centennial Puzzle"},{"floor":25.0,"key":"Smiling Mask"},{"floor":26.0,"key":"Anchor"},{"floor":29.0,"key":"Red Mask"}],"event_choices":[{"damage_healed":0.0,"max_hp_gain":5.0,"max_hp_loss":0.0,"gold_gain":0.0,"event_name":"Big Fish","player_choice":"Donut","floor":3.0,"gold_loss":0.0,"damage_taken":0.0},{"damage_healed":0.0,"max_hp_gain":0.0,"max_hp_loss":0.0,"gold_gain":0.0,"event_name":"WeMeetAgain","player_choice":"Paid Gold","floor":5.0,"gold_loss":50.0,"damage_taken":0.0,"relics_obtained":["Mango"]},{"damage_healed":0.0,"max_hp_gain":0.0,"max_hp_loss":0.0,"gold_gain":0.0,"event_name":"Vampires","player_choice":"Ignored","floor":28.0,"gold_loss":0.0,"damage_taken":0.0},{"damage_healed":0.0,"max_hp_gain":0.0,"max_hp_loss":0.0,"gold_gain":0.0,"event_name":"Masked Bandits","player_choice":"Fought Bandits","floor":29.0,"gold_loss":0.0,"damage_taken":0.0},{"damage_healed":19.0,"max_hp_gain":0.0,"max_hp_loss":0.0,"gold_gain":0.0,"event_name":"Winding Halls","player_choice":"Writhe","floor":37.0,"gold_loss":0.0,"damage_taken":0.0,"cards_obtained":["Writhe"]},{"damage_healed":0,"gold_gain":0,"player_choice":"Ignored","damage_taken":0,"max_hp_gain":0,"max_hp_loss":0,"event_name":"Mysterious Sphere","floor":38,"gold_loss":0}],"is_beta":true,"boss_relics":[{"not_picked":["Runic Pyramid","Eternal Feather"],"picked":"Astrolabe"},{"not_picked":["Velvet Choker","Pandora\u0027s Box"],"picked":"Lizard Tail"}],"items_purged_floors":[14,36],"is_endless":false,"potions_floor_spawned":[2,6,16,19,23,29,33,35],"killed_by":"Giant Head","ascension_level":20}