{"gold_per_floor":[114,131,131,131,406,432,147,157,210,31,31,62,88,126,138,223,235,257,288,310,141,141,141],"floor_reached":23,"playtime":768,"items_purged":["Regret","Strike_B"],"score":568,"play_id":"8a160eab-dce5-4d11-88f8-08f142d8cbbd","local_time":"20190213183457","is_ascension_mode":true,"campfire_choices":[{"data":"Biased Cognition","floor":11,"key":"SMITH"},{"data":"Zap","floor":15,"key":"SMITH"}],"neow_cost":"NONE","seed_source_timestamp":1690715617639706,"circlet_count":0,"master_deck":["AscendersBane","Strike_B","Strike_B","Defend_B","Defend_B","Defend_B","Defend_B","Zap+1","Dualcast","Consume","Cold Snap","Biased Cognition+1","Cold Snap","Biased Cognition","Undo+1","Ball Lightning","Ball Lightning"],"relics":["Cracked Core","NeowsBlessing","Boot","Shuriken","ClockworkSouvenir","MawBank","DataDisk","Philosopher\u0027s Stone"],"potions_floor_usage":[13,16,16,23,23],"damage_taken":[{"damage":0,"enemies":"2 Louse","floor":1,"turns":1},{"damage":0,"enemies":"Small Slimes","floor":2,"turns":1},{"damage":0,"enemies":"Lagavulin","floor":6,"turns":1},{"damage":0,"enemies":"Cultist","floor":8,"turns":3},{"damage":24,"enemies":"Gremlin Nob","floor":12,"turns":4},{"damage":6,"enemies":"Exordium Wildlife","floor":13,"turns":6},{"damage":15,"enemies":"3 Sentries","floor":14,"turns":9},{"damage":0,"enemies":"The Guardian","floor":16,"turns":11},{"damage":11,"enemies":"Shell Parasite","floor":18,"turns":6},{"damage":0,"enemies":"Spheric Guardian","floor":19,"turns":4},{"damage":26,"enemies":"Snecko","floor":20,"turns":5},{"damage":7,"enemies":"Slavers","floor":23,"turns":1}],"seed_played":"3575400633747769843","potions_obtained":[{"floor":6,"key":"Regen Potion"},{"floor":12,"key":"FearPotion"},{"floor":13,"key":"Explosive Potion"},{"floor":14,"key":"GamblersBrew"},{"floor":20,"key":"AttackPotion"}],"is_trial":false,"path_per_floor":["M","M","?","?","?","E","$","M","T","$","R","E","M","E","R","B",null,"M","M","M","$","?","E"],"character_chosen":"DEFECT","items_purchased":["ClockworkSouvenir","Biased Cognition","FocusPotion"],"campfire_rested":0,"item_purchase_floors":[7,10,21],"current_hp_per_floor":[64,64,57,39,39,39,39,39,39,39,39,15,24,9,9,9,56,45,45,19,19,19,12],"gold":141,"neow_bonus":"THREE_ENEMY_KILL","is_prod":false,"is_daily":false,"chose_seed":false,"campfire_upgraded":2,"win_rate":0,"timestamp":1550111697,"path_taken":["M","M","?","?","?","E","$","M","T","$","R","E","M","E","R","BOSS","M","?","M","$","?","E"],"build_version":"2019-02-06","purchased_purges":2,"victory":false,"max_hp_per_floor":[71,71,71,71,71,71,71,71,71,71,71,71,71,71,71,71,71,71,71,71,71,71,71],"card_choices":[{"not_picked":["Beam Cell","Steam"],"picked":"Consume","floor":1},{"not_picked":["Beam Cell","Hologram","Darkness"],"picked":"SKIP","floor":2},{"not_picked":["Steam","Skim","Steam Power"],"picked":"SKIP","floor":6},{"not_picked":["Leap","Compile Driver"],"picked":"Cold Snap","floor":8},{"not_picked":["Streamline","Turbo","Melter"],"picked":"SKIP","floor":12},{"not_picked":["Darkness","Aggregate"],"picked":"Cold Snap","floor":13},{"not_picked":["Cold Snap","Redo","Beam Cell"],"picked":"SKIP","floor":14},{"not_picked":["Core Surge","All For One"],"picked":"Biased Cognition","floor":16},{"not_picked":["Skim","Cold Snap"],"picked":"Undo+1","floor":18},{"not_picked":["Go for the Eyes+1","Hologram+1"],"picked":"Ball Lightning","floor":19},{"not_picked":["Reprogram","Aggregate"],"picked":"Ball Lightning","floor":20}],"player_experience":1154163,"relics_obtained":[{"floor":6,"key":"Shuriken"},{"floor":12,"key":"MawBank"},{"floor":14,"key":"DataDisk"}],"event_choices":[{"cards_removed":["Strike_B"],"damage_healed":0,"gold_gain":0,"player_choice":"Card Removal","damage_taken":7,"max_hp_gain":0,"max_hp_loss":0,"event_name":"Golden Wing","floor":3,"gold_loss":0},{"damage_healed":0,"gold_gain":0,"player_choice":"Success","damage_taken":18,"relics_obtained":["Boot"],"max_hp_gain":0,"max_hp_loss":0,"event_name":"Scrap Ooze","floor":4,"gold_loss":0},{"damage_healed":0,"gold_gain":275,"player_choice":"Desecrate","damage_taken":0,"max_hp_gain":0,"max_hp_loss":0,"event_name":"Golden Shrine","floor":5,"gold_loss":0,"cards_obtained":["Regret"]},{"damage_healed":0,"gold_gain":0,"player_choice":"Ignored","damage_taken":0,"max_hp_gain":0,"max_hp_loss":0,"event_name":"Vampires","floor":22,"gold_loss":0}],"is_beta":true,"boss_relics":[{"not_picked":["Velvet Choker","Eternal Feather"],"picked":"Philosopher\u0027s Stone"}],"items_purged_floors":[7,21],"is_endless":false,"potions_floor_spawned":[6,12,13,14,20],"killed_by":"Slavers","ascension_level":20}