{"gold_per_floor":[111,36,36,50,50,90,126,138,176,188,2,23,23,23,23,117,117,140,140,140,155,175,175,189,189],"floor_reached":25,"playtime":657,"items_purged":["Strike_R"],"score":402,"play_id":"b5b41206-3fb3-4253-bceb-8cb50cc796a6","local_time":"20190330024743","is_ascension_mode":true,"campfire_choices":[{"data":"Fiend Fire","floor":8.0,"key":"SMITH"},{"data":"Pommel Strike","floor":10.0,"key":"SMITH"},{"data":"Inflame","floor":13.0,"key":"SMITH"},{"floor":15.0,"key":"REST"},{"floor":23.0,"key":"REST"}],"neow_cost":"NONE","seed_source_timestamp":6955689354063,"circlet_count":0,"master_deck":["AscendersBane","Strike_R","Strike_R","Defend_R","Defend_R","Defend_R","Bash","Fiend Fire+1","Anger","Pommel Strike+1","Inflame+1","Shockwave","Limit Break","Cleave+1","Pummel"],"special_seed":0,"relics":["Burning Blood","Golden Idol","MawBank","Bag of Marbles","Nloth\u0027s Gift"],"potions_floor_usage":[],"damage_taken":[{"damage":18.0,"enemies":"Small Slimes","floor":1.0,"turns":6.0},{"damage":9.0,"enemies":"Jaw Worm","floor":4.0,"turns":6.0},{"damage":50.0,"enemies":"3 Sentries","floor":6.0,"turns":9.0},{"damage":0.0,"enemies":"Cultist","floor":7.0,"turns":3.0},{"damage":4.0,"enemies":"2 Fungi Beasts","floor":12.0,"turns":3.0},{"damage":40.0,"enemies":"Hexaghost","floor":16.0,"turns":9.0},{"damage":7.0,"enemies":"Chosen","floor":18.0,"turns":5.0},{"damage":21.0,"enemies":"2 Thieves","floor":21.0,"turns":3.0},{"damage":18.0,"enemies":"Snake Plant","floor":22.0,"turns":3.0},{"damage":23.0,"enemies":"Shelled Parasite and Fungi","floor":24.0,"turns":3.0},{"damage":31,"enemies":"Slavers","floor":25,"turns":2}],"seed_played":"3669540355305112034","potions_obtained":[{"floor":3.0,"key":"SteroidPotion"},{"floor":3.0,"key":"BloodPotion"},{"floor":6.0,"key":"SkillPotion"},{"floor":12.0,"key":"Block Potion"},{"floor":16.0,"key":"EntropicBrew"},{"floor":21.0,"key":"FearPotion"}],"is_trial":false,"path_per_floor":["M","?","?","M","?","E","M","R","T","R","$","M","R","$","R","B",null,"M","?","?","M","M","R","M","E"],"character_chosen":"IRONCLAD","items_purchased":["Inflame","Shockwave"],"campfire_rested":2,"item_purchase_floors":[11,11],"current_hp_per_floor":[56,56,56,60,60,16,22,22,22,22,22,24,24,24,44,10,54,53,53,53,38,26,46,29,0],"gold":189,"neow_bonus":"ONE_RANDOM_RARE_CARD","is_prod":false,"is_daily":false,"chose_seed":false,"campfire_upgraded":3,"win_rate":0,"timestamp":1553939263,"path_taken":["M","?","?","?","?","E","M","R","T","R","$","M","R","?","R","BOSS","M","?","?","M","?","R","M","E"],"build_version":"2019-03-15","purchased_purges":1,"victory":false,"max_hp_per_floor":[75,75,75,75,68,68,68,68,68,68,68,68,68,68,68,68,68,68,68,68,68,68,68,68,68],"card_choices":[{"not_picked":["Warcry","Burning Pact","Heavy Blade"],"picked":"SKIP","floor":1.0},{"not_picked":["True Grit","Warcry"],"picked":"Anger","floor":4.0},{"not_picked":["Twin Strike","Double Tap","Flex"],"picked":"SKIP","floor":6.0},{"not_picked":["Sword Boomerang","Flex"],"picked":"Pommel Strike","floor":7.0},{"not_picked":["Headbutt","Thunderclap","Wild Strike"],"picked":"SKIP","floor":12.0},{"not_picked":["Dark Embrace","Barricade"],"picked":"Limit Break","floor":16.0},{"not_picked":["Blood for Blood+1","Metallicize+1"],"picked":"Cleave+1","floor":18.0},{"not_picked":["Iron Wave","Pommel Strike"],"picked":"Pummel","floor":21.0},{"not_picked":["Cleave","Combust","Armaments"],"picked":"SKIP","floor":22.0},{"not_picked":["True Grit","Perfected Strike","Searing Blow"],"picked":"SKIP","floor":24.0}],"player_experience":1381123,"relics_obtained":[{"floor":6.0,"key":"MawBank"},{"floor":9.0,"key":"Bag of Marbles"}],"event_choices":[{"cards_removed":["Strike_R"],"damage_healed":0.0,"max_hp_gain":0.0,"max_hp_loss":0.0,"gold_gain":0.0,"event_name":"The Cleric","player_choice":"Card Removal","floor":2.0,"gold_loss":75.0,"damage_taken":0.0},{"damage_healed":0.0,"max_hp_gain":0.0,"max_hp_loss":0.0,"gold_gain":0.0,"event_name":"Lab","player_choice":"Got Potions","floor":3.0,"gold_loss":0.0,"damage_taken":0.0},{"damage_healed":0.0,"max_hp_gain":0.0,"max_hp_loss":7.0,"gold_gain":0.0,"event_name":"Golden Idol","player_choice":"Lose Max HP","floor":5.0,"gold_loss":0.0,"damage_taken":0.0,"relics_obtained":["Golden Idol"]},{"damage_healed":0.0,"max_hp_gain":0.0,"max_hp_loss":0.0,"gold_gain":0.0,"event_name":"The Mausoleum","player_choice":"Ignored","floor":19.0,"gold_loss":0.0,"damage_taken":0.0},{"damage_healed":0.0,"max_hp_gain":0.0,"max_hp_loss":0.0,"gold_gain":0.0,"event_name":"N\u0027loth","player_choice":"Traded Relic","floor":20.0,"relics_lost":["Empty Cage"],"gold_loss":0.0,"damage_taken":0.0,"relics_obtained":["Nloth\u0027s Gift"]}],"is_beta":true,"boss_relics":[{"not_picked":["Coffee Dripper","Eternal Feather"],"picked":"Empty Cage"}],"items_purged_floors":[11],"is_endless":false,"potions_floor_spawned":[6,12,16,21],"killed_by":"Slavers","ascension_level":20}