{"gold_per_floor":[110,88,99,99,99,99,129,129,153,166,166,184,213,161,161,240,240,260,273,273,273,99,99,127,127,127,52,52,68,68,96,96,174,174,192,192,111,123,123],"floor_reached":39,"playtime":1031,"items_purged":["Defend_R"],"score":784,"play_id":"ffc3ec1d-0f3e-4f4e-87bb-bd422639f435","local_time":"20181027054714","is_ascension_mode":true,"campfire_choices":[{"data":"Perfected Strike","floor":6.0,"key":"SMITH"},{"data":"Armaments","floor":8.0,"key":"SMITH"},{"data":"Armaments","floor":11.0,"key":"SMITH"},{"data":"Bash","floor":15.0,"key":"SMITH"},{"data":"Perfected Strike","floor":23.0,"key":"SMITH"},{"data":"Offering","floor":25.0,"key":"SMITH"},{"data":"Disarm","floor":28.0,"key":"SMITH"},{"data":"Exhume","floor":30.0,"key":"SMITH"},{"data":"Limit Break","floor":32.0,"key":"SMITH"}],"neow_cost":"NONE","seed_source_timestamp":71231531199943,"circlet_count":0,"master_deck":["Strike_R","Strike_R","Strike_R","Strike_R","Strike_R","Defend_R","Defend_R","Defend_R","Bash+1","AscendersBane","Perfected Strike+1","Pommel Strike","Armaments+1","Cleave","Armaments+1","Disarm+1","Shrug It Off","Twin Strike","Exhume+1","Pommel Strike","Perfected Strike+1","Perfected Strike+1","Offering+1","Seeing Red","Warcry","Limit Break+1","Offering","Headbutt","Twin Strike","Blind"],"special_seed":0,"relics":["Burning Blood","NeowsBlessing","Orichalcum","Dream Catcher","PreservedInsect","Velvet Choker","Happy Flower","Bronze Scales","Shuriken","Orrery"],"potions_floor_usage":[33,39],"damage_taken":[{"damage":0.0,"enemies":"Cultist","floor":1.0,"turns":1.0},{"damage":0.0,"enemies":"Jaw Worm","floor":3.0,"turns":1.0},{"damage":0.0,"enemies":"Lagavulin","floor":7.0,"turns":1.0},{"damage":1.0,"enemies":"2 Louse","floor":10.0,"turns":3.0},{"damage":8.0,"enemies":"Gremlin Gang","floor":12.0,"turns":4.0},{"damage":20.0,"enemies":"Gremlin Nob","floor":13.0,"turns":4.0},{"damage":24.0,"enemies":"Slime Boss","floor":16.0,"turns":9.0},{"damage":23.0,"enemies":"Shell Parasite","floor":18.0,"turns":5.0},{"damage":1.0,"enemies":"Spheric Guardian","floor":19.0,"turns":3.0},{"damage":6.0,"enemies":"Slavers","floor":24.0,"turns":4.0},{"damage":6.0,"enemies":"Snake Plant","floor":29.0,"turns":1.0},{"damage":7.0,"enemies":"Book of Stabbing","floor":31.0,"turns":2.0},{"damage":53,"enemies":"Collector","floor":33,"turns":5},{"damage":27,"enemies":"3 Darklings","floor":35,"turns":5},{"damage":0,"enemies":"Orb Walker","floor":38,"turns":2},{"damage":53,"enemies":"Transient","floor":39,"turns":5}],"seed_played":"624477797726292565","potions_obtained":[{"floor":3.0,"key":"SkillPotion"},{"floor":13.0,"key":"EssenceOfSteel"},{"floor":16.0,"key":"FearPotion"},{"floor":19.0,"key":"Fire Potion"}],"is_trial":false,"path_per_floor":["M","$","M","$","?","R","E","R","T","M","R","M","E","$","R","B",null,"M","M","?","?","$","R","E","R","T","$","R","M","R","E","R","B",null,"M","?","$","M"],"character_chosen":"IRONCLAD","items_purchased":["Pommel Strike","Twin Strike","Perfected Strike","Offering","Blind"],"campfire_rested":0,"item_purchase_floors":[2,14,22,22,37],"current_hp_per_floor":[74,74,75,75,80,80,80,80,80,80,80,78,64,64,64,46,72,55,60,56,56,56,56,56,56,56,56,56,56,56,55,55,8,62,41,41,41,47,0],"gold":123,"neow_bonus":"THREE_ENEMY_KILL","is_prod":false,"is_daily":false,"chose_seed":false,"campfire_upgraded":9,"win_rate":0,"timestamp":1540644434,"path_taken":["M","$","?","$","?","R","E","R","T","M","R","?","E","$","R","BOSS","M","M","?","?","?","R","E","R","T","$","R","M","R","E","R","BOSS","M","?","$","M","M"],"build_version":"2018-10-25v2","purchased_purges":1,"victory":false,"max_hp_per_floor":[75,75,75,75,80,80,80,80,80,80,80,80,80,80,80,80,80,80,80,80,80,80,80,80,80,80,80,80,80,80,80,80,80,80,80,80,80,80,80],"card_choices":[{"not_picked":["Havoc","Burning Pact"],"picked":"Perfected Strike","floor":1.0},{"not_picked":["Entrench","Cleave"],"picked":"Armaments","floor":3.0},{"not_picked":["Body Slam","Clothesline"],"picked":"Cleave","floor":7.0},{"not_picked":["Combust","Burning Pact"],"picked":"Armaments","floor":10.0},{"not_picked":["Berserk","Rage"],"picked":"Disarm","floor":12.0},{"not_picked":["Armaments","Burning Pact"],"picked":"Shrug It Off","floor":13.0},{"not_picked":["Berserk","Dark Embrace"],"picked":"Exhume","floor":16.0},{"not_picked":["Ghostly Armor","Sever Soul"],"picked":"Pommel Strike","floor":18.0},{"not_picked":["Pommel Strike","Clash","Flame Barrier"],"picked":"SKIP","floor":19.0},{"not_picked":["Sentinel","Sever Soul"],"picked":"Seeing Red","floor":24.0},{"not_picked":["Corruption+1","Pommel Strike"],"picked":"Warcry","floor":29.0},{"not_picked":["Thunderclap+1","Feel No Pain"],"picked":"Limit Break","floor":31.0},{"not_picked":["Fiend Fire","Juggernaut"],"picked":"Offering","floor":33},{"not_picked":["Warcry","True Grit"],"picked":"Headbutt","floor":34},{"not_picked":["Warcry","Ghostly Armor+1"],"picked":"Twin Strike","floor":34},{"not_picked":["Anger","Iron Wave+1","Heavy Blade"],"picked":"SKIP","floor":35},{"not_picked":["Sword Boomerang","Blood for Blood","Carnage"],"picked":"SKIP","floor":38}],"player_experience":667912,"relics_obtained":[{"floor":7.0,"key":"Orichalcum"},{"floor":9.0,"key":"Dream Catcher"},{"floor":13.0,"key":"PreservedInsect"},{"floor":24.0,"key":"Happy Flower"},{"floor":26.0,"key":"Bronze Scales"},{"floor":31.0,"key":"Shuriken"}],"event_choices":[{"damage_healed":0.0,"max_hp_gain":5.0,"max_hp_loss":0.0,"gold_gain":0.0,"event_name":"Big Fish","player_choice":"Donut","floor":5.0,"gold_loss":0.0,"damage_taken":0.0},{"damage_healed":0.0,"max_hp_gain":0.0,"max_hp_loss":0.0,"gold_gain":0.0,"event_name":"The Woman in Blue","player_choice":"Bought 0 Potions","floor":20.0,"gold_loss":0.0,"damage_taken":0.0},{"damage_healed":0.0,"max_hp_gain":0.0,"max_hp_loss":0.0,"gold_gain":0.0,"event_name":"Duplicator","player_choice":"Copied","floor":21.0,"gold_loss":0.0,"damage_taken":0.0,"cards_obtained":["Perfected Strike"]},{"damage_healed":0,"gold_gain":0,"player_choice":"Ignored","damage_taken":0,"max_hp_gain":0,"max_hp_loss":0,"event_name":"Mysterious Sphere","floor":36,"gold_loss":0}],"is_beta":false,"boss_relics":[{"not_picked":["Philosopher\u0027s Stone","Busted Crown"],"picked":"Velvet Choker"},{"not_picked":["Runic Pyramid","White Beast Statue"],"picked":"Orrery"}],"items_purged_floors":[27],"is_endless":false,"potions_floor_spawned":[3,13,16,19,24,29],"killed_by":"Transient","ascension_level":15}