{"gold_per_floor":[210,225,13,30,180,180,180,213,289,289,131,149,149,170,170,266,266,282,41,54,54,54,54,79,79,79,119,119,165,180,194,194,287,287,305,318,1317,589,589,589],"floor_reached":40,"playtime":1388,"items_purged":["Doubt","Strike_R","Normality"],"score":833,"play_id":"8edc74fd-eedd-4d04-a87b-b76d0dc45ac4","local_time":"20190401013703","is_ascension_mode":true,"campfire_choices":[{"data":"Combust","floor":6.0,"key":"SMITH"},{"data":"Uppercut","floor":10.0,"key":"SMITH"},{"data":"Inflame","floor":13.0,"key":"SMITH"},{"data":"Clothesline","floor":15.0,"key":"SMITH"},{"floor":23.0,"key":"REST"},{"floor":25.0,"key":"REST"},{"floor":32,"key":"REST"}],"neow_cost":"NONE","seed_source_timestamp":148507261614,"circlet_count":0,"master_deck":["AscendersBane","Defend_R","Defend_R","Defend_R","Bash","Clothesline+1","Uppercut+1","Shrug It Off","Combust+1","Inflame+1","Anger","Reaper","Flame Barrier","Armaments","Inflame","Feed","Clash","Sword Boomerang","True Grit+1","Fiend Fire","Burning Pact+1","Clothesline+1","Cleave+1","Dual Wield","Normality","Shrug It Off"],"special_seed":0,"relics":["Burning Blood","Oddly Smooth Stone","Golden Idol","Happy Flower","Tiny Chest","Fusion Hammer","Dream Catcher","Orichalcum","Astrolabe","Potion Belt","Self Forming Clay"],"potions_floor_usage":[33,33],"damage_taken":[{"damage":7.0,"enemies":"Small Slimes","floor":1.0,"turns":4.0},{"damage":4.0,"enemies":"Jaw Worm","floor":2.0,"turns":5.0},{"damage":0.0,"enemies":"2 Louse","floor":4.0,"turns":3.0},{"damage":26.0,"enemies":"Lagavulin","floor":8.0,"turns":7.0},{"damage":22.0,"enemies":"Lots of Slimes","floor":12.0,"turns":3.0},{"damage":2.0,"enemies":"2 Fungi Beasts","floor":14.0,"turns":3.0},{"damage":31.0,"enemies":"Slime Boss","floor":16.0,"turns":7.0},{"damage":9.0,"enemies":"3 Byrds","floor":18.0,"turns":3.0},{"damage":22.0,"enemies":"2 Thieves","floor":20.0,"turns":4.0},{"damage":25.0,"enemies":"Snake Plant","floor":24.0,"turns":4.0},{"damage":46.0,"enemies":"Slavers","floor":27.0,"turns":4.0},{"damage":26,"enemies":"Centurion and Healer","floor":30,"turns":7},{"damage":11,"enemies":"Snecko","floor":31,"turns":5},{"damage":98,"enemies":"Collector","floor":33,"turns":10},{"damage":12,"enemies":"Orb Walker","floor":35,"turns":4},{"damage":18,"enemies":"3 Shapes","floor":36,"turns":5},{"damage":69,"enemies":"Nemesis","floor":40,"turns":8}],"seed_played":"-8323917250252589629","potions_obtained":[{"floor":1.0,"key":"SkillPotion"},{"floor":4.0,"key":"Ancient Potion"},{"floor":12.0,"key":"Strength Potion"},{"floor":16.0,"key":"SteroidPotion"},{"floor":30,"key":"Fire Potion"},{"floor":31,"key":"Energy Potion"}],"is_trial":false,"path_per_floor":["M","M","$","M","?","R","?","E","T","R","$","M","R","M","R","B",null,"M","$","M","?","?","R","M","R","T","E","?","T","M","M","R","B",null,"M","M","?","$","?","E"],"character_chosen":"IRONCLAD","items_purchased":["Oddly Smooth Stone","Shrug It Off","Inflame","Armaments","Inflame","Potion Belt","Dexterity Potion","Strength Potion","Self Forming Clay","Shrug It Off"],"campfire_rested":3,"item_purchase_floors":[3,3,11,19,19,38,38,38,38,38],"current_hp_per_floor":[67,69,69,75,75,75,68,48,48,48,48,32,32,36,36,11,54,57,57,48,48,48,68,58,71,71,63,42,42,37,45,68,9,62,62,50,50,50,50,0],"gold":589,"neow_bonus":"HUNDRED_GOLD","is_prod":false,"is_daily":false,"chose_seed":false,"campfire_upgraded":4,"win_rate":0,"timestamp":1554107823,"path_taken":["M","M","$","M","?","R","?","E","T","R","$","M","R","M","R","BOSS","M","$","M","?","?","R","M","R","T","E","?","?","M","M","R","BOSS","M","?","?","$","?","E"],"build_version":"2019-03-15","purchased_purges":3,"victory":false,"max_hp_per_floor":[75,75,75,75,75,75,68,68,68,68,68,68,68,68,68,68,68,68,68,68,68,68,68,71,71,71,74,79,79,79,79,79,79,79,79,79,79,79,79,79],"card_choices":[{"not_picked":["Infernal Blade","Armaments"],"picked":"Clothesline","floor":1.0},{"not_picked":["Clothesline","Twin Strike"],"picked":"Uppercut","floor":2.0},{"not_picked":["Ghostly Armor","Twin Strike"],"picked":"Combust","floor":4.0},{"not_picked":["Uppercut","Hemokinesis","Perfected Strike"],"picked":"SKIP","floor":8.0},{"not_picked":["Sever Soul","Feel No Pain"],"picked":"Anger","floor":12.0},{"not_picked":["Perfected Strike","Infernal Blade","Cleave"],"picked":"SKIP","floor":14.0},{"not_picked":["Dark Embrace","Barricade"],"picked":"Reaper","floor":16.0},{"not_picked":["Seeing Red","Corruption"],"picked":"Flame Barrier","floor":18.0},{"not_picked":["Anger","Armaments","Body Slam"],"picked":"SKIP","floor":20.0},{"not_picked":["Warcry","Pommel Strike"],"picked":"Sword Boomerang","floor":24.0},{"not_picked":["Warcry","Havoc","Heavy Blade"],"picked":"SKIP","floor":27.0},{"not_picked":["Thunderclap","Blood for Blood","Iron Wave"],"picked":"SKIP","floor":30},{"not_picked":["Whirlwind","Juggernaut"],"picked":"True Grit+1","floor":31},{"not_picked":["Brutality","Dark Embrace"],"picked":"Fiend Fire","floor":33},{"not_picked":["True Grit","Hemokinesis","Thunderclap+1"],"picked":"SKIP","floor":35},{"not_picked":["Wild Strike","Combust"],"picked":"Dual Wield","floor":36}],"player_experience":1384513,"relics_obtained":[{"floor":8.0,"key":"Happy Flower"},{"floor":9.0,"key":"Tiny Chest"},{"floor":27.0,"key":"Dream Catcher"},{"floor":29.0,"key":"Orichalcum"}],"event_choices":[{"damage_healed":0.0,"max_hp_gain":0.0,"max_hp_loss":0.0,"gold_gain":150.0,"event_name":"Liars Game","player_choice":"AGREE","floor":5.0,"gold_loss":0.0,"damage_taken":0.0,"cards_obtained":["Doubt"]},{"damage_healed":0.0,"max_hp_gain":0.0,"max_hp_loss":7.0,"gold_gain":0.0,"event_name":"Golden Idol","player_choice":"Lose Max HP","floor":7.0,"gold_loss":0.0,"damage_taken":0.0,"relics_obtained":["Golden Idol"]},{"damage_healed":0.0,"max_hp_gain":0.0,"max_hp_loss":0.0,"gold_gain":0.0,"cards_transformed":["Strike_R","Strike_R"],"event_name":"Drug Dealer","player_choice":"Became Test Subject","floor":21.0,"gold_loss":0.0,"damage_taken":0.0,"cards_obtained":["Feed","Clash"]},{"damage_healed":0.0,"max_hp_gain":5.0,"max_hp_loss":0.0,"gold_gain":0.0,"event_name":"Forgotten Altar","player_choice":"Shed Blood","floor":28.0,"gold_loss":0.0,"damage_taken":26.0},{"damage_healed":0,"gold_gain":999,"player_choice":"Gold","damage_taken":0,"max_hp_gain":0,"max_hp_loss":0,"event_name":"MindBloom","floor":37,"gold_loss":0,"cards_obtained":["Normality","Normality"]},{"damage_healed":0,"gold_gain":0,"player_choice":"Ignored","damage_taken":0,"max_hp_gain":0,"max_hp_loss":0,"event_name":"Tomb of Lord Red Mask","floor":39,"gold_loss":0}],"is_beta":true,"boss_relics":[{"not_picked":["White Beast Statue","Black Star"],"picked":"Fusion Hammer"},{"not_picked":["Runic Dome","Eternal Feather"],"picked":"Astrolabe"}],"items_purged_floors":[11,19,38],"is_endless":false,"potions_floor_spawned":[1,4,12,14,16,18,30,31],"killed_by":"Nemesis","ascension_level":20}