{"gold_per_floor":[117,117,171,182,198,198,208,208,208,219,236,71,71,71,71,144,144,154,170,170,190,210,210,223,223,223,251,167,193,193,211,211,284,284,296,309,359,359,140,140,140,0,23,23,23,73,73,107,107,107],"floor_reached":50,"playtime":1979,"items_purged":["Strike_B"],"score":1000,"play_id":"1e88a40c-8af9-486d-bffc-89a4e0fc2a9c","local_time":"20190204204254","is_ascension_mode":true,"campfire_choices":[{"data":"Hologram","floor":6.0,"key":"SMITH"},{"data":"Gash","floor":8.0,"key":"SMITH"},{"data":"Static Discharge","floor":13.0,"key":"SMITH"},{"data":"Glacier","floor":15.0,"key":"SMITH"},{"data":"Self Repair","floor":23.0,"key":"SMITH"},{"floor":25.0,"key":"REST"},{"floor":30.0,"key":"REST"},{"floor":32.0,"key":"REST"},{"data":"Defragment","floor":40.0,"key":"SMITH"},{"data":"Static Discharge","floor":41.0,"key":"SMITH"},{"data":"Hologram","floor":45.0,"key":"SMITH"},{"floor":47.0,"key":"RECALL"},{"floor":49,"key":"REST"}],"neow_cost":"NONE","seed_source_timestamp":1119788785607620,"circlet_count":0,"master_deck":["AscendersBane","Defend_B","Defend_B","Defend_B","Defend_B","Zap+1","Dualcast+1","Hologram+1","Self Repair+1","Gash+1","Glacier+1","Static Discharge+1","Flash of Steel","Thunder Strike+1","Core Surge+1","Coolheaded+1","Conserve Battery+1","Ball Lightning+1","Gash+1","Ball Lightning+1","Static Discharge+1","Echo Form","Scrape+1","Echo Form","Defragment+1","Hologram+1","Hologram","All For One+1"],"special_seed":0,"relics":["Cracked Core","Tiny Chest","Singing Bowl","Molten Egg 2","Astrolabe","MutagenicStrength","Bag of Preparation","WingedGreaves","Orrery","Runic Capacitor","Red Mask","Anchor","Question Card"],"potions_floor_usage":[48],"damage_taken":[{"damage":0.0,"enemies":"Small Slimes","floor":1.0,"turns":2.0},{"damage":0.0,"enemies":"Jaw Worm","floor":4.0,"turns":3.0},{"damage":1.0,"enemies":"2 Louse","floor":5.0,"turns":3.0},{"damage":2.0,"enemies":"Exordium Wildlife","floor":7.0,"turns":3.0},{"damage":1.0,"enemies":"2 Fungi Beasts","floor":10.0,"turns":3.0},{"damage":10.0,"enemies":"Lots of Slimes","floor":11.0,"turns":6.0},{"damage":20.0,"enemies":"The Guardian","floor":16.0,"turns":13.0},{"damage":3.0,"enemies":"3 Byrds","floor":18.0,"turns":3.0},{"damage":20.0,"enemies":"Shell Parasite","floor":19.0,"turns":6.0},{"damage":14.0,"enemies":"Snake Plant","floor":21.0,"turns":3.0},{"damage":14.0,"enemies":"Snecko","floor":22.0,"turns":6.0},{"damage":14.0,"enemies":"Shelled Parasite and Fungi","floor":24.0,"turns":3.0},{"damage":27.0,"enemies":"Book of Stabbing","floor":27.0,"turns":4.0},{"damage":39.0,"enemies":"Slavers","floor":29.0,"turns":4.0},{"damage":10.0,"enemies":"Centurion and Healer","floor":31.0,"turns":7.0},{"damage":70.0,"enemies":"Collector","floor":33.0,"turns":7.0},{"damage":36.0,"enemies":"3 Darklings","floor":35.0,"turns":8.0},{"damage":20.0,"enemies":"3 Shapes","floor":36.0,"turns":7.0},{"damage":12.0,"enemies":"Writhing Mass","floor":38.0,"turns":3.0},{"damage":26,"enemies":"Giant Head","floor":48,"turns":8},{"damage":63,"enemies":"Awakened One","floor":50,"turns":3}],"seed_played":"828872213953450857","potions_obtained":[{"floor":4.0,"key":"Fire Potion"},{"floor":7.0,"key":"Regen Potion"},{"floor":24.0,"key":"SmokeBomb"},{"floor":27.0,"key":"Regen Potion"},{"floor":33.0,"key":"Strength Potion"}],"is_trial":false,"path_per_floor":["M","?","T","M","M","R","M","R","T","M","M","$","R","?","R","B",null,"M","M","?","M","M","R","M","R","T","E","$","E","R","M","R","B",null,"M","M","?","M","$","R","R","?","T","$","R","?","R","E","R","B"],"character_chosen":"DEFECT","items_purchased":["Flash of Steel","Static Discharge","Runic Capacitor"],"campfire_rested":4,"item_purchase_floors":[12,28,39],"current_hp_per_floor":[64,43,43,43,49,49,54,54,54,60,57,57,57,46,46,33,62,61,50,50,36,31,31,36,59,59,42,42,27,50,50,73,3,63,47,49,49,57,57,57,57,57,57,57,57,49,49,35,60,0],"gold":107,"neow_bonus":"UPGRADE_CARD","is_prod":false,"is_daily":false,"chose_seed":false,"campfire_upgraded":8,"win_rate":0,"timestamp":1549341774,"path_taken":["M","?","?","M","M","R","M","R","T","M","M","$","R","?","R","BOSS","M","M","?","M","M","R","M","R","T","E","$","E","R","M","R","BOSS","M","M","?","?","$","R","R","?","T","?","R","?","R","E","R","BOSS"],"build_version":"2019-01-23","purchased_purges":1,"victory":false,"max_hp_per_floor":[71,71,71,71,71,71,71,71,71,71,71,71,71,71,71,71,71,73,75,75,75,77,77,77,77,77,77,77,77,77,77,77,77,81,81,83,83,83,83,83,83,83,83,83,83,83,83,85,85,85],"card_choices":[{"not_picked":["Conserve Battery","Force Field"],"picked":"Hologram","floor":1.0},{"not_picked":["Hologram","Aggregate"],"picked":"Self Repair","floor":4.0},{"not_picked":["Fission","Go for the Eyes"],"picked":"Gash","floor":5.0},{"not_picked":["Go for the Eyes","Leap","Turbo"],"picked":"SKIP","floor":7.0},{"not_picked":["Go for the Eyes","Leap","Turbo"],"picked":"SKIP","floor":7.0},{"not_picked":["Chill","Consume"],"picked":"Glacier","floor":10.0},{"not_picked":["Sweeping Beam","Melter"],"picked":"Static Discharge","floor":11.0},{"not_picked":["Machine Learning","Buffer"],"picked":"Thunder Strike+1","floor":16.0},{"not_picked":["Barrage+1","Stack","Conserve Battery"],"picked":"Singing Bowl","floor":18.0},{"not_picked":["Barrage+1","Fusion","Undo"],"picked":"Singing Bowl","floor":19.0},{"not_picked":["Conserve Battery","Rip and Tear+1"],"picked":"Ball Lightning+1","floor":21.0},{"not_picked":["Reprogram+1","Cold Snap+1","Leap"],"picked":"Singing Bowl","floor":22.0},{"not_picked":["Steam Power","Cold Snap+1"],"picked":"Gash+1","floor":24.0},{"not_picked":["Steam","Barrage+1"],"picked":"Ball Lightning+1","floor":27.0},{"not_picked":["Cold Snap+1","Streamline+1"],"picked":"Echo Form","floor":29.0},{"not_picked":["Compile Driver+1","Hello World"],"picked":"Scrape+1","floor":31.0},{"not_picked":["Buffer","Rainbow"],"picked":"Echo Form","floor":33.0},{"not_picked":["Streamline+1","Rebound+1"],"picked":"Defragment","floor":34.0},{"not_picked":["Barrage+1","Auto Shields"],"picked":"Hologram","floor":34.0},{"not_picked":["Go for the Eyes+1","Streamline+1"],"picked":"Hologram","floor":34.0},{"not_picked":["Compile Driver+1","Turbo","Cold Snap+1"],"picked":"Singing Bowl","floor":34.0},{"not_picked":["Beam Cell+1","Aggregate","Melter+1"],"picked":"Singing Bowl","floor":34.0},{"not_picked":["Turbo+1","Auto Shields"],"picked":"All For One+1","floor":35.0},{"not_picked":["Turbo","Hologram","Streamline+1"],"picked":"Singing Bowl","floor":36.0},{"not_picked":["Sweeping Beam+1","Leap","Compile Driver+1"],"picked":"Singing Bowl","floor":48}],"player_experience":1080743,"relics_obtained":[{"floor":3.0,"key":"Tiny Chest"},{"floor":9.0,"key":"Singing Bowl"},{"floor":27.0,"key":"Bag of Preparation"},{"floor":29.0,"key":"WingedGreaves"},{"floor":43.0,"key":"Anchor"},{"floor":48,"key":"Question Card"}],"event_choices":[{"damage_healed":0.0,"max_hp_gain":0.0,"max_hp_loss":0.0,"gold_gain":0.0,"event_name":"Shining Light","player_choice":"Entered Light","floor":2.0,"gold_loss":0.0,"damage_taken":21.0,"cards_upgraded":["Dualcast","Strike_B"]},{"damage_healed":0.0,"max_hp_gain":0.0,"max_hp_loss":0.0,"gold_gain":0.0,"event_name":"Scrap Ooze","player_choice":"Success","floor":14.0,"gold_loss":0.0,"damage_taken":11.0,"relics_obtained":["Molten Egg 2"]},{"damage_healed":0.0,"max_hp_gain":0.0,"max_hp_loss":0.0,"gold_gain":0.0,"event_name":"Drug Dealer","player_choice":"Inject Mutagens","floor":20.0,"gold_loss":0.0,"damage_taken":0.0,"relics_obtained":["MutagenicStrength"]},{"damage_healed":0.0,"max_hp_gain":0.0,"max_hp_loss":0.0,"gold_gain":50.0,"event_name":"Golden Shrine","player_choice":"Pray","floor":37.0,"gold_loss":0.0,"damage_taken":0.0},{"damage_healed":0.0,"max_hp_gain":0.0,"max_hp_loss":0.0,"gold_gain":0.0,"event_name":"Tomb of Lord Red Mask","player_choice":"Paid","floor":42.0,"gold_loss":140.0,"damage_taken":0.0,"relics_obtained":["Red Mask"]},{"damage_healed":0.0,"max_hp_gain":0.0,"max_hp_loss":0.0,"gold_gain":50.0,"event_name":"FaceTrader","player_choice":"Touch","floor":46.0,"gold_loss":0.0,"damage_taken":8.0}],"is_beta":true,"boss_relics":[{"not_picked":["White Beast Statue","Busted Crown"],"picked":"Astrolabe"},{"not_picked":["Tiny House","Black Star"],"picked":"Orrery"}],"items_purged_floors":[12],"is_endless":false,"potions_floor_spawned":[4,7,10,11,19,24,27,33,35,38],"killed_by":"Awakened One","ascension_level":20}