{"gold_per_floor":[117,130,130,280,280,349,365,383,406,444,153,186,209,250,250,346,346,364,379,429,429],"floor_reached":21,"playtime":717,"items_purged":["Doubt"],"score":468,"play_id":"dbdeef06-30e7-4a89-9486-5cb90ad1ce7e","local_time":"20190207223512","is_ascension_mode":true,"campfire_choices":[{"floor":15.0,"key":"REST"}],"neow_cost":"NONE","seed_source_timestamp":1316281434172593,"circlet_count":0,"master_deck":["AscendersBane","Zap+1","Dualcast","Ball Lightning","Hologram","Core Surge","Ball Lightning","Conserve Battery","Steam","Buffer","Genetic Algorithm","Steam","Echo Form","Rebound","Sweeping Beam","Genetic Algorithm","Thunder Strike","Blizzard","Turbo+1","Self Repair"],"special_seed":0,"relics":["Cracked Core","NeowsBlessing","Golden Idol","Tiny Chest","Centennial Puzzle","Potion Belt","DataDisk","Mercury Hourglass","Gremlin Horn","Pandora\u0027s Box"],"potions_floor_usage":[],"damage_taken":[{"damage":0.0,"enemies":"Jaw Worm","floor":1.0,"turns":1.0},{"damage":0.0,"enemies":"Small Slimes","floor":2.0,"turns":1.0},{"damage":0.0,"enemies":"Lagavulin","floor":6.0,"turns":1.0},{"damage":1.0,"enemies":"Cultist","floor":7.0,"turns":3.0},{"damage":14.0,"enemies":"Exordium Wildlife","floor":8.0,"turns":4.0},{"damage":8.0,"enemies":"Gremlin Nob","floor":10.0,"turns":3.0},{"damage":22.0,"enemies":"3 Sentries","floor":12.0,"turns":5.0},{"damage":2.0,"enemies":"Exordium Thugs","floor":13.0,"turns":3.0},{"damage":10.0,"enemies":"Lagavulin","floor":14.0,"turns":7.0},{"damage":8.0,"enemies":"Hexaghost","floor":16.0,"turns":7.0},{"damage":10,"enemies":"Chosen","floor":18,"turns":5},{"damage":24,"enemies":"2 Thieves","floor":19,"turns":3},{"damage":15,"enemies":"Sentry and Sphere","floor":21,"turns":3}],"seed_played":"1061768647128970787","potions_obtained":[{"floor":1.0,"key":"Swift Potion"},{"floor":6.0,"key":"Swift Potion"},{"floor":7.0,"key":"Strength Potion"},{"floor":12.0,"key":"FocusPotion"},{"floor":16.0,"key":"PowerPotion"}],"is_trial":false,"path_per_floor":["M","M","?","?","?","E","M","M","T","E","$","E","M","E","R","B",null,"M","M","?","M"],"character_chosen":"DEFECT","items_purchased":["DataDisk","PowerPotion"],"campfire_rested":1,"item_purchase_floors":[11,11],"current_hp_per_floor":[64,64,64,64,64,64,63,49,49,41,41,19,17,7,26,18,53,43,19,19,4],"gold":429,"neow_bonus":"THREE_ENEMY_KILL","is_prod":false,"is_daily":false,"chose_seed":false,"campfire_upgraded":0,"win_rate":0,"timestamp":1549607712,"path_taken":["M","M","?","?","?","E","M","M","T","E","$","E","M","E","R","BOSS","M","M","?","M"],"build_version":"2019-02-06","purchased_purges":1,"victory":false,"max_hp_per_floor":[71,71,71,71,64,64,64,64,64,64,64,64,64,64,64,64,64,64,64,64,64],"card_choices":[{"not_picked":["Loop","Redo"],"picked":"Ball Lightning","floor":1.0},{"not_picked":["Recycle","Redo","Barrage"],"picked":"SKIP","floor":2.0},{"not_picked":["Gash","Redo"],"picked":"Hologram","floor":6.0},{"not_picked":["Recycle","Hologram"],"picked":"Core Surge","floor":7.0},{"not_picked":["Go for the Eyes","Steam"],"picked":"Ball Lightning","floor":8.0},{"not_picked":["FTL","Beam Cell","Steam Power"],"picked":"SKIP","floor":10.0},{"not_picked":["Machine Learning","FTL"],"picked":"Conserve Battery","floor":12.0},{"not_picked":["Steam","Skim","Lockon"],"picked":"SKIP","floor":13.0},{"not_picked":["Skim","Lockon"],"picked":"Steam","floor":13.0},{"not_picked":["Streamline","Undo","Conserve Battery"],"picked":"SKIP","floor":14.0},{"not_picked":["All For One","Meteor Strike"],"picked":"Buffer","floor":16.0},{"not_picked":["Streamline","Ball Lightning"],"picked":"Turbo+1","floor":18},{"not_picked":["Darkness","Redo+1"],"picked":"Self Repair","floor":19}],"player_experience":1103955,"relics_obtained":[{"floor":6.0,"key":"Tiny Chest"},{"floor":9.0,"key":"Centennial Puzzle"},{"floor":10.0,"key":"Potion Belt"},{"floor":12.0,"key":"Mercury Hourglass"},{"floor":14.0,"key":"Gremlin Horn"}],"event_choices":[{"damage_healed":0.0,"max_hp_gain":0.0,"max_hp_loss":0.0,"gold_gain":0.0,"event_name":"Living Wall","player_choice":"Grow","floor":3.0,"gold_loss":0.0,"damage_taken":0.0,"cards_upgraded":["Zap"]},{"damage_healed":0.0,"max_hp_gain":0.0,"max_hp_loss":0.0,"gold_gain":150.0,"event_name":"Liars Game","player_choice":"AGREE","floor":4.0,"gold_loss":0.0,"damage_taken":0.0,"cards_obtained":["Doubt"]},{"damage_healed":0.0,"max_hp_gain":0.0,"max_hp_loss":7.0,"gold_gain":0.0,"event_name":"Golden Idol","player_choice":"Lose Max HP","floor":5.0,"gold_loss":0.0,"damage_taken":0.0,"relics_obtained":["Golden Idol"]},{"damage_healed":0,"gold_gain":50,"player_choice":"Stole From Cult","damage_taken":0,"max_hp_gain":0,"max_hp_loss":0,"event_name":"Nest","floor":20,"gold_loss":0}],"is_beta":true,"boss_relics":[{"not_picked":["Runic Dome","Astrolabe"],"picked":"Pandora\u0027s Box"}],"items_purged_floors":[11],"is_endless":false,"potions_floor_spawned":[1,6,7,12,16],"killed_by":"Sentry and Sphere","ascension_level":20}