{"gold_per_floor":[118,118,133,158,179,220,220,244,244,264,264,26,49,65,65,189,189,205,205,205,218,218],"floor_reached":22,"playtime":1146,"items_purged":[],"score":190,"play_id":"8eb150ea-55b4-4fd5-865b-743e4fbe4c4e","local_time":"20190417232544","is_ascension_mode":false,"campfire_choices":[{"floor":7,"key":"REST"},{"floor":15,"key":"REST"}],"neow_cost":"NONE","seed_source_timestamp":124677099705788,"circlet_count":0,"master_deck":["Strike_B","Strike_B","Strike_B","Strike_B","Defend_B+1","Defend_B+1","Defend_B","Defend_B","Zap","Dualcast","Creative AI","Compile Driver","Injury","Conserve Battery","Ball Lightning","Go for the Eyes","Sweeping Beam","Sweeping Beam","Rebound","Capacitor","Barrage","Loop","Static Discharge","Buffer","Sunder","BootSequence"],"relics":["Cracked Core","Golden Idol","Sundial","Potion Belt","War Paint","Inserter","Ancient Tea Set","FaceOfCleric"],"potions_floor_usage":[5],"damage_taken":[{"damage":8,"enemies":"Jaw Worm","floor":1,"turns":3},{"damage":5,"enemies":"Small Slimes","floor":3,"turns":3},{"damage":6,"enemies":"2 Louse","floor":4,"turns":3},{"damage":10,"enemies":"Gremlin Gang","floor":5,"turns":5},{"damage":27,"enemies":"Gremlin Nob","floor":6,"turns":4},{"damage":1,"enemies":"2 Fungi Beasts","floor":8,"turns":3},{"damage":5,"enemies":"Looter","floor":10,"turns":4},{"damage":4,"enemies":"3 Louse","floor":13,"turns":3},{"damage":8,"enemies":"Large Slime","floor":14,"turns":5},{"damage":68,"enemies":"The Guardian","floor":16,"turns":9},{"damage":16,"enemies":"Chosen","floor":18,"turns":5},{"damage":32,"enemies":"3 Byrds","floor":21,"turns":4},{"damage":29,"enemies":"3 Cultists","floor":22,"turns":3}],"seed_played":"-2699643989810863830","potions_obtained":[{"floor":3,"key":"Dexterity Potion"},{"floor":6,"key":"Block Potion"},{"floor":8,"key":"Swift Potion"},{"floor":10,"key":"Swift Potion"},{"floor":18,"key":"EssenceOfSteel"}],"is_trial":false,"path_per_floor":["M","?","M","M","M","E","R","M","T","M","?","$","M","M","R","B",null,"M","?","?","M","M"],"character_chosen":"DEFECT","items_purchased":["Capacitor","War Paint","Barrage"],"campfire_rested":2,"item_purchase_floors":[12,12,12],"current_hp_per_floor":[67,67,62,56,46,19,41,40,40,35,60,60,56,48,70,2,75,59,59,59,28,0],"gold":218,"neow_bonus":"ONE_RANDOM_RARE_CARD","is_prod":false,"is_daily":false,"chose_seed":false,"campfire_upgraded":0,"win_rate":0.0,"timestamp":1555523744,"path_taken":["M","?","M","M","M","E","R","M","T","M","?","$","M","M","R","BOSS","M","?","?","M","?"],"build_version":"2019-01-23","purchased_purges":0,"victory":false,"max_hp_per_floor":[75,75,75,75,75,75,75,75,75,75,75,75,75,75,75,75,75,75,75,75,76,76],"card_choices":[{"not_picked":["Beam Cell","Turbo"],"picked":"Compile Driver","floor":1},{"not_picked":["Melter","Heatsinks"],"picked":"Conserve Battery","floor":3},{"not_picked":["Storm","Rip and Tear"],"picked":"Ball Lightning","floor":4},{"not_picked":["Redo","Gash"],"picked":"Go for the Eyes","floor":5},{"not_picked":["Beam Cell","Steam"],"picked":"Sweeping Beam","floor":6},{"not_picked":["Turbo","Cold Snap"],"picked":"Sweeping Beam","floor":8},{"not_picked":["Creative AI","Turbo"],"picked":"Rebound","floor":10},{"not_picked":["Chill","Fusion"],"picked":"Loop","floor":13},{"not_picked":["Aggregate","Streamline"],"picked":"Static Discharge","floor":14},{"not_picked":["Fission","Seek"],"picked":"Buffer","floor":16},{"not_picked":["Gash","Rip and Tear+1"],"picked":"Sunder","floor":18},{"not_picked":["Redo","Blizzard"],"picked":"BootSequence","floor":21}],"player_experience":26982,"relics_obtained":[{"floor":6,"key":"Sundial"},{"floor":9,"key":"Potion Belt"}],"event_choices":[{"damage_healed":0,"gold_gain":0,"player_choice":"Take Wound","damage_taken":0,"relics_obtained":["Golden Idol"],"max_hp_gain":0,"max_hp_loss":0,"event_name":"Golden Idol","floor":2,"gold_loss":0,"cards_obtained":["Injury"]},{"damage_healed":25,"gold_gain":0,"player_choice":"Banana","damage_taken":0,"max_hp_gain":0,"max_hp_loss":0,"event_name":"Big Fish","floor":11,"gold_loss":0},{"damage_healed":0,"gold_gain":0,"player_choice":"Opened","damage_taken":0,"relics_obtained":["Ancient Tea Set"],"max_hp_gain":0,"max_hp_loss":0,"event_name":"The Mausoleum","floor":19,"gold_loss":0},{"damage_healed":0,"gold_gain":0,"player_choice":"Trade","damage_taken":0,"relics_obtained":["FaceOfCleric"],"max_hp_gain":0,"max_hp_loss":0,"event_name":"FaceTrader","floor":20,"gold_loss":0}],"is_beta":false,"boss_relics":[{"not_picked":["Orrery","Eternal Feather"],"picked":"Inserter"}],"items_purged_floors":[],"is_endless":false,"potions_floor_spawned":[3,6,8,10,18],"killed_by":"3 Cultists","ascension_level":0}