{"gold_per_floor":[112,125,15,33,33,58,58,58,83,113,113,145,156,190,202,214],"floor_reached":16,"playtime":567,"items_purged":[],"score":256,"play_id":"1f722ebf-f776-4ed6-a360-471fa89aeb24","local_time":"20190314234936","is_ascension_mode":true,"campfire_choices":[{"floor":7.0,"key":"REST"},{"data":"Hologram","floor":15,"key":"SMITH"}],"neow_cost":"NONE","seed_source_timestamp":0,"circlet_count":0,"master_deck":["AscendersBane","Strike_B","Strike_B","Strike_B","Strike_B","Defend_B+1","Defend_B","Defend_B+1","Defend_B","Zap","Dualcast","Gash","Hologram+1","Gash","Ball Lightning","Ball Lightning","Coolheaded","FTL","Conserve Battery"],"special_seed":0,"relics":["Cracked Core","Omamori","Art of War","Ginger","Pantograph","Blood Vial","MawBank"],"potions_floor_usage":[10,10,12,16],"damage_taken":[{"damage":1.0,"enemies":"Small Slimes","floor":1.0,"turns":3.0},{"damage":1.0,"enemies":"2 Louse","floor":2.0,"turns":3.0},{"damage":7.0,"enemies":"Jaw Worm","floor":4.0,"turns":3.0},{"damage":8.0,"enemies":"3 Sentries","floor":6.0,"turns":6.0},{"damage":8,"enemies":"Gremlin Nob","floor":10,"turns":3},{"damage":11,"enemies":"Lagavulin","floor":12,"turns":8},{"damage":6,"enemies":"Looter","floor":13,"turns":2},{"damage":10,"enemies":"3 Sentries","floor":14,"turns":8},{"damage":47,"enemies":"Slime Boss","floor":16,"turns":5}],"seed_played":"6876089473317237053","potions_obtained":[{"floor":0.0,"key":"EntropicBrew"},{"floor":0.0,"key":"Swift Potion"},{"floor":1.0,"key":"PowerPotion"},{"floor":12,"key":"Ancient Potion"},{"floor":13,"key":"Weak Potion"}],"is_trial":false,"path_per_floor":["M","M","$","M","?","E","R","?","T","E","T","E","M","E","R","B"],"character_chosen":"DEFECT","items_purchased":["Hologram","Gash"],"campfire_rested":1,"item_purchase_floors":[3,3],"current_hp_per_floor":[63,62,62,55,34,26,47,47,47,39,39,28,24,16,16,0],"gold":214,"neow_bonus":"THREE_SMALL_POTIONS","is_prod":false,"is_daily":false,"chose_seed":false,"campfire_upgraded":1,"win_rate":0,"timestamp":1552632576,"path_taken":["M","M","$","M","?","E","R","?","T","E","?","E","M","E","R","BOSS"],"build_version":"2019-02-06","purchased_purges":0,"victory":false,"max_hp_per_floor":[71,71,71,71,71,71,71,71,71,71,71,71,71,71,71,71],"card_choices":[{"not_picked":["Leap","BootSequence"],"picked":"Gash","floor":1.0},{"not_picked":["Fusion","Stack","Steam"],"picked":"SKIP","floor":2.0},{"not_picked":["Coolheaded","Tempest"],"picked":"Ball Lightning","floor":4.0},{"not_picked":["Recycle","Tempest"],"picked":"Ball Lightning","floor":6.0},{"not_picked":["Ball Lightning","Rainbow"],"picked":"Coolheaded","floor":10},{"not_picked":["Cold Snap","Redo"],"picked":"FTL","floor":12},{"not_picked":["Melter","Lockon","Rebound"],"picked":"SKIP","floor":13},{"not_picked":["Capacitor","Auto Shields"],"picked":"Conserve Battery","floor":14}],"player_experience":1358273,"relics_obtained":[{"floor":6.0,"key":"Omamori"},{"floor":9,"key":"Art of War"},{"floor":10,"key":"Ginger"},{"floor":11,"key":"Pantograph"},{"floor":12,"key":"Blood Vial"},{"floor":14,"key":"MawBank"}],"event_choices":[{"damage_healed":0.0,"max_hp_gain":0.0,"max_hp_loss":0.0,"gold_gain":0.0,"event_name":"Shining Light","player_choice":"Entered Light","floor":5.0,"gold_loss":0.0,"damage_taken":21.0,"cards_upgraded":["Defend_B","Defend_B"]},{"damage_healed":0,"gold_gain":0,"player_choice":"Fled","damage_taken":0,"max_hp_gain":0,"max_hp_loss":0,"event_name":"Scrap Ooze","floor":8,"gold_loss":0}],"is_beta":true,"boss_relics":[],"items_purged_floors":[],"is_endless":false,"potions_floor_spawned":[1,4,12,13],"killed_by":"Slime Boss","ascension_level":20}