{"gold_per_floor":[121,308,338,350,362,374,404,426,438,450,476,502,526,552,564,576],"floor_reached":16,"playtime":769,"items_purged":[],"score":96,"play_id":"e22bf584-0dd5-4686-9ca5-dd82acb2fff2","local_time":"20190418193338","is_ascension_mode":false,"campfire_choices":[{"data":"Conserve Battery","floor":6,"key":"SMITH"},{"data":"Consume","floor":10,"key":"SMITH"},{"floor":15,"key":"REST"}],"neow_cost":"NONE","seed_source_timestamp":197533653676580,"circlet_count":0,"master_deck":["Strike_B","Strike_B","Strike_B","Strike_B","Defend_B","Defend_B","Defend_B","Defend_B","Zap","Dualcast","Compile Driver","Conserve Battery+1","Consume+1","Biased Cognition","Cold Snap","Defragment","Leap"],"relics":["Cracked Core","MawBank","Bottled Lightning"],"potions_floor_usage":[16,16,16],"damage_taken":[{"damage":6,"enemies":"Jaw Worm","floor":1,"turns":3},{"damage":0,"enemies":"2 Louse","floor":3,"turns":2},{"damage":5,"enemies":"Small Slimes","floor":7,"turns":3},{"damage":26,"enemies":"Gremlin Gang","floor":8,"turns":6},{"damage":10,"enemies":"Looter","floor":11,"turns":4},{"damage":8,"enemies":"Lots of Slimes","floor":12,"turns":4},{"damage":8,"enemies":"Red Slaver","floor":13,"turns":3},{"damage":0,"enemies":"Large Slime","floor":14,"turns":4},{"damage":36,"enemies":"Hexaghost","floor":16,"turns":14}],"seed_played":"-3716028240789123937","potions_obtained":[{"floor":3,"key":"GamblersBrew"},{"floor":8,"key":"FearPotion"},{"floor":11,"key":"Poison Potion"}],"is_trial":false,"path_per_floor":["M","?","M","?","?","R","M","M","T","R","M","M","M","M","R","B"],"character_chosen":"DEFECT","items_purchased":[],"campfire_rested":1,"item_purchase_floors":[],"current_hp_per_floor":[69,69,69,74,67,67,62,36,36,36,26,18,10,10,34,0],"gold":576,"neow_bonus":"RANDOM_COMMON_RELIC","is_prod":false,"is_daily":false,"chose_seed":false,"campfire_upgraded":2,"win_rate":0.0,"timestamp":1555596218,"path_taken":["M","?","M","?","?","R","M","M","T","R","M","M","M","M","R","BOSS"],"build_version":"2019-01-23","purchased_purges":0,"victory":false,"max_hp_per_floor":[75,75,75,80,80,80,80,80,80,80,80,80,80,80,80,80],"card_choices":[{"not_picked":["Steam","Barrage"],"picked":"Compile Driver","floor":1},{"not_picked":["Streamline","Force Field"],"picked":"Conserve Battery","floor":3},{"not_picked":["Sweeping Beam","Stack"],"picked":"Consume","floor":7},{"not_picked":["Barrage","Conserve Battery"],"picked":"Biased Cognition","floor":8},{"not_picked":["Stack","Rebound"],"picked":"Cold Snap","floor":11},{"not_picked":["Steam","Storm","Fusion"],"picked":"SKIP","floor":12},{"not_picked":["Beam Cell","Go for the Eyes"],"picked":"Defragment","floor":13},{"not_picked":["Barrage","Steam"],"picked":"Leap","floor":14}],"player_experience":53770,"relics_obtained":[{"floor":9,"key":"Bottled Lightning"}],"event_choices":[{"damage_healed":0,"gold_gain":175,"player_choice":"AGREE","damage_taken":0,"max_hp_gain":0,"max_hp_loss":0,"event_name":"Liars Game","floor":2,"gold_loss":0,"cards_obtained":["Doubt"]},{"damage_healed":0,"gold_gain":0,"player_choice":"Donut","damage_taken":0,"max_hp_gain":5,"max_hp_loss":0,"event_name":"Big Fish","floor":4,"gold_loss":0},{"cards_removed":["Doubt"],"damage_healed":0,"gold_gain":0,"player_choice":"Card Removal","damage_taken":7,"max_hp_gain":0,"max_hp_loss":0,"event_name":"Golden Wing","floor":5,"gold_loss":0}],"is_beta":false,"boss_relics":[],"items_purged_floors":[],"is_endless":false,"potions_floor_spawned":[3,8,11],"killed_by":"Hexaghost","ascension_level":0}