{"gold_per_floor":[114,133,147,163,163,193,211,211,211,211,244,244,300,300,300,401,401,414,289,289,107,107,107,107,137,137,137,137],"floor_reached":28,"playtime":777,"items_purged":["Strike_B"],"score":290,"play_id":"f05f5065-718d-469c-ac84-f4a1eed68129","local_time":"20190424022845","is_ascension_mode":true,"campfire_choices":[{"data":"Beam Cell","floor":8,"key":"SMITH"},{"data":"Buffer","floor":15,"key":"SMITH"},{"data":"Defragment","floor":23,"key":"SMITH"}],"neow_cost":"NONE","seed_source_timestamp":1099347733874426,"circlet_count":0,"master_deck":["Strike_B+1","Strike_B+1","Strike_B+1","Defend_B+1","Defend_B+1","Defend_B+1","Defend_B+1","Zap","Dualcast","Conserve Battery","FTL","Go for the Eyes","Beam Cell+1","Streamline","Self Repair","Buffer+1","Reboot","Self Repair","Sweeping Beam","Defragment+1","Gash","Echo Form"],"relics":["Cracked Core","Pen Nib","Juzu Bracelet","Pear","WarpedTongs","Nunchaku","Eternal Feather","Boot","Shuriken","Girya","Smiling Mask"],"potions_floor_usage":[6,16,28],"damage_taken":[{"damage":7,"enemies":"Jaw Worm","floor":1,"turns":3},{"damage":1,"enemies":"2 Louse","floor":2,"turns":2},{"damage":1,"enemies":"Cultist","floor":3,"turns":3},{"damage":2,"enemies":"2 Fungi Beasts","floor":4,"turns":3},{"damage":18,"enemies":"Lagavulin","floor":6,"turns":7},{"damage":16,"enemies":"Lots of Slimes","floor":7,"turns":4},{"damage":15,"enemies":"3 Sentries","floor":11,"turns":5},{"damage":23,"enemies":"Slime Boss","floor":16,"turns":11},{"damage":27,"enemies":"3 Byrds","floor":18,"turns":6},{"damage":26,"enemies":"Gremlin Leader","floor":25,"turns":8},{"damage":77,"enemies":"Book of Stabbing","floor":28,"turns":5}],"seed_played":"-4383315392139247174","potions_obtained":[{"floor":3,"key":"Block Potion"},{"floor":6,"key":"Ancient Potion"},{"floor":11,"key":"FocusPotion"},{"floor":16,"key":"GamblersBrew"},{"floor":18,"key":"SpeedPotion"}],"is_trial":false,"path_per_floor":["M","M","M","M","?","E","M","R","T","?","E","?","?","?","R","B",null,"M","$","?","$","?","R","?","E","T","T","E"],"character_chosen":"DEFECT","items_purchased":["Sweeping Beam","Boot","Defragment"],"campfire_rested":0,"item_purchase_floors":[19,21,21],"current_hp_per_floor":[68,67,66,64,57,39,23,23,33,33,25,25,25,25,25,12,85,68,68,68,68,68,80,80,71,71,71,0],"gold":137,"neow_bonus":"UPGRADE_CARD","is_prod":false,"is_daily":false,"chose_seed":false,"campfire_upgraded":3,"win_rate":0,"timestamp":1556069325,"path_taken":["M","M","M","M","?","E","M","R","T","?","E","?","?","?","R","BOSS","M","$","?","?","?","R","?","E","T","?","E"],"build_version":"2019-01-23","purchased_purges":1,"victory":false,"max_hp_per_floor":[75,75,75,75,75,75,75,75,85,85,85,85,85,85,85,85,85,85,85,85,85,85,85,85,85,85,85,85],"card_choices":[{"not_picked":["Compile Driver","Hologram"],"picked":"Conserve Battery","floor":1},{"not_picked":["Hologram","Streamline"],"picked":"FTL","floor":2},{"not_picked":["Hologram","Leap"],"picked":"Go for the Eyes","floor":3},{"not_picked":["Hyperbeam","Reprogram"],"picked":"Beam Cell","floor":4},{"not_picked":["Rip and Tear","Redo"],"picked":"Streamline","floor":6},{"not_picked":["Cold Snap","Stack"],"picked":"Self Repair","floor":7},{"not_picked":["Ball Lightning","Steam Power","Barrage"],"picked":"SKIP","floor":11},{"not_picked":["Creative AI","Electrodynamics"],"picked":"Reboot","floor":16},{"not_picked":["Cold Snap","White Noise"],"picked":"Self Repair","floor":18},{"not_picked":["Streamline","FTL"],"picked":"Echo Form","floor":25}],"player_experience":449807,"relics_obtained":[{"floor":6,"key":"Juzu Bracelet"},{"floor":9,"key":"Pear"},{"floor":11,"key":"Nunchaku"},{"floor":25,"key":"Shuriken"},{"floor":26,"key":"Girya"},{"floor":27,"key":"Smiling Mask"}],"event_choices":[{"damage_healed":0,"gold_gain":0,"player_choice":"Success","damage_taken":7,"relics_obtained":["Pen Nib"],"max_hp_gain":0,"max_hp_loss":0,"event_name":"Scrap Ooze","floor":5,"gold_loss":0},{"damage_healed":0,"gold_gain":0,"player_choice":"Rummage","damage_taken":0,"relics_obtained":["WarpedTongs"],"max_hp_gain":0,"max_hp_loss":0,"event_name":"Accursed Blacksmith","floor":10,"gold_loss":0,"cards_obtained":["Pain"]},{"cards_removed":["Pain"],"damage_healed":0,"gold_gain":0,"player_choice":"Forget","damage_taken":0,"max_hp_gain":0,"max_hp_loss":0,"event_name":"Living Wall","floor":12,"gold_loss":0},{"damage_healed":0,"gold_gain":56,"player_choice":"Gained Gold","damage_taken":0,"max_hp_gain":0,"max_hp_loss":0,"event_name":"Golden Wing","floor":13,"gold_loss":0},{"damage_healed":0,"gold_gain":0,"player_choice":"1 cards matched","damage_taken":0,"max_hp_gain":0,"max_hp_loss":0,"event_name":"Match and Keep!","floor":14,"gold_loss":0,"cards_obtained":["Buffer"]},{"damage_healed":0,"gold_gain":0,"player_choice":"Got Potions","damage_taken":0,"max_hp_gain":0,"max_hp_loss":0,"event_name":"Lab","floor":20,"gold_loss":0},{"damage_healed":0,"gold_gain":0,"player_choice":"Read","damage_taken":0,"max_hp_gain":0,"max_hp_loss":0,"event_name":"The Library","floor":22,"gold_loss":0,"cards_obtained":["Gash"]},{"damage_healed":0,"gold_gain":0,"player_choice":"Simplicity","damage_taken":0,"max_hp_gain":0,"max_hp_loss":0,"event_name":"Back to Basics","floor":24,"gold_loss":0,"cards_upgraded":["Strike_B","Strike_B","Strike_B","Defend_B","Defend_B","Defend_B"]}],"is_beta":false,"boss_relics":[{"not_picked":["White Beast Statue","Orrery"],"picked":"Eternal Feather"}],"items_purged_floors":[19],"is_endless":false,"potions_floor_spawned":[3,6,11,16,18,25],"killed_by":"Book of Stabbing","ascension_level":4}