{"gold_per_floor":[215,26,26,39,53,84,259,278,304,304,10,10,10,41,41,41],"floor_reached":16,"playtime":420,"items_purged":["Strike_B"],"score":130,"play_id":"2eb01511-8e55-4b2d-8034-9cceaa140b6b","local_time":"20190424020803","is_ascension_mode":true,"campfire_choices":[{"data":"White Noise","floor":10,"key":"SMITH"},{"data":"Conserve Battery","floor":12,"key":"SMITH"},{"data":"Self Repair","floor":15,"key":"SMITH"}],"neow_cost":"NONE","seed_source_timestamp":1098463135871766,"circlet_count":0,"master_deck":["Strike_B","Strike_B+1","Strike_B","Defend_B","Defend_B","Defend_B","Defend_B","Zap","Dualcast","Capacitor+1","Ball Lightning","Conserve Battery+1","Doubt","White Noise+1","Self Repair+1"],"relics":["Cracked Core","Tiny Chest","Orichalcum","Strawberry","Pocketwatch","Ancient Tea Set"],"potions_floor_usage":[6,16],"damage_taken":[{"damage":2,"enemies":"Jaw Worm","floor":1,"turns":3},{"damage":4,"enemies":"Small Slimes","floor":4,"turns":3},{"damage":1,"enemies":"Cultist","floor":5,"turns":3},{"damage":18,"enemies":"Lagavulin","floor":6,"turns":7},{"damage":1,"enemies":"Exordium Thugs","floor":8,"turns":4},{"damage":22,"enemies":"Gremlin Nob","floor":14,"turns":4},{"damage":34,"enemies":"The Guardian","floor":16,"turns":10}],"seed_played":"-7389542453809264278","potions_obtained":[{"floor":5,"key":"Regen Potion"},{"floor":6,"key":"SneckoOil"},{"floor":8,"key":"LiquidBronze"}],"is_trial":false,"path_per_floor":["M","$","?","M","M","E","?","M","T","R","$","R","$","E","R","B"],"character_chosen":"DEFECT","items_purchased":["Tiny Chest","Pocketwatch"],"campfire_rested":0,"item_purchase_floors":[2,11],"current_hp_per_floor":[73,73,58,54,53,49,49,48,55,55,55,55,55,33,33,0],"gold":41,"neow_bonus":"HUNDRED_GOLD","is_prod":false,"is_daily":false,"chose_seed":false,"campfire_upgraded":3,"win_rate":0,"timestamp":1556068083,"path_taken":["M","$","?","M","M","E","?","M","T","R","$","R","?","E","R","BOSS"],"build_version":"2019-01-23","purchased_purges":1,"victory":false,"max_hp_per_floor":[75,75,75,75,75,75,75,75,82,82,82,82,82,82,82,82],"card_choices":[{"not_picked":["Compile Driver","Rebound"],"picked":"Capacitor","floor":1},{"not_picked":["Double Energy","Melter"],"picked":"Ball Lightning","floor":4},{"not_picked":["Leap","Static Discharge"],"picked":"Conserve Battery","floor":5},{"not_picked":["Fusion","Steam","Gash"],"picked":"SKIP","floor":6},{"not_picked":["Hologram","Machine Learning"],"picked":"White Noise","floor":8},{"not_picked":["Turbo","Hologram"],"picked":"Self Repair","floor":14}],"player_experience":448943,"relics_obtained":[{"floor":6,"key":"Orichalcum"},{"floor":9,"key":"Strawberry"},{"floor":14,"key":"Ancient Tea Set"}],"event_choices":[{"damage_healed":0,"gold_gain":0,"player_choice":"Entered Light","damage_taken":15,"max_hp_gain":0,"max_hp_loss":0,"event_name":"Shining Light","floor":3,"gold_loss":0,"cards_upgraded":["Strike_B","Capacitor"]},{"damage_healed":0,"gold_gain":175,"player_choice":"AGREE","damage_taken":0,"max_hp_gain":0,"max_hp_loss":0,"event_name":"Liars Game","floor":7,"gold_loss":0,"cards_obtained":["Doubt"]}],"is_beta":false,"boss_relics":[],"items_purged_floors":[2],"is_endless":false,"potions_floor_spawned":[5,6,8],"killed_by":"The Guardian","ascension_level":4}