{"gold_per_floor":[111,111,130,180,191,220,243,288,352,364,376,388,360,400,412,497,509,537,563,575,600,626,638,665,677,715,777,789,91,116,13,13,85,85,99,99,114,14,14],"floor_reached":39,"playtime":1471,"items_purged":["Strike_R+1","Strike_R+1","Defend_R"],"score":834,"play_id":"96c59565-d965-4ee8-a1ad-dd69214d5923","local_time":"20190330023613","is_ascension_mode":true,"campfire_choices":[{"data":"Whirlwind","floor":10.0,"key":"SMITH"},{"floor":12.0,"key":"REST"},{"data":"Spot Weakness","floor":15.0,"key":"SMITH"},{"data":"Limit Break","floor":23,"key":"SMITH"},{"data":"Disarm","floor":25,"key":"SMITH"},{"data":"Feed","floor":32,"key":"SMITH"}],"neow_cost":"NONE","seed_source_timestamp":5313909751471,"circlet_count":0,"master_deck":["AscendersBane","Strike_R+1","Defend_R","Defend_R","Defend_R","Bash","Thunderclap+1","Whirlwind+1","Flame Barrier","Spot Weakness+1","Shrug It Off","Limit Break+1","Shrug It Off","Shockwave","Disarm+1","Iron Wave","Feed+1","Flash of Steel","Sword Boomerang","Limit Break","Battle Trance","Headbutt","Shrug It Off","True Grit","Armaments+1"],"special_seed":0,"relics":["Burning Blood","NeowsBlessing","MawBank","The Courier","Bag of Preparation","Blue Candle","Gambling Chip","Mark of Pain","Nloth\u0027s Gift","Whetstone","Kunai","Tiny Chest","Ice Cream","Paper Frog","Orrery"],"potions_floor_usage":[],"damage_taken":[{"damage":0.0,"enemies":"Small Slimes","floor":1.0,"turns":1.0},{"damage":0.0,"enemies":"Jaw Worm","floor":3.0,"turns":1.0},{"damage":0.0,"enemies":"Cultist","floor":5.0,"turns":1.0},{"damage":20.0,"enemies":"3 Sentries","floor":6.0,"turns":6.0},{"damage":5.0,"enemies":"2 Fungi Beasts","floor":7.0,"turns":4.0},{"damage":27.0,"enemies":"Gremlin Nob","floor":8.0,"turns":4.0},{"damage":38.0,"enemies":"Lagavulin","floor":14.0,"turns":8.0},{"damage":5.0,"enemies":"The Guardian","floor":16.0,"turns":11.0},{"damage":22,"enemies":"2 Thieves","floor":18,"turns":2},{"damage":0,"enemies":"3 Byrds","floor":19,"turns":3},{"damage":3,"enemies":"Centurion and Healer","floor":21,"turns":5},{"damage":3,"enemies":"3 Cultists","floor":22,"turns":4},{"damage":5,"enemies":"Snake Plant","floor":24,"turns":4},{"damage":12,"enemies":"Book of Stabbing","floor":30,"turns":6},{"damage":19,"enemies":"Champ","floor":33,"turns":14},{"damage":33,"enemies":"Orb Walker","floor":35,"turns":5},{"damage":16,"enemies":"3 Darklings","floor":37,"turns":5},{"damage":27,"enemies":"Maw","floor":39,"turns":4}],"seed_played":"-9090317732257609077","potions_obtained":[{"floor":1.0,"key":"PowerPotion"},{"floor":5.0,"key":"Weak Potion"},{"floor":13.0,"key":"FearPotion"},{"floor":13.0,"key":"GamblersBrew"},{"floor":14.0,"key":"Dexterity Potion"},{"floor":18,"key":"AttackPotion"},{"floor":30,"key":"Strength Potion"}],"is_trial":false,"path_per_floor":["M","?","M","T","M","E","M","E","T","R","?","R","?","E","R","B",null,"M","M","?","M","M","R","M","R","T","?","?","$","E","$","R","B",null,"M","?","M","$","M"],"character_chosen":"IRONCLAD","items_purchased":["Kunai","Tiny Chest","Ice Cream","Flash of Steel","Sword Boomerang"],"campfire_rested":1,"item_purchase_floors":[29,29,29,29,31],"current_hp_per_floor":[74,51,57,57,63,49,50,29,29,29,24,46,46,14,14,15,60,44,50,50,53,56,56,57,57,57,57,57,57,54,54,54,41,69,42,32,26,26,0],"gold":14,"neow_bonus":"THREE_ENEMY_KILL","is_prod":false,"is_daily":false,"chose_seed":false,"campfire_upgraded":5,"win_rate":0,"timestamp":1553938573,"path_taken":["M","?","M","?","?","E","M","E","T","R","?","R","?","E","R","BOSS","M","M","?","?","?","R","M","R","T","?","?","$","E","$","R","BOSS","M","?","M","$","M"],"build_version":"2019-03-15","purchased_purges":3,"victory":false,"max_hp_per_floor":[75,75,75,75,75,75,75,75,75,75,75,75,75,75,75,75,75,75,75,75,75,75,75,75,75,75,75,75,75,78,78,78,78,78,78,78,82,82,82],"card_choices":[{"not_picked":["Warcry","Flex"],"picked":"Thunderclap","floor":1.0},{"not_picked":["Bloodletting","Twin Strike","Havoc"],"picked":"SKIP","floor":3.0},{"not_picked":["Anger","Headbutt"],"picked":"Whirlwind","floor":5.0},{"not_picked":["Ghostly Armor","Cleave"],"picked":"Flame Barrier","floor":6.0},{"not_picked":["Disarm","Warcry"],"picked":"Spot Weakness","floor":7.0},{"not_picked":["Wild Strike","Flex","Dual Wield"],"picked":"SKIP","floor":8.0},{"not_picked":["True Grit","Armaments"],"picked":"Shrug It Off","floor":14.0},{"not_picked":["Bludgeon","Dark Embrace"],"picked":"Limit Break","floor":16.0},{"not_picked":["Body Slam","Cleave"],"picked":"Shrug It Off","floor":18},{"not_picked":["Havoc","Twin Strike"],"picked":"Shockwave","floor":19},{"not_picked":["Body Slam+1","Hemokinesis+1","Sever Soul"],"picked":"SKIP","floor":21},{"not_picked":["Clash","Thunderclap"],"picked":"Disarm","floor":22},{"not_picked":["Thunderclap","Evolve","Dual Wield"],"picked":"SKIP","floor":24},{"not_picked":["Perfected Strike","Double Tap","Armaments"],"picked":"SKIP","floor":30},{"not_picked":["Demon Form","Immolate"],"picked":"Limit Break","floor":33},{"not_picked":["Havoc","Rage"],"picked":"Battle Trance","floor":34},{"not_picked":["Iron Wave","Corruption"],"picked":"Headbutt","floor":34},{"not_picked":["Twin Strike","Intimidate"],"picked":"Shrug It Off","floor":34},{"not_picked":["Clothesline","Armaments"],"picked":"True Grit","floor":34},{"not_picked":["Havoc+1","Berserk","Pommel Strike"],"picked":"SKIP","floor":35},{"not_picked":["Iron Wave+1","Clash+1"],"picked":"Armaments+1","floor":37}],"player_experience":1379652,"relics_obtained":[{"floor":4.0,"key":"Smiling Mask"},{"floor":6.0,"key":"MawBank"},{"floor":8.0,"key":"The Courier"},{"floor":9.0,"key":"Bag of Preparation"},{"floor":14.0,"key":"Gambling Chip"},{"floor":26,"key":"Whetstone"},{"floor":30,"key":"Paper Frog"}],"event_choices":[{"damage_healed":0.0,"max_hp_gain":0.0,"max_hp_loss":0.0,"gold_gain":0.0,"event_name":"Shining Light","player_choice":"Entered Light","floor":2.0,"gold_loss":0.0,"damage_taken":23.0,"cards_upgraded":["Strike_R","Strike_R"]},{"damage_healed":0.0,"max_hp_gain":0.0,"max_hp_loss":0.0,"gold_gain":0.0,"event_name":"Scrap Ooze","player_choice":"Success","floor":11.0,"gold_loss":0.0,"damage_taken":5.0,"relics_obtained":["Blue Candle"]},{"damage_healed":0.0,"max_hp_gain":0.0,"max_hp_loss":0.0,"gold_gain":0.0,"event_name":"The Woman in Blue","player_choice":"Bought 3 Potions","floor":13.0,"gold_loss":0.0,"damage_taken":0.0},{"damage_healed":0,"gold_gain":0,"player_choice":"Traded Relic","damage_taken":0,"relics_obtained":["Nloth\u0027s Gift"],"max_hp_gain":0,"max_hp_loss":0,"event_name":"N\u0027loth","floor":20,"relics_lost":["Smiling Mask"],"gold_loss":0},{"damage_healed":0,"gold_gain":50,"player_choice":"Stole From Cult","damage_taken":0,"max_hp_gain":0,"max_hp_loss":0,"event_name":"Nest","floor":27,"gold_loss":0},{"damage_healed":0,"gold_gain":0,"cards_transformed":["Strike_R","Strike_R"],"player_choice":"Became Test Subject","damage_taken":0,"max_hp_gain":0,"max_hp_loss":0,"event_name":"Drug Dealer","floor":28,"gold_loss":0,"cards_obtained":["Iron Wave","Feed"]},{"damage_healed":0,"gold_gain":0,"player_choice":"Memory 3","damage_taken":10,"max_hp_gain":0,"max_hp_loss":0,"event_name":"SensoryStone","floor":36,"gold_loss":0}],"is_beta":true,"boss_relics":[{"not_picked":["Lizard Tail","Ectoplasm"],"picked":"Mark of Pain"},{"not_picked":["White Beast Statue","Black Blood"],"picked":"Orrery"}],"items_purged_floors":[29,31,38],"is_endless":false,"potions_floor_spawned":[1,5,14,18,21,30,33],"killed_by":"Maw","ascension_level":20}