{"gold_per_floor":[118,118,43,54,54,79,92,92,92,103,113,143,159,169,169,268,268,282,299,299,309,328,362,362,375,375,386,398,415,430,445,445,548,548,561,169,224,237,237,237,267,280,280,155,155,5,20,32,32,32],"floor_reached":51,"playtime":4339,"items_purged":["Regret","Strike_R","Defend_R","Defend_R"],"score":669,"play_id":"6b9af032-1221-49bf-b618-066c1d752e15","local_time":"20190418142042","is_ascension_mode":false,"campfire_choices":[{"data":"True Grit","floor":8,"key":"SMITH"},{"floor":15,"key":"REST"},{"floor":24,"key":"REST"},{"data":"RitualDagger","floor":32,"key":"SMITH"},{"data":"Fiend Fire","floor":40,"key":"SMITH"},{"floor":45,"key":"DIG"},{"floor":49,"key":"DIG"}],"neow_cost":"NONE","seed_source_timestamp":175127558664500,"circlet_count":0,"master_deck":["Strike_R+1","Strike_R","Strike_R","Bash+1","Trip","True Grit+1","Iron Wave","Pommel Strike","Iron Wave","Cleave","Headbutt","Shrug It Off","Burning Pact","Fiend Fire+1","Metallicize","Cleave","RitualDagger+1","Dual Wield+1","Clash+1","Clash","Warcry","Feed","Pommel Strike+1","Impervious+1","Feel No Pain+1","Thunderclap+1","Flame Barrier","Pommel Strike+1","Blood for Blood","Writhe","Disarm","Shrug It Off+1","Infernal Blade+1"],"relics":["Burning Blood","Mercury Hourglass","Ornamental Fan","Ancient Tea Set","Du-Vu Doll","Velvet Choker","Anchor","Meat on the Bone","Astrolabe","Pantograph","StoneCalendar","PreservedInsect","Shovel","Darkstone Periapt","Strawberry"],"potions_floor_usage":[50,50,50],"damage_taken":[{"damage":6,"enemies":"Jaw Worm","floor":1,"turns":3},{"damage":0,"enemies":"Small Slimes","floor":4,"turns":3},{"damage":30,"enemies":"3 Sentries","floor":6,"turns":8},{"damage":0,"enemies":"2 Louse","floor":7,"turns":2},{"damage":6,"enemies":"Looter","floor":10,"turns":3},{"damage":1,"enemies":"Large Slime","floor":11,"turns":4},{"damage":28,"enemies":"Lagavulin","floor":12,"turns":5},{"damage":5,"enemies":"Lots of Slimes","floor":13,"turns":3},{"damage":0,"enemies":"3 Louse","floor":14,"turns":2},{"damage":14,"enemies":"Slime Boss","floor":16,"turns":9},{"damage":15,"enemies":"2 Thieves","floor":18,"turns":4},{"damage":4,"enemies":"3 Byrds","floor":19,"turns":5},{"damage":24,"enemies":"Centurion and Healer","floor":21,"turns":6},{"damage":23,"enemies":"Cultist and Chosen","floor":22,"turns":7},{"damage":9,"enemies":"Gremlin Leader","floor":23,"turns":4},{"damage":0,"enemies":"Snecko","floor":25,"turns":3},{"damage":13,"enemies":"Sentry and Sphere","floor":27,"turns":4},{"damage":0,"enemies":"Cultist and Chosen","floor":28,"turns":3},{"damage":7,"enemies":"Snake Plant","floor":29,"turns":4},{"damage":23,"enemies":"Snecko","floor":30,"turns":4},{"damage":3,"enemies":"Centurion and Healer","floor":31,"turns":4},{"damage":71,"enemies":"Automaton","floor":33,"turns":12},{"damage":7,"enemies":"Orb Walker","floor":35,"turns":3},{"damage":48,"enemies":"2 Orb Walkers","floor":37,"turns":5},{"damage":12,"enemies":"3 Shapes","floor":38,"turns":3},{"damage":25,"enemies":"Reptomancer","floor":41,"turns":7},{"damage":9,"enemies":"Spire Growth","floor":42,"turns":5},{"damage":15,"enemies":"Maw","floor":47,"turns":7},{"damage":0,"enemies":"Writhing Mass","floor":48,"turns":4},{"damage":80,"enemies":"Donu and Deca","floor":50,"turns":8}],"seed_played":"-1594030390077481168","potions_obtained":[{"floor":1,"key":"FairyPotion"},{"floor":6,"key":"LiquidBronze"},{"floor":7,"key":"AttackPotion"},{"floor":11,"key":"EssenceOfSteel"},{"floor":23,"key":"Fire Potion"},{"floor":27,"key":"Regen Potion"},{"floor":33,"key":"Explosive Potion"}],"is_trial":false,"path_per_floor":["M","?","$","M","?","E","M","R","T","M","M","E","M","M","R","B",null,"M","M","?","M","M","E","R","M","T","M","M","M","M","M","R","B",null,"M","$","?","M","?","R","E","M","T","$","R","$","M","M","R","B",null],"character_chosen":"IRONCLAD","items_purchased":["Pantograph","Flame Barrier"],"campfire_rested":2,"item_purchase_floors":[36,36],"current_hp_per_floor":[80,80,80,80,64,40,46,46,46,46,51,29,30,36,60,52,80,71,73,67,49,32,29,53,59,59,52,58,57,52,55,55,20,80,79,79,49,55,75,75,56,53,53,53,53,53,56,62,69,34],"gold":32,"neow_bonus":"RANDOM_COLORLESS","is_prod":false,"is_daily":false,"chose_seed":false,"campfire_upgraded":3,"win_rate":0.0,"timestamp":1555577442,"path_taken":["M","?","$","M","?","E","M","R","T","M","M","E","M","M","R","BOSS","M","M","?","M","M","E","R","M","T","M","M","M","M","M","R","BOSS","M","$","?","M","?","R","E","M","T","$","R","$","M","M","R","BOSS"],"build_version":"2019-01-23","purchased_purges":4,"victory":true,"max_hp_per_floor":[80,80,80,80,80,80,80,80,80,80,80,80,80,80,80,80,80,80,80,80,80,80,80,80,80,80,80,80,80,80,80,80,80,80,80,80,80,80,80,80,80,80,80,80,80,80,80,80,87,87],"card_choices":[{"not_picked":["Thunderclap","Clash"],"picked":"True Grit","floor":1},{"not_picked":["True Grit","Body Slam"],"picked":"Iron Wave","floor":4},{"not_picked":["Battle Trance","Bloodletting"],"picked":"Pommel Strike","floor":6},{"not_picked":["Second Wind","Armaments"],"picked":"Iron Wave","floor":7},{"not_picked":["Twin Strike","Body Slam"],"picked":"Cleave","floor":10},{"not_picked":["Heavy Blade","True Grit"],"picked":"Headbutt","floor":11},{"not_picked":["Uppercut","Sword Boomerang"],"picked":"Shrug It Off","floor":12},{"not_picked":["Impervious","Combust"],"picked":"Burning Pact","floor":13},{"not_picked":["Shrug It Off","Flex","Pommel Strike"],"picked":"SKIP","floor":14},{"not_picked":["Demon Form","Limit Break"],"picked":"Fiend Fire","floor":16},{"not_picked":["Armaments","True Grit+1"],"picked":"Metallicize","floor":18},{"not_picked":["Anger","Offering"],"picked":"Cleave","floor":19},{"not_picked":["Thunderclap","Heavy Blade"],"picked":"Dual Wield+1","floor":21},{"not_picked":["Flex","Pommel Strike"],"picked":"Clash+1","floor":22},{"not_picked":["Reckless Charge","Ghostly Armor"],"picked":"Clash","floor":23},{"not_picked":["Sword Boomerang","Corruption","Pommel Strike"],"picked":"SKIP","floor":25},{"not_picked":["Clash","Fiend Fire","Combust"],"picked":"SKIP","floor":27},{"not_picked":["True Grit","Thunderclap"],"picked":"Warcry","floor":28},{"not_picked":["Intimidate","Iron Wave","Warcry"],"picked":"SKIP","floor":29},{"not_picked":["Warcry","Body Slam","Headbutt"],"picked":"SKIP","floor":30},{"not_picked":["Rupture","Flex","Shrug It Off"],"picked":"SKIP","floor":31},{"not_picked":["Brutality","Fiend Fire"],"picked":"Feed","floor":33},{"not_picked":["Twin Strike","Body Slam+1"],"picked":"Thunderclap+1","floor":35},{"not_picked":["True Grit+1","Shrug It Off+1"],"picked":"Pommel Strike+1","floor":37},{"not_picked":["Rupture+1","Infernal Blade+1"],"picked":"Blood for Blood","floor":38},{"not_picked":["Dark Embrace","Metallicize"],"picked":"Disarm","floor":41},{"not_picked":["Uppercut+1","Body Slam"],"picked":"Shrug It Off+1","floor":42},{"not_picked":["Warcry+1","Headbutt+1"],"picked":"Infernal Blade+1","floor":47},{"not_picked":["Second Wind","Headbutt","Heavy Blade+1"],"picked":"SKIP","floor":48}],"player_experience":31826,"relics_obtained":[{"floor":6,"key":"Ornamental Fan"},{"floor":9,"key":"Ancient Tea Set"},{"floor":12,"key":"Du-Vu Doll"},{"floor":23,"key":"Anchor"},{"floor":26,"key":"Meat on the Bone"},{"floor":37,"key":"StoneCalendar"},{"floor":41,"key":"PreservedInsect"},{"floor":43,"key":"Shovel"},{"floor":45,"key":"Darkstone Periapt"},{"floor":49,"key":"Strawberry"}],"event_choices":[{"damage_healed":0,"gold_gain":0,"player_choice":"Box","damage_taken":0,"relics_obtained":["Mercury Hourglass"],"max_hp_gain":0,"max_hp_loss":0,"event_name":"Big Fish","floor":2,"gold_loss":0,"cards_obtained":["Regret"]},{"damage_healed":0,"gold_gain":0,"player_choice":"Entered Light","damage_taken":16,"max_hp_gain":0,"max_hp_loss":0,"event_name":"Shining Light","floor":5,"gold_loss":0,"cards_upgraded":["Bash","Strike_R"]},{"damage_healed":0,"gold_gain":0,"player_choice":"Joined the Cult","damage_taken":6,"max_hp_gain":0,"max_hp_loss":0,"event_name":"Nest","floor":20,"gold_loss":0,"cards_obtained":["RitualDagger"]},{"damage_healed":0,"gold_gain":0,"player_choice":"Fight","damage_taken":0,"max_hp_gain":0,"max_hp_loss":0,"event_name":"Mysterious Sphere","floor":37,"gold_loss":0},{"damage_healed":20,"gold_gain":0,"player_choice":"Writhe","damage_taken":0,"max_hp_gain":0,"max_hp_loss":0,"event_name":"Winding Halls","floor":39,"gold_loss":0,"cards_obtained":["Writhe"]}],"is_beta":false,"boss_relics":[{"not_picked":["Mark of Pain","Black Blood"],"picked":"Velvet Choker"},{"not_picked":["Snecko Eye","Coffee Dripper"],"picked":"Astrolabe"}],"items_purged_floors":[3,36,44,46],"is_endless":false,"potions_floor_spawned":[1,6,7,11,14,23,25,27,30,31,33,35,38,48],"ascension_level":0}