{"gold_per_floor":[113,113,113,113,130,130,141,166,166,166,166],"floor_reached":11,"playtime":133,"items_purged":[],"score":192,"play_id":"94724a03-62a2-4f00-a3d0-edbc445a0de5","local_time":"20190222013447","is_ascension_mode":true,"campfire_choices":[{"data":"Zap","floor":6.0,"key":"SMITH"},{"data":"Streamline","floor":10,"key":"SMITH"}],"neow_cost":"NONE","seed_source_timestamp":2252555986493459,"circlet_count":0,"master_deck":["AscendersBane","Strike_B","Strike_B","Strike_B","Defend_B","Defend_B","Defend_B","Defend_B","Zap+1","Dualcast","Streamline+1","Sweeping Beam"],"special_seed":0,"relics":["Cracked Core","NeowsBlessing","PreservedInsect","Girya","Bottled Lightning"],"potions_floor_usage":[8],"damage_taken":[{"damage":0.0,"enemies":"Small Slimes","floor":1.0,"turns":1.0},{"damage":0.0,"enemies":"Cultist","floor":5.0,"turns":1.0},{"damage":0.0,"enemies":"Jaw Worm","floor":7.0,"turns":1.0},{"damage":0,"enemies":"Gremlin Nob","floor":8,"turns":2},{"damage":0,"enemies":"Exordium Wildlife","floor":11,"turns":1}],"seed_played":"7443657722747273436","potions_obtained":[{"floor":5.0,"key":"Ancient Potion"},{"floor":7.0,"key":"Fire Potion"},{"floor":8,"key":"FocusPotion"}],"is_trial":false,"path_per_floor":["M","$","?","?","M","R","M","E","T","R","M"],"character_chosen":"DEFECT","items_purchased":[],"campfire_rested":0,"item_purchase_floors":[],"current_hp_per_floor":[64,64,46,46,46,46,46,46,46,46,46],"gold":166,"neow_bonus":"THREE_ENEMY_KILL","is_prod":false,"is_daily":false,"chose_seed":false,"campfire_upgraded":2,"win_rate":0,"timestamp":1550828087,"path_taken":["M","$","?","?","M","R","?","E","T","R","M"],"build_version":"2019-02-06","purchased_purges":0,"victory":false,"max_hp_per_floor":[71,71,71,71,71,71,71,71,71,71,71],"card_choices":[{"not_picked":["Sweeping Beam","Fusion","Streamline"],"picked":"SKIP","floor":1.0},{"not_picked":["Go for the Eyes","Barrage"],"picked":"Streamline","floor":5.0},{"not_picked":["Barrage","Compile Driver","Steam Power"],"picked":"SKIP","floor":7.0},{"not_picked":["Amplify","Barrage"],"picked":"Sweeping Beam","floor":8}],"player_experience":1221691,"relics_obtained":[{"floor":8,"key":"Girya"},{"floor":9,"key":"Bottled Lightning"}],"event_choices":[{"damage_healed":0.0,"max_hp_gain":0.0,"max_hp_loss":0.0,"gold_gain":0.0,"event_name":"Scrap Ooze","player_choice":"Success","floor":3.0,"gold_loss":0.0,"damage_taken":18.0,"relics_obtained":["PreservedInsect"]},{"cards_removed":["Strike_B"],"damage_healed":0.0,"max_hp_gain":0.0,"max_hp_loss":0.0,"gold_gain":0.0,"event_name":"Bonfire Elementals","player_choice":"Offered Basic","floor":4.0,"gold_loss":0.0,"damage_taken":0.0}],"is_beta":true,"boss_relics":[],"items_purged_floors":[],"is_endless":false,"potions_floor_spawned":[5,7,8],"killed_by":"Exordium Wildlife","ascension_level":20}