{"gold_per_floor":[116,74,54,68,81,81,109,119,144,156,181,200,200,216,216,288,288,239,33,44,134,84,84,99,99,99,110,138,138,168,184,184,255,255,270,320,334,334,351,383,89,117,195,35,135,135,145,18,18,18,18,18,18,18,50,50],"floor_reached":56,"playtime":5041,"items_purged":["Strike_B","Strike_B","Strike_B","Strike_B"],"score":1864,"play_id":"2e06cc79-12f0-4c1f-9613-b3015301334e","local_time":"20190131005705","is_ascension_mode":true,"campfire_choices":[{"data":"Zap","floor":6.0,"key":"SMITH"},{"data":"Coolheaded","floor":13.0,"key":"SMITH"},{"data":"Echo Form","floor":15.0,"key":"SMITH"},{"data":"Self Repair","floor":23.0,"key":"SMITH"},{"data":"Biased Cognition","floor":25.0,"key":"SMITH"},{"data":"Coolheaded","floor":29.0,"key":"SMITH"},{"data":"Creative AI","floor":32.0,"key":"SMITH"},{"data":"Defragment","floor":46.0,"key":"SMITH"},{"floor":49.0,"key":"RECALL"},{"data":"Capacitor","floor":53.0,"key":"SMITH"}],"neow_cost":"NONE","seed_source_timestamp":0,"circlet_count":0,"master_deck":["AscendersBane","Defend_B","Defend_B","Defend_B","Defend_B","Zap+1","Dualcast+1","Echo Form+1","Self Repair","BootSequence","Chill","Gash","Coolheaded+1","Gash","Core Surge","Creative AI+1","Coolheaded+1","Genetic Algorithm+1","Self Repair+1","Skim","Biased Cognition+1","Hologram","Reinforced Body","Echo Form","Core Surge","Capacitor+1","Defragment+1","Seek","Defragment","Meteor Strike"],"special_seed":0,"relics":["Cracked Core","Art of War","Smiling Mask","Bag of Preparation","Orrery","Cables","Bronze Scales","Ornamental Fan","Snecko Eye","Unceasing Top","War Paint","Nunchaku","Incense Burner","Ice Cream"],"potions_floor_usage":[56,56],"damage_taken":[{"damage":13.0,"enemies":"Small Slimes","floor":1.0,"turns":4.0},{"damage":1.0,"enemies":"Cultist","floor":4.0,"turns":3.0},{"damage":13.0,"enemies":"2 Louse","floor":5.0,"turns":5.0},{"damage":32.0,"enemies":"Gremlin Nob","floor":7.0,"turns":4.0},{"damage":3.0,"enemies":"2 Fungi Beasts","floor":8.0,"turns":5.0},{"damage":5.0,"enemies":"Large Slime","floor":10.0,"turns":7.0},{"damage":12.0,"enemies":"3 Sentries","floor":11.0,"turns":11.0},{"damage":1.0,"enemies":"Blue Slaver","floor":12.0,"turns":4.0},{"damage":17.0,"enemies":"Red Slaver","floor":14.0,"turns":4.0},{"damage":42.0,"enemies":"The Guardian","floor":16.0,"turns":11.0},{"damage":43.0,"enemies":"2 Thieves","floor":18.0,"turns":5.0},{"damage":29.0,"enemies":"Spheric Guardian","floor":20.0,"turns":8.0},{"damage":3.0,"enemies":"Snake Plant","floor":24.0,"turns":18.0},{"damage":0.0,"enemies":"Snecko","floor":27.0,"turns":12.0},{"damage":22.0,"enemies":"Book of Stabbing","floor":28.0,"turns":8.0},{"damage":44.0,"enemies":"Gremlin Leader","floor":30.0,"turns":10.0},{"damage":9.0,"enemies":"Centurion and Healer","floor":31.0,"turns":10.0},{"damage":3.0,"enemies":"Automaton","floor":33.0,"turns":16.0},{"damage":9.0,"enemies":"3 Darklings","floor":35.0,"turns":9.0},{"damage":43.0,"enemies":"2 Orb Walkers","floor":36.0,"turns":6.0},{"damage":15.0,"enemies":"3 Shapes","floor":37.0,"turns":10.0},{"damage":20.0,"enemies":"Maw","floor":39.0,"turns":9.0},{"damage":16.0,"enemies":"Reptomancer","floor":40.0,"turns":11.0},{"damage":22.0,"enemies":"Giant Head","floor":42.0,"turns":13.0},{"damage":2.0,"enemies":"Mind Bloom Boss Battle","floor":45.0,"turns":8.0},{"damage":15.0,"enemies":"Jaw Worm Horde","floor":47.0,"turns":10.0},{"damage":20.0,"enemies":"Awakened One","floor":50.0,"turns":13.0},{"damage":29.0,"enemies":"Time Eater","floor":51.0,"turns":12.0},{"damage":28.0,"enemies":"Shield and Spear","floor":55.0,"turns":6.0},{"damage":59,"enemies":"The Heart","floor":56,"turns":3}],"seed_played":"-3147485555662793430","potions_obtained":[{"floor":1.0,"key":"Fire Potion"},{"floor":3.0,"key":"Energy Potion"},{"floor":10.0,"key":"SpeedPotion"},{"floor":20.0,"key":"Ancient Potion"},{"floor":30.0,"key":"Ancient Potion"},{"floor":35.0,"key":"Swift Potion"},{"floor":36.0,"key":"SteroidPotion"},{"floor":40.0,"key":"GamblersBrew"}],"is_trial":false,"path_per_floor":["M","$","?","M","M","R","E","M","T","M","E","M","R","M","R","B",null,"M","$","M","?","$","R","M","R","T","M","E","R","E","M","R","B",null,"M","?","M","?","M","E","$","E","T","$","?","R","M","$","R","B","B",null,"R","$","E","B"],"character_chosen":"DEFECT","items_purchased":["Self Repair","Biased Cognition","Hologram","Defragment","Seek","SpeedPotion","SpeedPotion","Meteor Strike"],"campfire_rested":0,"item_purchase_floors":[2,19,22,41,41,44,44,48],"current_hp_per_floor":[51,51,51,57,58,58,26,37,37,46,48,61,61,58,58,30,61,39,39,38,24,24,24,55,55,55,71,71,71,47,58,58,71,71,71,55,64,64,67,67,67,67,67,67,67,67,67,67,67,67,67,67,67,67,59,0],"gold":50,"neow_bonus":"ONE_RANDOM_RARE_CARD","is_prod":false,"is_daily":false,"chose_seed":false,"campfire_upgraded":9,"win_rate":0,"timestamp":1548925025,"path_taken":["M","$","?","M","M","R","E","M","T","M","E","?","R","M","R","BOSS","M","$","M","?","$","R","?","R","T","M","E","R","E","M","R","BOSS","M","?","M","?","M","E","$","E","T","$","?","R","M","$","R","BOSS","BOSS","R","$","E","BOSS"],"build_version":"2019-01-23","purchased_purges":4,"victory":false,"max_hp_per_floor":[71,71,71,71,71,71,71,71,71,71,71,71,71,71,71,71,71,71,71,71,71,71,71,71,71,71,71,71,71,71,71,71,71,71,71,71,71,67,67,67,67,67,67,67,67,67,67,67,67,67,67,67,67,67,67,67],"card_choices":[{"not_picked":["Auto Shields","Leap","Sweeping Beam"],"picked":"SKIP","floor":1.0},{"not_picked":["Double Energy","Sweeping Beam"],"picked":"BootSequence","floor":4.0},{"not_picked":["Heatsinks","Steam Power","Reprogram"],"picked":"SKIP","floor":5.0},{"not_picked":["Barrage","Aggregate"],"picked":"Chill","floor":7.0},{"not_picked":["Aggregate","Steam"],"picked":"Gash","floor":8.0},{"not_picked":["Cold Snap","Steam"],"picked":"Coolheaded","floor":10.0},{"not_picked":["Barrage","Rebound","Aggregate"],"picked":"SKIP","floor":11.0},{"not_picked":["Barrage","Sweeping Beam"],"picked":"Gash","floor":12.0},{"not_picked":["Stack","Doom and Gloom"],"picked":"Core Surge","floor":14.0},{"not_picked":["Machine Learning","Meteor Strike"],"picked":"Creative AI","floor":16.0},{"not_picked":["Turbo","Streamline"],"picked":"Coolheaded","floor":17.0},{"not_picked":["Tempest","Redo"],"picked":"Genetic Algorithm","floor":17.0},{"not_picked":["Sunder","Doom and Gloom"],"picked":"Self Repair","floor":17.0},{"not_picked":["Storm","Ball Lightning"],"picked":"Skim","floor":18.0},{"not_picked":["Chill","Rip and Tear","Darkness"],"picked":"SKIP","floor":20.0},{"not_picked":["Barrage","Cold Snap","Double Energy"],"picked":"SKIP","floor":24.0},{"not_picked":["Coolheaded","Steam","Force Field+1"],"picked":"SKIP","floor":27.0},{"not_picked":["Thunder Strike","Lockon"],"picked":"Reinforced Body","floor":28.0},{"not_picked":["Rebound","Gash"],"picked":"Echo Form","floor":30.0},{"not_picked":["Barrage","Hologram","Static Discharge"],"picked":"SKIP","floor":31.0},{"not_picked":["Machine Learning","Multi-Cast"],"picked":"Core Surge","floor":33.0},{"not_picked":["Double Energy+1","Skim+1","Chill"],"picked":"SKIP","floor":35.0},{"not_picked":["Streamline","Steam+1","FTL"],"picked":"SKIP","floor":37.0},{"not_picked":["Conserve Battery","Cold Snap","Beam Cell+1"],"picked":"SKIP","floor":39.0},{"not_picked":["Conserve Battery","Cold Snap","Beam Cell+1"],"picked":"SKIP","floor":39.0},{"not_picked":["Conserve Battery","Cold Snap","Beam Cell+1"],"picked":"SKIP","floor":39.0},{"not_picked":["Conserve Battery","Cold Snap","Beam Cell+1"],"picked":"SKIP","floor":39.0},{"not_picked":["Rip and Tear","Leap"],"picked":"Capacitor","floor":40.0},{"not_picked":["Buffer","BootSequence","Gash"],"picked":"SKIP","floor":42.0},{"not_picked":["Skim","Redo"],"picked":"Defragment","floor":45.0},{"not_picked":["Force Field+1","Coolheaded+1","Ball Lightning+1"],"picked":"SKIP","floor":47.0},{"not_picked":["Sunder+1","Skim+1","Turbo"],"picked":"SKIP","floor":55.0}],"player_experience":1037406,"relics_obtained":[{"floor":7.0,"key":"Art of War"},{"floor":9.0,"key":"Smiling Mask"},{"floor":11.0,"key":"Bag of Preparation"},{"floor":26.0,"key":"Cables"},{"floor":28.0,"key":"Bronze Scales"},{"floor":30.0,"key":"Ornamental Fan"},{"floor":36.0,"key":"Unceasing Top"},{"floor":40.0,"key":"War Paint"},{"floor":42.0,"key":"Nunchaku"},{"floor":45.0,"key":"Incense Burner"},{"floor":55.0,"key":"Ice Cream"}],"event_choices":[{"damage_healed":0.0,"max_hp_gain":0.0,"max_hp_loss":0.0,"gold_gain":0.0,"event_name":"The Woman in Blue","player_choice":"Bought 1 Potion","floor":3.0,"gold_loss":0.0,"damage_taken":0.0},{"damage_healed":0.0,"max_hp_gain":0.0,"max_hp_loss":0.0,"gold_gain":90.0,"event_name":"Knowing Skull","player_choice":"GOLD ","floor":21.0,"potions_obtained":[],"gold_loss":0.0,"damage_taken":14.0,"cards_obtained":[]},{"damage_healed":0.0,"max_hp_gain":0.0,"max_hp_loss":0.0,"gold_gain":0.0,"event_name":"Mysterious Sphere","player_choice":"Fight","floor":36.0,"gold_loss":0.0,"damage_taken":0.0},{"damage_healed":0.0,"max_hp_gain":0.0,"max_hp_loss":4.0,"gold_gain":0.0,"event_name":"Winding Halls","player_choice":"Max HP","floor":38.0,"gold_loss":0.0,"damage_taken":0.0},{"damage_healed":0.0,"max_hp_gain":0.0,"max_hp_loss":0.0,"gold_gain":0.0,"event_name":"MindBloom","player_choice":"Fight","floor":45.0,"gold_loss":0.0,"damage_taken":0.0}],"is_beta":true,"boss_relics":[{"not_picked":["Velvet Choker","Cursed Key"],"picked":"Orrery"},{"not_picked":["Inserter","Lizard Tail"],"picked":"Snecko Eye"}],"items_purged_floors":[19,41,44,48],"is_endless":false,"potions_floor_spawned":[1,10,11,12,18,20,30,35,36,40,45,47,55],"killed_by":"The Heart","ascension_level":20}