{"path_per_floor":["M","?","$","M","M","E","M","R","T","M","R","M","M","$","R","B",null,"M","M","?"],"character_chosen":"IRONCLAD","items_purchased":["Barricade"],"gold_per_floor":[111,111,36,56,74,108,121,121,145,160,160,174,199,45,45,173,173,98,113,113],"floor_reached":21,"campfire_rested":0,"playtime":1743,"current_hp_per_floor":[79,59,59,62,58,19,23,23,23,29,29,20,22,22,22,22,80,73,21,21],"items_purged":["Regret"],"gold":113,"score":181,"play_id":"74ae79a8-b3a7-4d8e-abd4-ba919c9789ab","local_time":"20180315011205","is_prod":false,"is_daily":false,"is_ascension_mode":false,"campfire_upgraded":3,"timestamp":1521090725,"path_taken":["M","?","$","M","M","E","M","R","T","M","R","M","M","$","R","BOSS","M","M","?","M"],"build_version":"2018-03-09","purchased_purges":1,"victory":false,"master_deck":["Strike_R","Strike_R","Strike_R","Strike_R","Strike_R","Defend_R","Defend_R","Defend_R","Defend_R","Bash","Offering","True Grit","Pommel Strike+1","Shrug It Off","Body Slam+1","Shrug It Off","Entrench","Barricade+1","Reaper","Injury","Writhe","Normality"],"max_hp_per_floor":[80,80,80,80,80,80,80,80,80,80,80,80,80,80,80,80,80,80,80,80],"relics":["Burning Blood","Red Skull","Golden Idol","Bag of Preparation","Orichalcum","Calling Bell","Oddly Smooth Stone","Ancient Tea Set","Molten Egg 2"],"card_choices":[{"not_picked":["Sever Soul","Dropkick"],"picked":"Offering"},{"not_picked":["Clothesline","Power Through"],"picked":"True Grit"},{"not_picked":["Rage","True Grit"],"picked":"Pommel Strike"},{"not_picked":["Flex","Wild Strike"],"picked":"Shrug It Off"},{"not_picked":["Carnage","Clothesline"],"picked":"Body Slam"},{"not_picked":["Thunderclap","Intimidate"],"picked":"Shrug It Off"},{"not_picked":["Flex","Pummel"],"picked":"Entrench"},{"not_picked":["Bludgeon","Juggernaut"],"picked":"Reaper"}],"player_experience":72659,"potions_floor_usage":[16,16,21,21],"damage_taken":[{"damage":7,"enemies":"2 Louse","floor":1,"turns":4},{"damage":3,"enemies":"Small Slimes","floor":4,"turns":4},{"damage":10,"enemies":"Jaw Worm","floor":5,"turns":5},{"damage":45,"enemies":"Lagavulin","floor":6,"turns":10},{"damage":2,"enemies":"Blue Slaver","floor":7,"turns":3},{"damage":0,"enemies":"2 Fungi Beasts","floor":10,"turns":2},{"damage":15,"enemies":"Large Slime","floor":12,"turns":2},{"damage":4,"enemies":"3 Louse","floor":13,"turns":1},{"damage":21,"enemies":"Slime Boss","floor":16,"turns":11},{"damage":13,"enemies":"2 Thieves","floor":18,"turns":5},{"damage":64,"enemies":"3 Byrds","floor":19,"turns":11},{"damage":30,"enemies":"Snake Plant","floor":21,"turns":4}],"event_choices":[{"event_name":"Golden Idol","player_choice":"Take Damage","floor":2,"damage_taken":0},{"event_name":"Drug Dealer","player_choice":"Ignored","floor":20,"damage_taken":0}],"boss_relics":[{"not_picked":["Philosopher\u0027s Stone","Runic Cube"],"picked":"Calling Bell"}],"potions_floor_spawned":[1,4,7,12,16,19],"seed_played":"5871011267722832500","killed_by":"Snake Plant","ascension_level":0,"is_trial":false}