{"gold_per_floor":[20,33,47,64,83,83,96,96,122,135,166,166,201,221,221,322,322,339,109,119,134,34,68,68,81,107,139,139],"floor_reached":28,"playtime":2342,"items_purged":["Strike_B","Defend_B"],"score":274,"play_id":"b7f6c7bf-d374-4d3b-9ba1-c0b7fa590e94","local_time":"20190413132804","is_ascension_mode":false,"campfire_choices":[{"data":"Barrage","floor":6,"key":"SMITH"},{"data":"White Noise","floor":8,"key":"SMITH"},{"data":"Streamline","floor":15,"key":"SMITH"},{"floor":24,"key":"REST"}],"neow_cost":"NO_GOLD","seed_source_timestamp":0,"circlet_count":0,"master_deck":["Strike_B","Strike_B","Defend_B+1","Defend_B","Zap","Dualcast","Streamline+1","Streamline+1","Cold Snap","Auto Shields","Barrage+1","White Noise+1","Ball Lightning","Multi-Cast","Tempest","Electrodynamics","Redo+1","Streamline+1","Lockon","Rip and Tear+1"],"special_seed":0,"relics":["Cracked Core","Regal Pillow","Orichalcum","Pen Nib","Inserter","War Paint","Omamori","Ancient Tea Set","Dream Catcher"],"potions_floor_usage":[11,16,18,21,23,23],"damage_taken":[{"damage":1.0,"enemies":"Cultist","floor":1.0,"turns":3.0},{"damage":6.0,"enemies":"Jaw Worm","floor":2.0,"turns":2.0},{"damage":0.0,"enemies":"Small Slimes","floor":3.0,"turns":2.0},{"damage":6,"enemies":"3 Louse","floor":4,"turns":3},{"damage":5,"enemies":"Looter","floor":5,"turns":3},{"damage":12,"enemies":"Gremlin Gang","floor":7,"turns":4},{"damage":0,"enemies":"3 Louse","floor":10,"turns":3},{"damage":14,"enemies":"Gremlin Nob","floor":11,"turns":3},{"damage":2,"enemies":"3 Sentries","floor":13,"turns":5},{"damage":0,"enemies":"Looter","floor":14,"turns":2},{"damage":26,"enemies":"The Guardian","floor":16,"turns":8},{"damage":15,"enemies":"2 Thieves","floor":18,"turns":3},{"damage":18,"enemies":"Shell Parasite","floor":20,"turns":3},{"damage":6,"enemies":"3 Cultists","floor":21,"turns":4},{"damage":34,"enemies":"Book of Stabbing","floor":23,"turns":5},{"damage":4,"enemies":"Snecko","floor":25,"turns":3},{"damage":16,"enemies":"Gremlin Leader","floor":27,"turns":6},{"damage":33,"enemies":"Masked Bandits","floor":28,"turns":3}],"seed_played":"-2701796558886506224","potions_obtained":[{"floor":1.0,"key":"Ancient Potion"},{"floor":4,"key":"SpeedPotion"},{"floor":10,"key":"FearPotion"},{"floor":14,"key":"Ancient Potion"},{"floor":16,"key":"Energy Potion"},{"floor":18,"key":"Fire Potion"},{"floor":20,"key":"FocusPotion"},{"floor":21,"key":"LiquidBronze"}],"is_trial":false,"path_per_floor":["M","M","M","M","M","R","M","R","T","M","E","?","E","M","R","B",null,"M","$","M","M","$","E","R","M","T","E","?"],"character_chosen":"DEFECT","items_purchased":["War Paint"],"campfire_rested":1,"item_purchase_floors":[19],"current_hp_per_floor":[74,68,68,62,57,57,45,45,45,45,31,31,29,29,29,3,75,60,60,42,36,36,2,39,35,35,19,0],"gold":139,"neow_bonus":"REMOVE_TWO","is_prod":false,"is_daily":false,"chose_seed":false,"campfire_upgraded":3,"win_rate":0.0,"timestamp":1555176484,"path_taken":["M","M","M","M","M","R","?","R","T","M","E","?","E","M","R","BOSS","M","$","M","M","$","E","R","M","T","E","?"],"build_version":"2019-01-23","purchased_purges":2,"victory":false,"max_hp_per_floor":[75,75,75,75,75,75,75,75,75,75,75,75,75,75,75,75,75,75,75,75,75,75,75,75,75,75,75,75],"card_choices":[{"not_picked":["BootSequence","Coolheaded"],"picked":"Streamline","floor":1.0},{"not_picked":["Skim","Ball Lightning"],"picked":"Streamline","floor":2.0},{"not_picked":["Scrape","Go for the Eyes"],"picked":"Cold Snap","floor":3},{"not_picked":["Compile Driver","Leap"],"picked":"Auto Shields","floor":4},{"not_picked":["Darkness","Blizzard"],"picked":"Barrage","floor":5},{"not_picked":["Blizzard","Auto Shields"],"picked":"White Noise","floor":7},{"not_picked":["Hologram","Compile Driver"],"picked":"Ball Lightning","floor":10},{"not_picked":["Stack","Cold Snap"],"picked":"Multi-Cast","floor":11},{"not_picked":["Gash","Streamline"],"picked":"Tempest","floor":13},{"not_picked":["Darkness","Beam Cell","Aggregate"],"picked":"SKIP","floor":14},{"not_picked":["Buffer","Reboot"],"picked":"Electrodynamics","floor":16},{"not_picked":["Gash","Glacier"],"picked":"Redo","floor":18},{"not_picked":["Barrage","Gash","White Noise"],"picked":"SKIP","floor":20},{"not_picked":["Defragment","Barrage"],"picked":"Streamline+1","floor":21},{"not_picked":["Scrape","Storm"],"picked":"Lockon","floor":23},{"not_picked":["Cold Snap","Double Energy"],"picked":"Rip and Tear+1","floor":25},{"not_picked":["Genetic Algorithm","All For One","Redo"],"picked":"SKIP","floor":27}],"player_experience":97463,"relics_obtained":[{"floor":9,"key":"Regal Pillow"},{"floor":11,"key":"Orichalcum"},{"floor":13,"key":"Pen Nib"},{"floor":23,"key":"Omamori"},{"floor":26,"key":"Ancient Tea Set"},{"floor":27,"key":"Dream Catcher"}],"event_choices":[{"damage_healed":0,"gold_gain":0,"player_choice":"Grow","damage_taken":0,"max_hp_gain":0,"max_hp_loss":0,"event_name":"Living Wall","floor":12,"gold_loss":0,"cards_upgraded":["Streamline"]},{"damage_healed":0,"gold_gain":0,"player_choice":"Fought Bandits","damage_taken":0,"max_hp_gain":0,"max_hp_loss":0,"event_name":"Masked Bandits","floor":28,"gold_loss":0}],"is_beta":false,"boss_relics":[{"not_picked":["Cursed Key","Lizard Tail"],"picked":"Inserter"}],"items_purged_floors":[19,22],"is_endless":false,"potions_floor_spawned":[1,4,10,14,16,18,20,21],"killed_by":"Masked Bandits","ascension_level":0}