{"gold_per_floor":[110,122,122,136,8,8,19,19,19,19,39,114,114,32,32,137,137,150,168,267,286,286,286,286],"floor_reached":24,"playtime":1614,"items_purged":["Regret"],"score":205,"play_id":"35526281-a124-4af0-86f3-923ecb92dca2","local_time":"20190421195637","is_ascension_mode":true,"campfire_choices":[{"data":"Go for the Eyes","floor":6,"key":"SMITH"},{"data":"Zap","floor":8,"key":"SMITH"},{"floor":13,"key":"REST"},{"data":"Defragment","floor":15,"key":"SMITH"},{"floor":23,"key":"REST"}],"neow_cost":"NONE","seed_source_timestamp":457274480241613,"circlet_count":0,"master_deck":["Strike_B+1","Strike_B+1","Strike_B+1","Defend_B+1","Defend_B+1","Defend_B+1","Defend_B+1","Zap+1","Dualcast","Go for the Eyes+1","Undo","Ball Lightning","Ball Lightning","Chill","Hologram","Defragment+1","Core Surge","Hologram","Go for the Eyes+1"],"relics":["Cracked Core","Bag of Marbles","Pear","Ornamental Fan","Snecko Eye"],"potions_floor_usage":[],"damage_taken":[{"damage":0,"enemies":"Small Slimes","floor":1,"turns":2},{"damage":7,"enemies":"Jaw Worm","floor":2,"turns":3},{"damage":2,"enemies":"2 Louse","floor":4,"turns":3},{"damage":12,"enemies":"2 Fungi Beasts","floor":7,"turns":3},{"damage":13,"enemies":"Large Slime","floor":11,"turns":4},{"damage":5,"enemies":"Hexaghost","floor":16,"turns":9},{"damage":8,"enemies":"Chosen","floor":18,"turns":4},{"damage":25,"enemies":"Shell Parasite","floor":19,"turns":7},{"damage":23,"enemies":"Centurion and Healer","floor":21,"turns":10},{"damage":57,"enemies":"Gremlin Leader","floor":24,"turns":6}],"seed_played":"374144478424443701","potions_obtained":[{"floor":2,"key":"Weak Potion"},{"floor":16,"key":"SteroidPotion"},{"floor":21,"key":"SkillPotion"}],"is_trial":false,"path_per_floor":["M","M","?","M","$","R","M","R","T","?","M","?","R","$","R","B",null,"M","M","?","M","?","R","E"],"character_chosen":"DEFECT","items_purchased":["Ball Lightning","Defragment"],"campfire_rested":2,"item_purchase_floors":[5,14],"current_hp_per_floor":[75,68,78,76,76,76,64,64,64,57,44,33,58,58,58,53,85,77,52,52,29,29,54,0],"gold":286,"neow_bonus":"RANDOM_COMMON_RELIC","is_prod":false,"is_daily":false,"chose_seed":false,"campfire_upgraded":3,"win_rate":0,"timestamp":1555856797,"path_taken":["M","M","?","M","$","R","M","R","T","?","M","?","R","$","R","BOSS","M","M","?","M","?","R","E"],"build_version":"2019-01-23","purchased_purges":1,"victory":false,"max_hp_per_floor":[75,75,85,85,85,85,85,85,85,85,85,85,85,85,85,85,85,85,85,85,85,85,85,85],"card_choices":[{"not_picked":["Redo","Reprogram"],"picked":"Go for the Eyes","floor":1},{"not_picked":["Fusion","Rebound"],"picked":"Undo","floor":2},{"not_picked":["Turbo","Hologram"],"picked":"Ball Lightning","floor":4},{"not_picked":["Hyperbeam","Sweeping Beam"],"picked":"Chill","floor":7},{"not_picked":["Recycle","Doom and Gloom"],"picked":"Hologram","floor":11},{"not_picked":["All For One","Multi-Cast"],"picked":"Core Surge","floor":16},{"not_picked":["Turbo","Go for the Eyes"],"picked":"Hologram","floor":18},{"not_picked":["Steam","FTL"],"picked":"Go for the Eyes+1","floor":19},{"not_picked":["Undo+1","Gash","Darkness"],"picked":"SKIP","floor":21}],"player_experience":116395,"relics_obtained":[{"floor":9,"key":"Ornamental Fan"}],"event_choices":[{"damage_healed":0,"gold_gain":0,"player_choice":"Box","damage_taken":0,"relics_obtained":["Pear"],"max_hp_gain":0,"max_hp_loss":0,"event_name":"Big Fish","floor":3,"gold_loss":0,"cards_obtained":["Regret"]},{"cards_removed":["Strike_B"],"damage_healed":0,"gold_gain":0,"player_choice":"Card Removal","damage_taken":7,"max_hp_gain":0,"max_hp_loss":0,"event_name":"Golden Wing","floor":10,"gold_loss":0},{"damage_healed":0,"gold_gain":75,"player_choice":"Gather Gold","damage_taken":11,"max_hp_gain":0,"max_hp_loss":0,"event_name":"World of Goop","floor":12,"gold_loss":0},{"damage_healed":0,"gold_gain":99,"player_choice":"Stole From Cult","damage_taken":0,"max_hp_gain":0,"max_hp_loss":0,"event_name":"Nest","floor":20,"gold_loss":0},{"damage_healed":0,"gold_gain":0,"player_choice":"Simplicity","damage_taken":0,"max_hp_gain":0,"max_hp_loss":0,"event_name":"Back to Basics","floor":22,"gold_loss":0,"cards_upgraded":["Strike_B","Strike_B","Strike_B","Defend_B","Defend_B","Defend_B","Defend_B"]}],"is_beta":false,"boss_relics":[{"not_picked":["Tiny House","Astrolabe"],"picked":"Snecko Eye"}],"items_purged_floors":[5],"is_endless":false,"potions_floor_spawned":[2,16,21],"killed_by":"Gremlin Leader","ascension_level":2}