{"gold_per_floor":[369,48,66,83,83,83,112,112,135,135,153,169,169,182,182,255,255,275,255,161,180,180,180,180],"floor_reached":24,"playtime":693,"items_purged":[],"score":392,"play_id":"8788b158-215f-4889-8622-744c7691c3f1","local_time":"20181027052749","is_ascension_mode":true,"campfire_choices":[{"data":"Streamline","floor":6.0,"key":"SMITH"},{"floor":8.0,"key":"REST"},{"floor":13.0,"key":"REST"},{"data":"Zap","floor":15.0,"key":"SMITH"},{"data":"Creative AI","floor":23.0,"key":"SMITH"}],"neow_cost":"TEN_PERCENT_HP_LOSS","seed_source_timestamp":70056724457242,"circlet_count":0,"master_deck":["Zap+1","Dualcast","AscendersBane","Barrage","Storm","Streamline+1","Ball Lightning","Cold Snap","Self Repair","Creative AI+1","Turbo","Go for the Eyes","Glacier","Gash","Streamline","Gash","Streamline","Chill","Capacitor","Hologram","White Noise"],"special_seed":0,"relics":["Cracked Core","Mummified Hand","Blood Vial","Strawberry","Pandora\u0027s Box"],"potions_floor_usage":[24],"damage_taken":[{"damage":1.0,"enemies":"Cultist","floor":1.0,"turns":3.0},{"damage":1.0,"enemies":"Small Slimes","floor":3.0,"turns":4.0},{"damage":2.0,"enemies":"Jaw Worm","floor":4.0,"turns":3.0},{"damage":31.0,"enemies":"Gremlin Nob","floor":7.0,"turns":4.0},{"damage":0.0,"enemies":"Gremlin Gang","floor":11.0,"turns":2.0},{"damage":21.0,"enemies":"Large Slime","floor":12.0,"turns":4.0},{"damage":0.0,"enemies":"2 Fungi Beasts","floor":14.0,"turns":2.0},{"damage":31.0,"enemies":"Slime Boss","floor":16.0,"turns":5.0},{"damage":21.0,"enemies":"Shell Parasite","floor":18.0,"turns":4.0},{"damage":24.0,"enemies":"2 Thieves","floor":21.0,"turns":3.0},{"damage":40,"enemies":"Book of Stabbing","floor":24,"turns":3}],"seed_played":"8377536074225491555","potions_obtained":[{"floor":7.0,"key":"PowerPotion"},{"floor":12.0,"key":"SteroidPotion"},{"floor":18.0,"key":"Weak Potion"},{"floor":19.0,"key":"Swift Potion"},{"floor":21.0,"key":"Ancient Potion"}],"is_trial":false,"path_per_floor":["M","$","M","M","?","R","E","R","T","?","M","M","R","M","R","B",null,"M","?","$","M","?","R"],"character_chosen":"DEFECT","items_purchased":["Mummified Hand","Storm","Capacitor","Hologram"],"campfire_rested":2,"item_purchase_floors":[2,2,20,20],"current_hp_per_floor":[63,63,62,60,60,60,29,48,55,55,57,38,59,61,61,39,63,51,51,51,36,36,36,0],"gold":180,"neow_bonus":"TWO_FIFTY_GOLD","is_prod":false,"is_daily":false,"chose_seed":false,"campfire_upgraded":3,"win_rate":0,"timestamp":1540643269,"path_taken":["M","?","M","M","?","R","E","R","T","?","M","M","R","M","R","BOSS","M","?","$","M","?","R","E"],"build_version":"2018-10-25v2","purchased_purges":0,"victory":false,"max_hp_per_floor":[64,64,64,64,64,64,64,64,71,71,71,71,71,71,71,71,71,71,71,71,71,71,71,71],"card_choices":[{"not_picked":["Lockon","Hello World"],"picked":"Barrage","floor":1.0},{"not_picked":["Barrage","Steam"],"picked":"Streamline","floor":3.0},{"not_picked":["Darkness","Barrage","Scrape"],"picked":"SKIP","floor":4.0},{"not_picked":["Rip and Tear","Leap"],"picked":"Ball Lightning","floor":7.0},{"not_picked":["Ball Lightning","Go for the Eyes"],"picked":"Cold Snap","floor":11.0},{"not_picked":["Scrape","Rebound","Tempest"],"picked":"SKIP","floor":12.0},{"not_picked":["Turbo","Machine Learning"],"picked":"Self Repair","floor":14.0},{"not_picked":["Fission","Multi-Cast"],"picked":"Creative AI","floor":16.0},{"not_picked":["Aggregate","Sweeping Beam"],"picked":"Chill","floor":18.0},{"not_picked":["Sweeping Beam","Coolheaded"],"picked":"White Noise","floor":21.0}],"player_experience":667219,"relics_obtained":[{"floor":7.0,"key":"Blood Vial"},{"floor":9.0,"key":"Strawberry"}],"event_choices":[{"damage_healed":0.0,"max_hp_gain":0.0,"max_hp_loss":0.0,"gold_gain":0.0,"event_name":"The Cleric","player_choice":"Leave","floor":5.0,"gold_loss":0.0,"damage_taken":0.0},{"cards_removed":["Strike_B"],"damage_healed":0.0,"max_hp_gain":0.0,"max_hp_loss":0.0,"gold_gain":0.0,"event_name":"Purifier","player_choice":"Purged","floor":10.0,"gold_loss":0.0,"damage_taken":0.0},{"damage_healed":0.0,"max_hp_gain":0.0,"max_hp_loss":0.0,"gold_gain":0.0,"event_name":"The Woman in Blue","player_choice":"Bought 1 Potion","floor":19.0,"gold_loss":0.0,"damage_taken":0.0},{"damage_healed":0.0,"max_hp_gain":0.0,"max_hp_loss":0.0,"gold_gain":0.0,"event_name":"Vampires","player_choice":"Ignored","floor":22.0,"gold_loss":0.0,"damage_taken":0.0}],"is_beta":false,"boss_relics":[{"not_picked":["Runic Pyramid","Black Star"],"picked":"Pandora\u0027s Box"}],"items_purged_floors":[],"is_endless":false,"potions_floor_spawned":[7,12,18,21],"killed_by":"Book of Stabbing","ascension_level":20}