{"gold_per_floor":[113,125,125,136,64,64,75,109,109,109,137,137,137,155,155,254,254,264,264,280,280,181,208,84,97,97,97,97,97,113,125,125,222,222,238,238,250,160,160,160,174,185,210,210,223,251,263,288,300,312],"floor_reached":51,"playtime":1669,"items_purged":["Strike_B","Sweeping Beam"],"score":832,"play_id":"1d82360b-c554-4050-8ce8-9d4a5c655773","local_time":"20181029220558","is_ascension_mode":false,"campfire_choices":[{"data":"Zap","floor":6.0,"key":"SMITH"},{"data":"Hologram","floor":10.0,"key":"SMITH"},{"data":"Sweeping Beam","floor":12.0,"key":"SMITH"},{"floor":15.0,"key":"REST"},{"data":"Hologram","floor":28.0,"key":"SMITH"},{"floor":32.0,"key":"REST"},{"data":"Apotheosis","floor":40.0,"key":"SMITH"},{"floor":44.0,"key":"REST"},{"data":"Seek","floor":47.0,"key":"SMITH"},{"floor":49.0,"key":"REST"}],"neow_cost":"NONE","seed_source_timestamp":159012332708687,"circlet_count":0,"master_deck":["Defend_B","Defend_B","Defend_B","Defend_B","Zap+1","Dualcast","Echo Form","Gash","Cold Snap","Ball Lightning","Sweeping Beam+1","Hologram+1","Ball Lightning","Gash","Beam Cell","All For One","Defragment","RitualDagger","Hologram+1","Gash","Gash","J.A.X.","Auto Shields+1","Go for the Eyes","Electrodynamics","Coolheaded","Stack+1","Finesse","Flash of Steel","Apotheosis+1","Gash","Gash","Leap","Seek+1","Turbo+1"],"special_seed":0,"relics":["Cracked Core","Bottled Lightning","Incense Burner","Thread and Needle","Empty Cage","Bottled Flame","Meat on the Bone","Gremlin Horn","Sozu","PreservedInsect","MawBank"],"potions_floor_usage":[50,50,50],"damage_taken":[{"damage":1.0,"enemies":"Cultist","floor":1.0,"turns":3.0},{"damage":0.0,"enemies":"2 Louse","floor":2.0,"turns":1.0},{"damage":5.0,"enemies":"Small Slimes","floor":4.0,"turns":3.0},{"damage":7.0,"enemies":"Blue Slaver","floor":7.0,"turns":3.0},{"damage":13.0,"enemies":"3 Sentries","floor":8.0,"turns":5.0},{"damage":19.0,"enemies":"Lagavulin","floor":11.0,"turns":4.0},{"damage":0.0,"enemies":"2 Fungi Beasts","floor":14.0,"turns":2.0},{"damage":0.0,"enemies":"Slime Boss","floor":16.0,"turns":5.0},{"damage":0.0,"enemies":"3 Byrds","floor":18.0,"turns":3.0},{"damage":0.0,"enemies":"Chosen","floor":20.0,"turns":3.0},{"damage":12.0,"enemies":"Book of Stabbing","floor":23.0,"turns":4.0},{"damage":6.0,"enemies":"3 Cultists","floor":25.0,"turns":5.0},{"damage":25.0,"enemies":"Snake Plant","floor":30.0,"turns":4.0},{"damage":11.0,"enemies":"Sentry and Sphere","floor":31.0,"turns":4.0},{"damage":42.0,"enemies":"Automaton","floor":33.0,"turns":8.0},{"damage":3.0,"enemies":"3 Darklings","floor":35.0,"turns":3.0},{"damage":3.0,"enemies":"3 Shapes","floor":37.0,"turns":2.0},{"damage":14.0,"enemies":"Maw","floor":41.0,"turns":6.0},{"damage":0.0,"enemies":"3 Darklings","floor":42.0,"turns":2.0},{"damage":6.0,"enemies":"Sphere and 2 Shapes","floor":45.0,"turns":3.0},{"damage":0.0,"enemies":"Nemesis","floor":46.0,"turns":3.0},{"damage":24.0,"enemies":"Spire Growth","floor":48.0,"turns":5.0},{"damage":70,"enemies":"Awakened One","floor":50,"turns":9}],"seed_played":"8794050479649196065","potions_obtained":[{"floor":2.0,"key":"SkillPotion"},{"floor":8.0,"key":"Explosive Potion"},{"floor":11.0,"key":"AttackPotion"},{"floor":14.0,"key":"SkillPotion"},{"floor":20.0,"key":"FearPotion"},{"floor":30.0,"key":"Block Potion"},{"floor":33.0,"key":"Strength Potion"}],"is_trial":false,"path_per_floor":["M","M","?","M","$","R","M","E","T","R","E","R","?","M","R","B",null,"M","?","M","T","$","E","$","M","T","?","R","?","M","M","R","B",null,"M","?","M","$","?","R","M","M","T","R","M","E","R","M","R","B"],"character_chosen":"DEFECT","items_purchased":["Ball Lightning","Sweeping Beam","Hologram","Gash","Finesse"],"campfire_rested":4,"item_purchase_floors":[5,5,22,24,38],"current_hp_per_floor":[74,74,67,62,62,62,55,42,42,42,23,23,23,23,45,45,75,75,69,69,69,69,57,57,51,51,51,51,51,38,39,61,31,75,72,72,69,69,59,59,45,45,45,67,61,61,61,49,71,13],"gold":324,"neow_bonus":"ONE_RANDOM_RARE_CARD","is_prod":false,"is_daily":false,"chose_seed":false,"campfire_upgraded":6,"win_rate":0,"timestamp":1540875958,"path_taken":["M","?","?","M","$","R","M","E","T","R","E","R","?","M","R","BOSS","M","?","M","?","$","E","$","M","T","?","R","?","M","M","R","BOSS","M","?","M","$","?","R","?","M","T","R","M","E","R","M","R","BOSS"],"build_version":"2018-10-29v2","purchased_purges":2,"victory":true,"max_hp_per_floor":[75,75,75,75,75,75,75,75,75,75,75,75,75,75,75,75,75,75,75,75,75,75,75,75,75,75,75,75,75,75,75,75,75,75,75,75,75,75,75,75,75,75,75,75,75,75,75,75,75,75],"card_choices":[{"not_picked":["Rebound","Redo"],"picked":"Sweeping Beam","floor":1.0},{"not_picked":["Compile Driver","Reboot"],"picked":"Gash","floor":2.0},{"not_picked":["Rip and Tear","Turbo"],"picked":"Cold Snap","floor":4.0},{"not_picked":["Sweeping Beam","FTL"],"picked":"Hologram","floor":7.0},{"not_picked":["Cold Snap","Glacier"],"picked":"Ball Lightning","floor":8.0},{"not_picked":["Darkness","Blizzard"],"picked":"Gash","floor":11.0},{"not_picked":["Redo","Cold Snap"],"picked":"Beam Cell","floor":14.0},{"not_picked":["Meteor Strike","Hyperbeam"],"picked":"All For One","floor":16.0},{"not_picked":["Sweeping Beam","Blizzard"],"picked":"Defragment","floor":18.0},{"not_picked":["Ball Lightning+1","Reinforced Body+1","Sweeping Beam"],"picked":"SKIP","floor":20.0},{"not_picked":["Leap","Chaos"],"picked":"Gash","floor":23.0},{"not_picked":["Turbo","Chaos","Coolheaded"],"picked":"SKIP","floor":25.0},{"not_picked":["Storm","Sunder"],"picked":"Auto Shields+1","floor":30.0},{"not_picked":["Meteor Strike","Stack"],"picked":"Go for the Eyes","floor":31.0},{"not_picked":["Buffer","Core Surge"],"picked":"Electrodynamics","floor":33.0},{"not_picked":["Compile Driver+1","Redo+1"],"picked":"Coolheaded","floor":35.0},{"not_picked":["Chill","Hologram"],"picked":"Stack+1","floor":37.0},{"not_picked":["Swift Strike","HandOfGreed"],"picked":"Flash of Steel","floor":39.0},{"not_picked":["PanicButton","Trip"],"picked":"Apotheosis","floor":39.0},{"not_picked":["Leap+1","Genetic Algorithm+1"],"picked":"Gash","floor":41.0},{"not_picked":["Ball Lightning","Undo+1"],"picked":"Gash","floor":42.0},{"not_picked":["Rebound+1","Ball Lightning+1","Leap"],"picked":"SKIP","floor":45.0},{"not_picked":["Rebound+1","Ball Lightning+1"],"picked":"Leap","floor":45.0},{"not_picked":["Steam+1","Defragment"],"picked":"Seek","floor":46.0},{"not_picked":["Turbo+1","Conserve Battery","Redo"],"picked":"SKIP","floor":48.0},{"not_picked":["Conserve Battery","Redo"],"picked":"Turbo+1","floor":48.0}],"player_experience":836420,"relics_obtained":[{"floor":8.0,"key":"Bottled Lightning"},{"floor":9.0,"key":"Incense Burner"},{"floor":11.0,"key":"Thread and Needle"},{"floor":21.0,"key":"Bottled Flame"},{"floor":23.0,"key":"Meat on the Bone"},{"floor":26.0,"key":"Gremlin Horn"},{"floor":43.0,"key":"PreservedInsect"},{"floor":46.0,"key":"MawBank"}],"event_choices":[{"cards_removed":["Strike_B"],"damage_healed":0.0,"max_hp_gain":0.0,"max_hp_loss":0.0,"gold_gain":0.0,"event_name":"Golden Wing","player_choice":"Card Removal","floor":3.0,"gold_loss":0.0,"damage_taken":7.0},{"damage_healed":0.0,"max_hp_gain":0.0,"max_hp_loss":0.0,"gold_gain":0.0,"event_name":"Liars Game","player_choice":"Ignored","floor":13.0,"gold_loss":0.0,"damage_taken":0.0},{"damage_healed":0.0,"max_hp_gain":0.0,"max_hp_loss":0.0,"gold_gain":0.0,"event_name":"Nest","player_choice":"Joined the Cult","floor":19.0,"gold_loss":0.0,"damage_taken":6.0,"cards_obtained":["RitualDagger"]},{"damage_healed":0.0,"max_hp_gain":0.0,"max_hp_loss":0.0,"gold_gain":0.0,"event_name":"Drug Dealer","player_choice":"Obtain J.A.X.","floor":27.0,"gold_loss":0.0,"damage_taken":0.0,"cards_obtained":["J.A.X."]},{"damage_healed":0.0,"max_hp_gain":0.0,"max_hp_loss":0.0,"gold_gain":0.0,"event_name":"Ghosts","player_choice":"Ignored","floor":29.0,"gold_loss":0.0,"damage_taken":0.0},{"damage_healed":0.0,"max_hp_gain":0.0,"max_hp_loss":0.0,"gold_gain":0.0,"event_name":"Tomb of Lord Red Mask","player_choice":"Ignored","floor":36.0,"gold_loss":0.0,"damage_taken":0.0},{"damage_healed":0.0,"max_hp_gain":0.0,"max_hp_loss":0.0,"gold_gain":0.0,"event_name":"SensoryStone","player_choice":"Memory 3","floor":39.0,"gold_loss":0.0,"damage_taken":10.0}],"is_beta":true,"boss_relics":[{"not_picked":["Runic Pyramid","Coffee Dripper"],"picked":"Empty Cage"},{"not_picked":["Busted Crown","Eternal Feather"],"picked":"Sozu"}],"items_purged_floors":[22,24],"is_endless":false,"potions_floor_spawned":[2,8,11,14,20,30,33,35,41,45,48],"ascension_level":0}