{"gold_per_floor":[119,65,79,79,229,229,229,260,284,301,226,226,14,48,48,120,120,133,133,152,52,67,67,92,92,92,103,103,131,131,149,149,226,226,240,286,302,1301,1301,1331,1331,1356,1356,1356],"floor_reached":44,"playtime":1306,"items_purged":["Strike_G","Strike_G"],"score":1195,"play_id":"da81f3a1-744a-4071-bd75-a2cdfb7f6dac","local_time":"20190422003233","is_ascension_mode":true,"campfire_choices":[{"data":"Deadly Poison","floor":6.0,"key":"SMITH"},{"data":"Predator","floor":12.0,"key":"SMITH"},{"data":"Footwork","floor":15.0,"key":"SMITH"},{"data":"Neutralize","floor":23.0,"key":"SMITH"},{"data":"Catalyst","floor":25.0,"key":"SMITH"},{"data":"Corpse Explosion","floor":28.0,"key":"SMITH"},{"floor":30.0,"key":"REST"},{"floor":32.0,"key":"REST"},{"floor":41,"key":"REST"}],"neow_cost":"NONE","seed_source_timestamp":16937556161830,"circlet_count":0,"master_deck":["AscendersBane","Defend_G","Defend_G","Defend_G","Defend_G","Defend_G","Strike_G","Survivor","Neutralize+1","Catalyst","Deadly Poison+1","Deadly Poison","Predator+1","PiercingWail","Footwork+1","Glass Knife","Corpse Explosion+1","Backflip","Catalyst+1","Noxious Fumes","Burst","Acrobatics","PiercingWail","Dodge and Roll","Crippling Poison"],"special_seed":0,"relics":["Ring of the Snake","NeowsBlessing","Potion Belt","Omamori","Unceasing Top","White Beast Statue","Du-Vu Doll","The Courier","Tingsha","Fusion Hammer","Prayer Wheel","Snake Skull","Pen Nib"],"potions_floor_usage":[40,40,40,40,42,44],"damage_taken":[{"damage":0.0,"enemies":"Jaw Worm","floor":1.0,"turns":1.0},{"damage":0.0,"enemies":"2 Louse","floor":3.0,"turns":1.0},{"damage":0.0,"enemies":"Lagavulin","floor":8.0,"turns":1.0},{"damage":1.0,"enemies":"Cultist","floor":10.0,"turns":3.0},{"damage":36.0,"enemies":"Gremlin Nob","floor":14.0,"turns":4.0},{"damage":16.0,"enemies":"The Guardian","floor":16.0,"turns":9.0},{"damage":10.0,"enemies":"Chosen","floor":18.0,"turns":5.0},{"damage":13.0,"enemies":"Shell Parasite","floor":20.0,"turns":6.0},{"damage":0.0,"enemies":"3 Cultists","floor":22.0,"turns":2.0},{"damage":0.0,"enemies":"Gremlin Leader","floor":24.0,"turns":2.0},{"damage":12.0,"enemies":"Snake Plant","floor":27.0,"turns":5.0},{"damage":24.0,"enemies":"Book of Stabbing","floor":29.0,"turns":4.0},{"damage":11.0,"enemies":"Centurion and Healer","floor":31.0,"turns":4.0},{"damage":28.0,"enemies":"Champ","floor":33.0,"turns":9.0},{"damage":6.0,"enemies":"3 Darklings","floor":35.0,"turns":2.0},{"damage":7.0,"enemies":"2 Orb Walkers","floor":36.0,"turns":2.0},{"damage":17.0,"enemies":"3 Shapes","floor":37.0,"turns":2.0},{"damage":18,"enemies":"Reptomancer","floor":40,"turns":2},{"damage":27,"enemies":"Giant Head","floor":42,"turns":5},{"damage":6,"enemies":"Reptomancer","floor":44,"turns":2}],"seed_played":"8991598201308715172","potions_obtained":[{"floor":1.0,"key":"Explosive Potion"},{"floor":10.0,"key":"Fruit Juice"},{"floor":14.0,"key":"Ancient Potion"},{"floor":16.0,"key":"Poison Potion"},{"floor":18.0,"key":"Poison Potion"},{"floor":20.0,"key":"Swift Potion"},{"floor":22.0,"key":"EntropicBrew"},{"floor":24.0,"key":"PowerPotion"},{"floor":27.0,"key":"EntropicBrew"},{"floor":29.0,"key":"FearPotion"},{"floor":33.0,"key":"Strength Potion"},{"floor":35.0,"key":"Regen Potion"},{"floor":36.0,"key":"SteroidPotion"},{"floor":37.0,"key":"SteroidPotion"},{"floor":40,"key":"Energy Potion"},{"floor":42,"key":"LiquidBronze"}],"is_trial":false,"path_per_floor":["M","$","M","?","?","R","?","E","T","M","?","R","$","E","R","B",null,"M","?","M","$","M","R","E","R","T","M","R","E","R","M","R","B",null,"M","?","M","?","?","E","R","E","T","E"],"character_chosen":"THE_SILENT","items_purchased":["Deadly Poison","Footwork","Poison Potion"],"campfire_rested":3,"item_purchase_floors":[2,13,13],"current_hp_per_floor":[59,59,59,64,64,64,64,64,64,63,63,63,63,27,27,11,56,46,46,38,38,38,38,38,38,38,26,26,2,24,13,35,7,59,53,55,38,38,38,20,42,15,15,9],"gold":1356,"neow_bonus":"THREE_ENEMY_KILL","is_prod":false,"is_daily":false,"chose_seed":false,"campfire_upgraded":6,"win_rate":0,"timestamp":1555918353,"path_taken":["M","$","M","?","?","R","?","E","T","?","?","R","?","E","R","BOSS","M","?","M","$","M","R","E","R","T","?","R","E","R","M","R","BOSS","M","?","M","?","?","E","R","E","T","E"],"build_version":"2019-04-21","purchased_purges":2,"victory":false,"max_hp_per_floor":[66,66,66,71,71,71,71,71,71,71,71,71,71,71,71,71,71,71,71,76,76,76,76,76,76,76,76,76,76,76,76,76,76,76,76,76,76,76,76,76,76,76,76,76],"card_choices":[{"not_picked":["Expertise","Choke"],"picked":"Catalyst","floor":1.0},{"not_picked":["Cloak And Dagger","Dash"],"picked":"Deadly Poison","floor":3.0},{"not_picked":["Sucker Punch","Blade Dance"],"picked":"Predator","floor":8.0},{"not_picked":["Concentrate","Slice"],"picked":"PiercingWail","floor":10.0},{"not_picked":["Tactician","Concentrate"],"picked":"Glass Knife","floor":14.0},{"not_picked":["A Thousand Cuts","Envenom"],"picked":"Corpse Explosion","floor":16.0},{"not_picked":["Skewer","Blade Dance+1"],"picked":"Backflip","floor":18.0},{"not_picked":["Dagger Spray","Sucker Punch","Outmaneuver+1"],"picked":"SKIP","floor":20.0},{"not_picked":["Predator","Underhanded Strike","Quick Slash"],"picked":"SKIP","floor":22.0},{"not_picked":["Acrobatics","Poisoned Stab","Blade Dance"],"picked":"SKIP","floor":24.0},{"not_picked":["Underhanded Strike+1","Heel Hook","Dagger Spray"],"picked":"SKIP","floor":27.0},{"not_picked":["Finisher","Heel Hook"],"picked":"Noxious Fumes","floor":29.0},{"not_picked":["Die Die Die","Backstab","Masterful Stab"],"picked":"SKIP","floor":31.0},{"not_picked":["Night Terror","Tools of the Trade"],"picked":"Burst","floor":33.0},{"not_picked":["Bane+1","Blade Dance"],"picked":"Acrobatics","floor":35.0},{"not_picked":["Dodge and Roll","Acrobatics+1"],"picked":"PiercingWail","floor":37.0},{"not_picked":["Finisher","Deadly Poison","Masterful Stab"],"picked":"SKIP","floor":37.0},{"not_picked":["Dagger Spray","Choke"],"picked":"Dodge and Roll","floor":40},{"not_picked":["Poisoned Stab","Cloak And Dagger"],"picked":"Crippling Poison","floor":42}],"player_experience":1422777,"relics_obtained":[{"floor":8.0,"key":"Potion Belt"},{"floor":9.0,"key":"Omamori"},{"floor":14.0,"key":"Unceasing Top"},{"floor":24.0,"key":"Du-Vu Doll"},{"floor":26.0,"key":"The Courier"},{"floor":29.0,"key":"Tingsha"},{"floor":36.0,"key":"Prayer Wheel"},{"floor":40,"key":"Snake Skull"},{"floor":42,"key":"Pen Nib"}],"event_choices":[{"damage_healed":0.0,"max_hp_gain":5.0,"max_hp_loss":0.0,"gold_gain":0.0,"event_name":"Big Fish","player_choice":"Donut","floor":4.0,"gold_loss":0.0,"damage_taken":0.0},{"damage_healed":0.0,"max_hp_gain":0.0,"max_hp_loss":0.0,"gold_gain":150.0,"event_name":"Liars Game","player_choice":"AGREE","floor":5.0,"gold_loss":0.0,"damage_taken":0.0,"cards_obtained":["Doubt"]},{"cards_removed":["Doubt"],"damage_healed":0.0,"max_hp_gain":0.0,"max_hp_loss":0.0,"gold_gain":0.0,"event_name":"Fountain of Cleansing","player_choice":"Removed Curses","floor":7.0,"gold_loss":0.0,"damage_taken":0.0},{"cards_removed":["Strike_G"],"damage_healed":0.0,"max_hp_gain":0.0,"max_hp_loss":0.0,"gold_gain":0.0,"event_name":"The Cleric","player_choice":"Card Removal","floor":11.0,"gold_loss":75.0,"damage_taken":0.0},{"damage_healed":0.0,"max_hp_gain":0.0,"max_hp_loss":0.0,"gold_gain":0.0,"cards_transformed":["Strike_G"],"event_name":"Transmorgrifier","player_choice":"Transformed","floor":19.0,"gold_loss":0.0,"damage_taken":0.0,"cards_obtained":["Catalyst"]},{"damage_healed":0.0,"max_hp_gain":0.0,"max_hp_loss":0.0,"gold_gain":0.0,"event_name":"Mysterious Sphere","player_choice":"Fight","floor":36.0,"gold_loss":0.0,"damage_taken":0.0},{"damage_healed":0.0,"max_hp_gain":0.0,"max_hp_loss":0.0,"gold_gain":999.0,"event_name":"MindBloom","player_choice":"Gold","floor":38.0,"gold_loss":0.0,"damage_taken":0.0,"cards_obtained":["Normality","Normality"]},{"damage_healed":0.0,"max_hp_gain":0.0,"max_hp_loss":0.0,"gold_gain":0.0,"event_name":"Tomb of Lord Red Mask","player_choice":"Ignored","floor":39.0,"gold_loss":0.0,"damage_taken":0.0}],"is_beta":true,"boss_relics":[{"not_picked":["Busted Crown","WristBlade"],"picked":"White Beast Statue"},{"not_picked":["Tiny House","Eternal Feather"],"picked":"Fusion Hammer"}],"items_purged_floors":[13,21],"is_endless":false,"potions_floor_spawned":[1,10,14,16,18,20,22,24,27,29,31,33,35,36,37,40,42],"killed_by":"Reptomancer","ascension_level":20}