{"gold_per_floor":[112,129,149,160,160,160,185,201,201,233,245,261,280,292,292,389,389,406,406,420,440,540,540],"floor_reached":23,"playtime":2076,"items_purged":[],"score":209,"play_id":"1cb6e539-8ff6-4074-91fe-761b8939a95e","local_time":"20190418145731","is_ascension_mode":false,"campfire_choices":[{"data":"Poisoned Stab","floor":6,"key":"SMITH"},{"floor":15,"key":"REST"}],"neow_cost":"NONE","seed_source_timestamp":179659722594453,"circlet_count":0,"master_deck":["Defend_G","Defend_G","Defend_G","Defend_G","Defend_G","Strike_G","Strike_G","Strike_G","Strike_G","Strike_G","Survivor","Neutralize","Deadly Poison","Dagger Throw","Poisoned Stab+1","Outmaneuver","Noxious Fumes","Flying Knee","Distraction","Die Die Die","Expertise","PiercingWail","Heel Hook","Adrenaline","Well Laid Plans","Backstab+1","Deadly Poison+1"],"relics":["Ring of the Serpent","Pen Nib","Lantern","Sundial","Kunai","CultistMask"],"potions_floor_usage":[12],"damage_taken":[{"damage":1,"enemies":"Cultist","floor":1,"turns":4},{"damage":2,"enemies":"Small Slimes","floor":2,"turns":4},{"damage":0,"enemies":"Jaw Worm","floor":3,"turns":2},{"damage":9,"enemies":"Gremlin Gang","floor":4,"turns":3},{"damage":27,"enemies":"Lagavulin","floor":7,"turns":7},{"damage":0,"enemies":"3 Louse","floor":8,"turns":2},{"damage":6,"enemies":"Gremlin Nob","floor":10,"turns":3},{"damage":19,"enemies":"Exordium Thugs","floor":11,"turns":5},{"damage":5,"enemies":"Exordium Wildlife","floor":12,"turns":3},{"damage":2,"enemies":"3 Louse","floor":13,"turns":3},{"damage":0,"enemies":"Large Slime","floor":14,"turns":3},{"damage":21,"enemies":"The Guardian","floor":16,"turns":9},{"damage":0,"enemies":"Chosen","floor":18,"turns":4},{"damage":13,"enemies":"Spheric Guardian","floor":20,"turns":4},{"damage":10,"enemies":"3 Cultists","floor":21,"turns":8},{"damage":58,"enemies":"Slavers","floor":23,"turns":3}],"seed_played":"-4676539291366895579","potions_obtained":[{"floor":3,"key":"FearPotion"},{"floor":8,"key":"EssenceOfSteel"},{"floor":10,"key":"Fruit Juice"},{"floor":11,"key":"Poison Potion"},{"floor":14,"key":"FearPotion"}],"is_trial":false,"path_per_floor":["M","M","M","M","?","R","E","M","T","E","M","M","M","M","R","B",null,"M","?","M","M","?","E"],"character_chosen":"THE_SILENT","items_purchased":[],"campfire_rested":1,"item_purchase_floors":[],"current_hp_per_floor":[69,67,67,58,70,70,43,43,43,37,18,18,16,16,38,17,75,75,75,62,52,52,0],"gold":540,"neow_bonus":"RANDOM_COMMON_RELIC","is_prod":false,"is_daily":false,"chose_seed":false,"campfire_upgraded":1,"win_rate":0.0,"timestamp":1555579651,"path_taken":["M","M","M","?","?","R","E","M","T","E","?","M","M","M","R","BOSS","M","?","?","M","?","E"],"build_version":"2019-01-23","purchased_purges":0,"victory":false,"max_hp_per_floor":[70,70,70,70,70,70,70,70,70,70,70,75,75,75,75,75,75,75,75,75,75,75,75],"card_choices":[{"not_picked":["Outmaneuver","Slice"],"picked":"Deadly Poison","floor":1},{"not_picked":["PiercingWail","Backflip"],"picked":"Dagger Throw","floor":2},{"not_picked":["Dodge and Roll","Deflect"],"picked":"Poisoned Stab","floor":3},{"not_picked":["Acrobatics","Sucker Punch"],"picked":"Outmaneuver","floor":4},{"not_picked":["Calculated Gamble","Poisoned Stab"],"picked":"Noxious Fumes","floor":7},{"not_picked":["Escape Plan","Blade Dance"],"picked":"Flying Knee","floor":8},{"not_picked":["Backflip","Underhanded Strike"],"picked":"Distraction","floor":10},{"not_picked":["Quick Slash","Eviscerate"],"picked":"Die Die Die","floor":11},{"not_picked":["All Out Attack","PiercingWail"],"picked":"Expertise","floor":12},{"not_picked":["Quick Slash","Prepared"],"picked":"PiercingWail","floor":13},{"not_picked":["Dagger Throw","Caltrops"],"picked":"Heel Hook","floor":14},{"not_picked":["Wraith Form v2","Venomology"],"picked":"Adrenaline","floor":16},{"not_picked":["Dodge and Roll","Underhanded Strike"],"picked":"Well Laid Plans","floor":18},{"not_picked":["Poisoned Stab","Crippling Poison"],"picked":"Backstab+1","floor":20},{"not_picked":["Backstab","Underhanded Strike"],"picked":"Deadly Poison+1","floor":21}],"player_experience":36165,"relics_obtained":[{"floor":7,"key":"Lantern"},{"floor":9,"key":"Sundial"},{"floor":10,"key":"Kunai"}],"event_choices":[{"damage_healed":12,"gold_gain":0,"player_choice":"Full Heal","damage_taken":0,"max_hp_gain":0,"max_hp_loss":0,"event_name":"Wheel of Change","floor":5,"gold_loss":0},{"damage_healed":0,"gold_gain":0,"player_choice":"Trade","damage_taken":0,"relics_obtained":["CultistMask"],"max_hp_gain":0,"max_hp_loss":0,"event_name":"FaceTrader","floor":19,"gold_loss":0},{"damage_healed":0,"gold_gain":100,"player_choice":"Pray","damage_taken":0,"max_hp_gain":0,"max_hp_loss":0,"event_name":"Golden Shrine","floor":22,"gold_loss":0}],"is_beta":false,"boss_relics":[{"not_picked":["HoveringKite","Empty Cage"],"picked":"Ring of the Serpent"}],"items_purged_floors":[],"is_endless":false,"potions_floor_spawned":[3,8,10,11,14,21],"killed_by":"Slavers","ascension_level":0}