{"gold_per_floor":[114,114,114,114,37,65,65,100,100,100,120,135,135,154,154,231,231,243,243,259,275,49,78,78,78],"floor_reached":25,"playtime":719,"items_purged":[],"score":608,"play_id":"3a411fd3-86a5-4895-9a9c-6a57c55eba0a","local_time":"20190122230824","is_ascension_mode":true,"campfire_choices":[{"data":"Noxious Fumes","floor":7.0,"key":"SMITH"},{"data":"Poisoned Stab","floor":10.0,"key":"SMITH"},{"data":"Neutralize","floor":13.0,"key":"SMITH"},{"data":"Dodge and Roll","floor":15.0,"key":"SMITH"},{"floor":24,"key":"REST"}],"neow_cost":"NONE","seed_source_timestamp":354169145110874,"circlet_count":0,"master_deck":["AscendersBane","Defend_G","Defend_G","Defend_G","Defend_G","Defend_G","Strike_G","Strike_G","Survivor","Neutralize+1","Poisoned Stab+1","Noxious Fumes+1","Backflip","Dodge and Roll+1","Corpse Explosion","Dodge and Roll","Catalyst"],"special_seed":0,"relics":["Ring of the Snake","NeowsBlessing","Orichalcum","Ninja Scroll","Sundial","PreservedInsect","Snake Skull","Empty Cage","Strange Spoon","Ancient Tea Set"],"potions_floor_usage":[23],"damage_taken":[{"damage":0.0,"enemies":"2 Louse","floor":1.0,"turns":1.0},{"damage":0.0,"enemies":"Gremlin Nob","floor":6.0,"turns":1.0},{"damage":0.0,"enemies":"Lagavulin","floor":8.0,"turns":1.0},{"damage":0.0,"enemies":"Jaw Worm","floor":11.0,"turns":3.0},{"damage":0.0,"enemies":"Cultist","floor":12.0,"turns":3.0},{"damage":18.0,"enemies":"Exordium Thugs","floor":14.0,"turns":4.0},{"damage":1.0,"enemies":"The Guardian","floor":16.0,"turns":9.0},{"damage":8.0,"enemies":"Shell Parasite","floor":18.0,"turns":5.0},{"damage":10.0,"enemies":"2 Thieves","floor":20.0,"turns":4.0},{"damage":13.0,"enemies":"Snecko","floor":21.0,"turns":7.0},{"damage":19,"enemies":"Gremlin Leader","floor":23,"turns":4},{"damage":13,"enemies":"Cultist and Chosen","floor":25,"turns":5}],"seed_played":"-997218461585621869","potions_obtained":[{"floor":6.0,"key":"AttackPotion"},{"floor":8.0,"key":"Ancient Potion"},{"floor":18.0,"key":"Fire Potion"}],"is_trial":false,"path_per_floor":["?","?","T","$","M","?"],"character_chosen":"THE_SILENT","items_purchased":["Noxious Fumes","Strange Spoon"],"campfire_rested":1,"item_purchase_floors":[5,22],"current_hp_per_floor":[59,41,34,34,34,34,34,34,34,34,34,34,34,16,16,15,53,45,45,35,22,22,3,22,9],"gold":78,"neow_bonus":"THREE_ENEMY_KILL","is_prod":false,"is_daily":false,"chose_seed":false,"campfire_upgraded":4,"win_rate":0,"timestamp":1548227304,"path_taken":["M","?","?","?","?","E","R","E","T","R","M","?","R","M","R","BOSS","M","?","M","M","$","E","R","M"],"build_version":"2019-01-22","purchased_purges":0,"victory":false,"max_hp_per_floor":[66,66,66,66,66,66,66,66,66,66,66,66,66,66,66,66,66,66,66,66,66,66,66,66,66],"card_choices":[{"not_picked":["Deflect","Quick Slash"],"picked":"Poisoned Stab","floor":1.0},{"not_picked":["Skewer","Caltrops"],"picked":"Backflip","floor":6.0},{"not_picked":["Concentrate","Calculated Gamble","Backflip"],"picked":"SKIP","floor":8.0},{"not_picked":["Outmaneuver","Flechettes","Endless Agony"],"picked":"SKIP","floor":11.0},{"not_picked":["Predator","Prepared"],"picked":"Dodge and Roll","floor":12.0},{"not_picked":["Setup","Eviscerate","Masterful Stab"],"picked":"SKIP","floor":14.0},{"not_picked":["After Image","Burst"],"picked":"Corpse Explosion","floor":16.0},{"not_picked":["Dagger Throw","Poisoned Stab"],"picked":"Dodge and Roll","floor":18.0},{"not_picked":["Underhanded Strike","Prepared"],"picked":"Catalyst","floor":20.0},{"not_picked":["Outmaneuver","Masterful Stab","Dagger Throw"],"picked":"SKIP","floor":21.0},{"not_picked":["Finisher","Sucker Punch","Deflect"],"picked":"SKIP","floor":23}],"player_experience":1016725,"relics_obtained":[{"floor":4.0,"key":"Ninja Scroll"},{"floor":6.0,"key":"Sundial"},{"floor":8.0,"key":"PreservedInsect"},{"floor":9.0,"key":"Snake Skull"},{"floor":23,"key":"Ancient Tea Set"}],"event_choices":[{"damage_healed":0.0,"max_hp_gain":0.0,"max_hp_loss":0.0,"gold_gain":0.0,"event_name":"Scrap Ooze","player_choice":"Success","floor":2.0,"gold_loss":0.0,"damage_taken":18.0,"relics_obtained":["Orichalcum"]},{"cards_removed":["Strike_G"],"damage_healed":0.0,"max_hp_gain":0.0,"max_hp_loss":0.0,"gold_gain":0.0,"event_name":"Golden Wing","player_choice":"Card Removal","floor":3.0,"gold_loss":0.0,"damage_taken":7.0},{"damage_healed":0.0,"max_hp_gain":0.0,"max_hp_loss":0.0,"gold_gain":0.0,"event_name":"The Mausoleum","player_choice":"Ignored","floor":19.0,"gold_loss":0.0,"damage_taken":0.0}],"is_beta":true,"boss_relics":[{"not_picked":["Coffee Dripper","White Beast Statue"],"picked":"Empty Cage"}],"items_purged_floors":[],"is_endless":false,"potions_floor_spawned":[6,8,12,18],"killed_by":"Cultist and Chosen","ascension_level":20}