{"gold_per_floor":[213,213,213,226,4,4,19,45,71,106,71,90,90,107,107,186,186,203,203,1,12,12,47,47,65,117,132,132,132,163,178,178,253,253,271,285,285,285,285,285],"floor_reached":40,"playtime":1783,"items_purged":["Decay"],"score":868,"play_id":"0341ba23-64a0-46d3-8328-f697be37e0f3","local_time":"20190413025813","is_ascension_mode":true,"campfire_choices":[{"data":"Defragment","floor":6.0,"key":"SMITH"},{"data":"Zap","floor":13.0,"key":"SMITH"},{"floor":15.0,"key":"REST"},{"floor":24.0,"key":"REST"},{"data":"Hologram","floor":28.0,"key":"SMITH"},{"floor":32.0,"key":"REST"}],"neow_cost":"NONE","seed_source_timestamp":3400211875323,"circlet_count":0,"master_deck":["AscendersBane","Zap+1","Dualcast","Ball Lightning","Defragment+1","Conserve Battery","Hologram+1","Echo Form","Coolheaded","Glacier","Self Repair","Reinforced Body","Glacier","Gash","Chill","Echo Form","Dark Shackles"],"special_seed":0,"relics":["Cracked Core","Art of War","Juzu Bracelet","Happy Flower","Bottled Flame","Pandora\u0027s Box","Matryoshka","Bottled Tornado","Blood Vial","Nilry\u0027s Codex","Smiling Mask","Inserter"],"potions_floor_usage":[],"damage_taken":[{"damage":2.0,"enemies":"Small Slimes","floor":1.0,"turns":4.0},{"damage":0.0,"enemies":"Cultist","floor":4.0,"turns":3.0},{"damage":7.0,"enemies":"Jaw Worm","floor":7.0,"turns":4.0},{"damage":18.0,"enemies":"Lagavulin","floor":8.0,"turns":6.0},{"damage":26.0,"enemies":"3 Sentries","floor":10.0,"turns":7.0},{"damage":12.0,"enemies":"Large Slime","floor":12.0,"turns":5.0},{"damage":4.0,"enemies":"2 Fungi Beasts","floor":14.0,"turns":3.0},{"damage":31.0,"enemies":"Slime Boss","floor":16.0,"turns":8.0},{"damage":22.0,"enemies":"2 Thieves","floor":18.0,"turns":3.0},{"damage":9.0,"enemies":"3 Byrds","floor":21.0,"turns":6.0},{"damage":35.0,"enemies":"Book of Stabbing","floor":23.0,"turns":8.0},{"damage":2.0,"enemies":"Snake Plant","floor":25.0,"turns":6.0},{"damage":1.0,"enemies":"Cultist and Chosen","floor":27.0,"turns":6.0},{"damage":43.0,"enemies":"Slavers","floor":30.0,"turns":4.0},{"damage":0.0,"enemies":"Snecko","floor":31.0,"turns":6.0},{"damage":13.0,"enemies":"Champ","floor":33.0,"turns":17.0},{"damage":11.0,"enemies":"Orb Walker","floor":35.0,"turns":5.0},{"damage":17,"enemies":"3 Shapes","floor":36,"turns":5},{"damage":0,"enemies":"Nemesis","floor":40,"turns":1}],"seed_played":"318840671712690625","potions_obtained":[{"floor":1.0,"key":"Ancient Potion"},{"floor":8.0,"key":"FearPotion"},{"floor":10.0,"key":"Poison Potion"},{"floor":27.0,"key":"Strength Potion"},{"floor":30.0,"key":"Explosive Potion"},{"floor":33.0,"key":"LiquidBronze"}],"is_trial":false,"path_per_floor":["M","?","?","M","$","R","M","E","T","E","?","M","R","M","R","B",null,"M","?","$","M","$","E","R","M","T","M","R","?","E","M","R","B",null,"M","M","?","$","?","E"],"character_chosen":"DEFECT","items_purchased":["Art of War","Conserve Battery","Glacier","Self Repair"],"campfire_rested":3,"item_purchase_floors":[5,5,20,20],"current_hp_per_floor":[62,67,67,67,67,67,60,42,42,16,35,23,23,19,41,10,60,38,38,38,43,43,15,37,49,49,64,64,43,2,18,40,43,68,66,65,65,65,55,57],"gold":285,"neow_bonus":"HUNDRED_GOLD","is_prod":false,"is_daily":false,"chose_seed":false,"campfire_upgraded":3,"win_rate":0,"timestamp":1555149493,"path_taken":["M","?","?","?","?","R","?","E","T","E","?","M","R","M","R","BOSS","M","?","$","M","$","E","R","M","T","M","R","?","E","M","R","BOSS","M","M","?","$","?","E"],"build_version":"2019-04-04","purchased_purges":1,"victory":false,"max_hp_per_floor":[71,76,76,76,76,76,76,76,76,76,76,76,76,76,76,76,76,76,76,76,76,76,76,76,76,76,76,76,76,76,76,76,76,76,76,76,72,72,72,72],"card_choices":[{"not_picked":["Sunder","Sweeping Beam"],"picked":"Ball Lightning","floor":1.0},{"not_picked":["Melter","White Noise"],"picked":"Defragment","floor":4.0},{"not_picked":["Skim","Fusion","Steam Power"],"picked":"SKIP","floor":7.0},{"not_picked":["Gash","Go for the Eyes","Steam Power"],"picked":"SKIP","floor":8.0},{"not_picked":["Turbo","Compile Driver","Barrage"],"picked":"SKIP","floor":10.0},{"not_picked":["Barrage","Hello World"],"picked":"Hologram","floor":12.0},{"not_picked":["Hello World","Reboot","Rebound"],"picked":"SKIP","floor":14.0},{"not_picked":["Creative AI","Hyperbeam"],"picked":"Echo Form","floor":16.0},{"not_picked":["BootSequence","Steam Power"],"picked":"Coolheaded","floor":18.0},{"not_picked":["Auto Shields","Coolheaded"],"picked":"Reinforced Body","floor":21.0},{"not_picked":["Reinforced Body","Coolheaded","Melter+1"],"picked":"SKIP","floor":23.0},{"not_picked":["Rip and Tear","Rebound+1"],"picked":"Glacier","floor":25.0},{"not_picked":["Go for the Eyes","Storm"],"picked":"Gash","floor":27.0},{"not_picked":["Force Field","Leap"],"picked":"Chill","floor":30.0},{"not_picked":["Ball Lightning","Reinforced Body","Multi-Cast"],"picked":"SKIP","floor":31.0},{"not_picked":["Buffer","Core Surge"],"picked":"Echo Form","floor":33.0},{"not_picked":["Turbo","Ball Lightning","Go for the Eyes"],"picked":"SKIP","floor":35.0},{"not_picked":["Turbo","Ball Lightning","Go for the Eyes"],"picked":"SKIP","floor":35.0},{"not_picked":["Undo+1","Hello World+1","Conserve Battery"],"picked":"SKIP","floor":36},{"not_picked":["Enlightenment","Bandage Up"],"picked":"Dark Shackles","floor":39}],"player_experience":1401578,"relics_obtained":[{"floor":8.0,"key":"Juzu Bracelet"},{"floor":9.0,"key":"Happy Flower"},{"floor":10.0,"key":"Bottled Flame"},{"floor":23.0,"key":"Matryoshka"},{"floor":26.0,"key":"Bottled Tornado"},{"floor":26.0,"key":"Blood Vial"},{"floor":29.0,"key":"Nilry\u0027s Codex"},{"floor":30.0,"key":"Smiling Mask"}],"event_choices":[{"damage_healed":0.0,"max_hp_gain":5.0,"max_hp_loss":0.0,"gold_gain":0.0,"event_name":"Big Fish","player_choice":"Donut","floor":2.0,"gold_loss":0.0,"damage_taken":0.0},{"cards_removed":["Strike_B"],"damage_healed":0.0,"max_hp_gain":0.0,"max_hp_loss":0.0,"gold_gain":0.0,"event_name":"Bonfire Elementals","player_choice":"Offered Basic","floor":3.0,"gold_loss":0.0,"damage_taken":0.0},{"damage_healed":19.0,"max_hp_gain":0.0,"max_hp_loss":0.0,"gold_gain":0.0,"event_name":"The Cleric","player_choice":"Healed","floor":11.0,"gold_loss":35.0,"damage_taken":0.0},{"damage_healed":0.0,"max_hp_gain":0.0,"max_hp_loss":0.0,"gold_gain":0.0,"event_name":"Forgotten Altar","player_choice":"Smashed Altar","floor":19.0,"gold_loss":0.0,"damage_taken":0.0,"cards_obtained":["Decay"]},{"damage_healed":0.0,"max_hp_gain":0.0,"max_hp_loss":0.0,"gold_gain":0.0,"event_name":"Cursed Tome","player_choice":"Obtained Book","floor":29.0,"gold_loss":0.0,"damage_taken":21.0},{"damage_healed":0,"gold_gain":0,"player_choice":"Max HP","damage_taken":0,"max_hp_gain":0,"max_hp_loss":4,"event_name":"Winding Halls","floor":37,"gold_loss":0},{"damage_healed":0,"gold_gain":0,"player_choice":"Memory 3","damage_taken":10,"max_hp_gain":0,"max_hp_loss":0,"event_name":"SensoryStone","floor":39,"gold_loss":0}],"is_beta":true,"boss_relics":[{"not_picked":["Sozu","Runic Pyramid"],"picked":"Pandora\u0027s Box"},{"not_picked":["White Beast Statue","Runic Dome"],"picked":"Inserter"}],"items_purged_floors":[20],"is_endless":false,"potions_floor_spawned":[1,8,10,27,30,33],"killed_by":"Nemesis","ascension_level":20}