{"gold_per_floor":[112,112,112,130,140,140,165,179,257,257,270,77,107,134,146,254,266,264,131,147,147,147,147,179,191,218,218,238,238,257,1,1,1],"floor_reached":33,"playtime":6029,"items_purged":[],"score":440,"play_id":"d07f6335-6776-41ef-abab-b1ffd90dd804","local_time":"20190421222600","is_ascension_mode":true,"campfire_choices":[{"data":"Glass Knife","floor":6.0,"key":"SMITH"},{"floor":10.0,"key":"DIG"},{"floor":13.0,"key":"DIG"},{"floor":15.0,"key":"DIG"},{"data":"Sucker Punch","floor":23.0,"key":"SMITH"},{"data":"Well Laid Plans","floor":27.0,"key":"SMITH"},{"data":"Dash","floor":29.0,"key":"SMITH"},{"floor":32.0,"key":"REST"}],"neow_cost":"NONE","seed_source_timestamp":117790346104300,"circlet_count":0,"master_deck":["AscendersBane","Defend_G","Defend_G","Defend_G","Defend_G","Strike_G","Strike_G","Strike_G","Strike_G","Survivor","Neutralize","Glass Knife+1","Dash+1","Slice","Caltrops","Leg Sweep","Riddle With Holes","Backstab","Well Laid Plans+1","Adrenaline","Sucker Punch+1","Escape Plan","PiercingWail","Outmaneuver+1","Quick Slash","Glass Knife"],"special_seed":0,"relics":["Ring of the Snake","Shovel","Darkstone Periapt","Art of War","Sling","Tiny Chest","MawBank","Potion Belt","White Beast Statue","Boot","MutagenicStrength","Blood Vial","Snake Skull","Paper Crane"],"potions_floor_usage":[33,33,33],"damage_taken":[{"damage":0.0,"enemies":"2 Louse","floor":1.0,"turns":2.0},{"damage":6.0,"enemies":"Jaw Worm","floor":4.0,"turns":5.0},{"damage":0.0,"enemies":"Cultist","floor":5.0,"turns":3.0},{"damage":18.0,"enemies":"Gremlin Nob","floor":7.0,"turns":4.0},{"damage":0.0,"enemies":"2 Fungi Beasts","floor":8.0,"turns":3.0},{"damage":1.0,"enemies":"3 Louse","floor":11.0,"turns":3.0},{"damage":3.0,"enemies":"3 Sentries","floor":14.0,"turns":8.0},{"damage":14.0,"enemies":"The Guardian","floor":16.0,"turns":13.0},{"damage":1.0,"enemies":"2 Thieves","floor":18.0,"turns":4.0},{"damage":0.0,"enemies":"3 Byrds","floor":20.0,"turns":3.0},{"damage":6.0,"enemies":"Slavers","floor":24.0,"turns":6.0},{"damage":3.0,"enemies":"Shelled Parasite and Fungi","floor":25.0,"turns":6.0},{"damage":7.0,"enemies":"Cultist and Chosen","floor":28.0,"turns":8.0},{"damage":7.0,"enemies":"Centurion and Healer","floor":30.0,"turns":6.0},{"damage":93,"enemies":"Champ","floor":33,"turns":18}],"seed_played":"-5439577280936012040","potions_obtained":[{"floor":4.0,"key":"Swift Potion"},{"floor":8.0,"key":"SkillPotion"},{"floor":11.0,"key":"SkillPotion"},{"floor":18.0,"key":"Ancient Potion"},{"floor":20.0,"key":"Ancient Potion"},{"floor":24.0,"key":"Regen Potion"},{"floor":25.0,"key":"EssenceOfSteel"},{"floor":28.0,"key":"Weak Potion"},{"floor":30.0,"key":"SteroidPotion"}],"is_trial":false,"path_per_floor":["M","?","?","M","M","R","E","M","T","R","M","$","R","E","R","B",null,"M","$","M","?","?","R","E","M","T","R","M","R","M","$","R","B"],"character_chosen":"THE_SILENT","items_purchased":["Sling","Boot","Paper Crane"],"campfire_rested":1,"item_purchase_floors":[12,19,31],"current_hp_per_floor":[63,68,68,62,62,62,44,44,44,44,43,43,43,40,40,26,63,62,62,62,62,62,62,56,70,70,70,65,65,60,60,75,0],"gold":1,"neow_bonus":"TRANSFORM_CARD","is_prod":false,"is_daily":false,"chose_seed":false,"campfire_upgraded":4,"win_rate":0,"timestamp":1555878360,"path_taken":["M","?","?","M","M","R","E","M","T","R","M","$","R","E","R","BOSS","M","$","?","?","?","R","E","M","T","R","M","R","M","$","R","BOSS"],"build_version":"2019-01-23","purchased_purges":0,"victory":false,"max_hp_per_floor":[70,75,75,75,75,75,75,75,75,75,75,75,75,75,75,75,75,75,75,75,75,75,75,75,75,75,75,75,75,75,75,75,75],"card_choices":[{"not_picked":["Backflip","Quick Slash"],"picked":"Dash","floor":1.0},{"not_picked":["Heel Hook","Backflip"],"picked":"Slice","floor":4.0},{"not_picked":["Deadly Poison","Outmaneuver"],"picked":"Caltrops","floor":5.0},{"not_picked":["Phantasmal Killer","Dodge and Roll"],"picked":"Leg Sweep","floor":7.0},{"not_picked":["Eviscerate","Infinite Blades"],"picked":"Riddle With Holes","floor":8.0},{"not_picked":["Dodge and Roll","Bane"],"picked":"Backstab","floor":11.0},{"not_picked":["Slice","Footwork"],"picked":"Well Laid Plans","floor":14.0},{"not_picked":["Tools of the Trade","Die Die Die"],"picked":"Adrenaline","floor":16.0},{"not_picked":["Dodge and Roll","Endless Agony"],"picked":"Sucker Punch","floor":18.0},{"not_picked":["Setup","Dagger Spray"],"picked":"Escape Plan","floor":20.0},{"not_picked":["Dagger Throw","Catalyst"],"picked":"PiercingWail","floor":24.0},{"not_picked":["Setup","Expertise"],"picked":"Outmaneuver+1","floor":25.0},{"not_picked":["Bane","Deadly Poison"],"picked":"Quick Slash","floor":28.0},{"not_picked":["Outmaneuver","Finisher"],"picked":"Glass Knife","floor":30.0}],"player_experience":678838,"relics_obtained":[{"floor":7.0,"key":"Shovel"},{"floor":9.0,"key":"Darkstone Periapt"},{"floor":10.0,"key":"Art of War"},{"floor":13.0,"key":"Tiny Chest"},{"floor":14.0,"key":"MawBank"},{"floor":15.0,"key":"Potion Belt"},{"floor":24.0,"key":"Blood Vial"},{"floor":26.0,"key":"Snake Skull"}],"event_choices":[{"damage_healed":0.0,"max_hp_gain":5.0,"max_hp_loss":0.0,"gold_gain":0.0,"event_name":"Big Fish","player_choice":"Donut","floor":2.0,"gold_loss":0.0,"damage_taken":0.0},{"cards_removed":["Defend_G"],"damage_healed":0.0,"max_hp_gain":0.0,"max_hp_loss":0.0,"gold_gain":0.0,"event_name":"Bonfire Elementals","player_choice":"Offered Basic","floor":3.0,"gold_loss":0.0,"damage_taken":0.0},{"damage_healed":0.0,"max_hp_gain":0.0,"max_hp_loss":0.0,"gold_gain":0.0,"event_name":"Vampires","player_choice":"Ignored","floor":21.0,"gold_loss":0.0,"damage_taken":0.0},{"damage_healed":0.0,"max_hp_gain":0.0,"max_hp_loss":0.0,"gold_gain":0.0,"event_name":"Drug Dealer","player_choice":"Inject Mutagens","floor":22.0,"gold_loss":0.0,"damage_taken":0.0,"relics_obtained":["MutagenicStrength"]}],"is_beta":false,"boss_relics":[{"not_picked":["Pandora\u0027s Box","HoveringKite"],"picked":"White Beast Statue"}],"items_purged_floors":[],"is_endless":false,"potions_floor_spawned":[4,8,11,18,20,24,25,28,30],"killed_by":"Champ","ascension_level":12}