{"path_per_floor":["M","?","?","?","M","E","R","M","T","R","T","?","M","M","R","B",null,"M","?","$","?","M","R"],"character_chosen":"IRONCLAD","items_purchased":["Thinking Ahead"],"gold_per_floor":[110,285,285,285,295,323,323,338,338,338,338,338,353,363,363,458,458,478,478,194,119,135,135],"floor_reached":24,"campfire_rested":0,"playtime":1404,"current_hp_per_floor":[80,80,80,64,65,47,47,58,58,58,58,51,57,63,63,20,80,66,51,51,51,41,47],"items_purged":["Strike_R"],"gold":135,"score":194,"play_id":"64a64764-5249-4dc8-b66b-9407251f9d3d","local_time":"20180315013547","is_prod":false,"is_daily":false,"is_ascension_mode":false,"campfire_upgraded":4,"timestamp":1521092147,"path_taken":["M","?","?","?","M","E","R","M","T","R","?","?","?","M","R","BOSS","M","?","$","?","M","R","E"],"build_version":"2018-03-09","purchased_purges":1,"victory":false,"master_deck":["Strike_R+1","Strike_R+1","Strike_R","Defend_R","Defend_R","Defend_R","Bash+1","Battle Trance","Infernal Blade+1","Heavy Blade+1","Twin Strike+1","Offering","Shrug It Off","Thinking Ahead+1","Pommel Strike+1"],"max_hp_per_floor":[80,80,80,80,80,80,80,80,80,80,80,80,80,80,80,80,80,80,85,85,85,85,85],"relics":["Burning Blood","Bird Faced Urn","Pen Nib","Happy Flower","Eternal Feather"],"card_choices":[{"not_picked":["Pummel","Carnage"],"picked":"Battle Trance"},{"not_picked":["Blood for Blood","Wild Strike"],"picked":"Infernal Blade"},{"not_picked":["Uppercut","Perfected Strike"],"picked":"Heavy Blade"},{"not_picked":["Havoc","Intimidate"],"picked":"Twin Strike"},{"not_picked":["Juggernaut","Feed"],"picked":"Offering"},{"not_picked":["Bloodletting","Anger"],"picked":"Shrug It Off"},{"not_picked":["Corruption","Anger"],"picked":"Pommel Strike"}],"player_experience":74402,"potions_floor_usage":[6,16],"damage_taken":[{"damage":6,"enemies":"Jaw Worm","floor":1,"turns":3},{"damage":5,"enemies":"2 Louse","floor":5,"turns":3},{"damage":24,"enemies":"Lagavulin","floor":6,"turns":5},{"damage":1,"enemies":"Cultist","floor":8,"turns":3},{"damage":0,"enemies":"3 Louse","floor":13,"turns":2},{"damage":0,"enemies":"Exordium Wildlife","floor":14,"turns":2},{"damage":49,"enemies":"The Guardian","floor":16,"turns":8},{"damage":20,"enemies":"Spheric Guardian","floor":18,"turns":4},{"damage":16,"enemies":"Shell Parasite","floor":22,"turns":3},{"damage":49,"enemies":"Book of Stabbing","floor":24,"turns":4}],"event_choices":[{"event_name":"Liars Game","player_choice":"agreed","floor":2,"damage_taken":0},{"event_name":"Living Wall","player_choice":"Forget","floor":3,"damage_taken":0},{"event_name":"Shining Light","player_choice":"Entered Light","floor":4,"damage_taken":0},{"event_name":"Golden Wing","player_choice":"Card Removal","floor":12,"damage_taken":0},{"event_name":"Forgotten Altar","player_choice":"Shed Blood","floor":19,"damage_taken":0},{"event_name":"Beggar","player_choice":"Gave Gold","floor":21,"damage_taken":0}],"boss_relics":[{"not_picked":["Runic Dome","Calling Bell"],"picked":"Eternal Feather"}],"potions_floor_spawned":[1,5],"seed_played":"702237965425772735","killed_by":"Book of Stabbing","ascension_level":0,"is_trial":false}