{"gold_per_floor":[118,393,413,24,36,36,46,46,69,98,98,98,127,43,43,118,118,136,136,147,158,175,175,195,195,195,227,243,260,260,260],"floor_reached":31,"playtime":1395,"items_purged":["Regret"],"score":514,"play_id":"b25643f1-32fb-45d0-bc84-c83ec32a66c7","local_time":"20190413021430","is_ascension_mode":true,"campfire_choices":[{"data":"Zap","floor":6.0,"key":"SMITH"},{"floor":12.0,"key":"REST"},{"data":"Static Discharge","floor":15.0,"key":"SMITH"},{"floor":23,"key":"REST"},{"floor":25,"key":"REST"},{"data":"Reinforced Body","floor":30,"key":"SMITH"}],"neow_cost":"NONE","seed_source_timestamp":1286328026448,"circlet_count":0,"master_deck":["AscendersBane","Strike_B","Strike_B","Strike_B","Strike_B","Defend_B","Defend_B","Defend_B","Defend_B","Zap+1","Dualcast","White Noise+1","Coolheaded","Coolheaded","Capacitor+1","Static Discharge+1","Echo Form","Conserve Battery+1","Consume+1","Cold Snap","Darkness","Reinforced Body+1","Hologram","Cold Snap"],"special_seed":0,"relics":["Cracked Core","Potion Belt","Odd Mushroom","Happy Flower","Nuclear Battery","Letter Opener","Centennial Puzzle"],"potions_floor_usage":[22,27],"damage_taken":[{"damage":14.0,"enemies":"Small Slimes","floor":1.0,"turns":4.0},{"damage":8.0,"enemies":"Cultist","floor":3.0,"turns":3.0},{"damage":7.0,"enemies":"Jaw Worm","floor":5.0,"turns":3.0},{"damage":1.0,"enemies":"2 Fungi Beasts","floor":7.0,"turns":4.0},{"damage":16.0,"enemies":"The Mushroom Lair","floor":10.0,"turns":5.0},{"damage":28.0,"enemies":"3 Sentries","floor":13.0,"turns":8.0},{"damage":14.0,"enemies":"The Guardian","floor":16.0,"turns":8.0},{"damage":7,"enemies":"Spheric Guardian","floor":18,"turns":4},{"damage":16,"enemies":"Chosen","floor":20,"turns":6},{"damage":20,"enemies":"Centurion and Healer","floor":21,"turns":7},{"damage":7,"enemies":"Snecko","floor":22,"turns":8},{"damage":12,"enemies":"Snake Plant","floor":24,"turns":6},{"damage":10,"enemies":"Book of Stabbing","floor":27,"turns":4},{"damage":8,"enemies":"Sentry and Sphere","floor":28,"turns":8},{"damage":3,"enemies":"Snecko","floor":29,"turns":5},{"damage":23,"enemies":"Shelled Parasite and Fungi","floor":31,"turns":3}],"seed_played":"-8949197993488097770","potions_obtained":[{"floor":1.0,"key":"GamblersBrew"},{"floor":3.0,"key":"PowerPotion"},{"floor":16.0,"key":"Explosive Potion"},{"floor":21,"key":"Weak Potion"},{"floor":22,"key":"PowerPotion"},{"floor":27,"key":"SteroidPotion"}],"is_trial":false,"path_per_floor":["M","?","M","$","M","R","M","$","T","?","?","R","E","$","R","B",null,"M","?","M","M","M","R","M","R","T","E","M","M","R","M"],"character_chosen":"DEFECT","items_purchased":["Potion Belt","FocusPotion","Fire Potion","Static Discharge"],"campfire_rested":3,"item_purchase_floors":[4,4,4,14],"current_hp_per_floor":[57,57,49,49,42,42,41,41,41,25,25,48,20,20,20,6,60,53,53,37,17,10,33,21,44,44,34,26,23,23,0],"gold":260,"neow_bonus":"TEN_PERCENT_HP_BONUS","is_prod":false,"is_daily":false,"chose_seed":false,"campfire_upgraded":3,"win_rate":0,"timestamp":1555146870,"path_taken":["M","?","?","$","M","R","M","$","T","?","?","R","E","?","R","BOSS","M","?","?","M","M","R","M","R","T","E","M","M","R","M"],"build_version":"2019-04-04","purchased_purges":1,"victory":false,"max_hp_per_floor":[78,78,78,78,78,78,78,78,78,78,78,78,78,78,78,78,78,78,78,78,78,78,78,78,78,78,78,78,78,78,78],"card_choices":[{"not_picked":["Steam Power","Gash","Blizzard"],"picked":"SKIP","floor":1.0},{"not_picked":["Blizzard","Beam Cell","Redo"],"picked":"SKIP","floor":3.0},{"not_picked":["Chaos","Reprogram"],"picked":"White Noise","floor":5.0},{"not_picked":["Hologram","Lockon"],"picked":"Coolheaded","floor":7.0},{"not_picked":["Gash","Stack"],"picked":"Coolheaded","floor":10.0},{"not_picked":["Meteor Strike","Coolheaded"],"picked":"Capacitor","floor":13.0},{"not_picked":["Fission","Hyperbeam"],"picked":"Echo Form","floor":16.0},{"not_picked":["Hologram","Fusion"],"picked":"Conserve Battery+1","floor":18},{"not_picked":["Ball Lightning","Coolheaded"],"picked":"Consume+1","floor":20},{"not_picked":["Reinforced Body","Lockon"],"picked":"Cold Snap","floor":21},{"not_picked":["Skim+1","Scrape"],"picked":"Darkness","floor":22},{"not_picked":["Stack","Tempest"],"picked":"Reinforced Body","floor":24},{"not_picked":["Rip and Tear","Sunder","Stack"],"picked":"SKIP","floor":27},{"not_picked":["Double Energy+1","Stack"],"picked":"Hologram","floor":28},{"not_picked":["Turbo","Redo"],"picked":"Cold Snap","floor":29}],"player_experience":1399551,"relics_obtained":[{"floor":10.0,"key":"Odd Mushroom"},{"floor":13.0,"key":"Happy Flower"},{"floor":26,"key":"Letter Opener"},{"floor":27,"key":"Centennial Puzzle"}],"event_choices":[{"damage_healed":0.0,"max_hp_gain":0.0,"max_hp_loss":0.0,"gold_gain":275.0,"event_name":"Golden Shrine","player_choice":"Desecrate","floor":2.0,"gold_loss":0.0,"damage_taken":0.0,"cards_obtained":["Regret"]},{"damage_healed":0.0,"max_hp_gain":0.0,"max_hp_loss":0.0,"gold_gain":0.0,"event_name":"Mushrooms","player_choice":"Fought Mushrooms","floor":10.0,"gold_loss":0.0,"damage_taken":0.0},{"damage_healed":0.0,"max_hp_gain":0.0,"max_hp_loss":0.0,"gold_gain":0.0,"event_name":"Living Wall","player_choice":"Grow","floor":11.0,"gold_loss":0.0,"damage_taken":0.0,"cards_upgraded":["White Noise"]},{"damage_healed":0,"gold_gain":0,"player_choice":"Forge","damage_taken":0,"max_hp_gain":0,"max_hp_loss":0,"event_name":"Accursed Blacksmith","floor":19,"gold_loss":0,"cards_upgraded":["Capacitor"]}],"is_beta":true,"boss_relics":[{"not_picked":["Astrolabe","Runic Pyramid"],"picked":"Nuclear Battery"}],"items_purged_floors":[4],"is_endless":false,"potions_floor_spawned":[1,3,7,16,21,22,27],"killed_by":"Shelled Parasite and Fungi","ascension_level":20}