{"gold_per_floor":[118,118,133,153,168,168,179,197,197,197,147,147,161,161,161,280,280,295,310,27,27],"floor_reached":21,"playtime":1247,"items_purged":["Injury"],"score":173,"play_id":"2d394be0-0ac8-4483-ac88-16d90ffc34b2","local_time":"20190417234641","is_ascension_mode":false,"campfire_choices":[{"data":"Flechettes","floor":6,"key":"SMITH"},{"data":"Poisoned Stab","floor":10,"key":"SMITH"},{"data":"Infinite Blades","floor":15,"key":"SMITH"}],"neow_cost":"NONE","seed_source_timestamp":125834859648485,"circlet_count":0,"master_deck":["Defend_G","Defend_G","Defend_G","Defend_G","Defend_G","Strike_G","Strike_G","Strike_G","Strike_G","Survivor","Neutralize","Escape Plan","Crippling Poison+1","Flechettes+1","Deadly Poison+1","Poisoned Stab+1","Infinite Blades+1","Tools of the Trade","Flying Knee","Bane"],"relics":["Ring of the Snake","NeowsBlessing","Toxic Egg 2","Sundial","Golden Idol","HoveringKite","Membership Card"],"potions_floor_usage":[],"damage_taken":[{"damage":0,"enemies":"Cultist","floor":1,"turns":1},{"damage":0,"enemies":"Jaw Worm","floor":3,"turns":1},{"damage":0,"enemies":"Small Slimes","floor":4,"turns":1},{"damage":4,"enemies":"Exordium Thugs","floor":5,"turns":5},{"damage":0,"enemies":"Looter","floor":7,"turns":3},{"damage":10,"enemies":"Gremlin Gang","floor":8,"turns":6},{"damage":2,"enemies":"Exordium Thugs","floor":13,"turns":4},{"damage":39,"enemies":"Slime Boss","floor":16,"turns":11},{"damage":20,"enemies":"3 Byrds","floor":18,"turns":6},{"damage":16,"enemies":"Chosen","floor":19,"turns":5},{"damage":37,"enemies":"Shelled Parasite and Fungi","floor":21,"turns":5}],"seed_played":"-571720976013584960","potions_obtained":[{"floor":1,"key":"SkillPotion"},{"floor":4,"key":"Swift Potion"},{"floor":13,"key":"PowerPotion"},{"floor":16,"key":"Block Potion"},{"floor":18,"key":"Energy Potion"}],"is_trial":false,"path_per_floor":["M","?","M","M","M","R","M","M","T","R","?","?","M","?","R","B",null,"M","M","$","M"],"character_chosen":"THE_SILENT","items_purchased":["Membership Card"],"campfire_rested":0,"item_purchase_floors":[20],"current_hp_per_floor":[70,70,70,70,66,66,66,56,56,56,56,56,54,59,59,20,70,50,34,34,0],"gold":27,"neow_bonus":"THREE_ENEMY_KILL","is_prod":false,"is_daily":false,"chose_seed":false,"campfire_upgraded":3,"win_rate":0.0,"timestamp":1555525001,"path_taken":["M","?","M","?","M","R","M","M","T","R","?","?","?","?","R","BOSS","M","M","$","?"],"build_version":"2019-01-23","purchased_purges":1,"victory":false,"max_hp_per_floor":[70,70,70,70,70,70,70,70,70,70,70,70,70,70,70,70,70,70,70,70,70],"card_choices":[{"not_picked":["Tactician","Prepared"],"picked":"Escape Plan","floor":1},{"not_picked":["Dodge and Roll+1","Noxious Fumes"],"picked":"Crippling Poison+1","floor":3},{"not_picked":["Slice","Quick Slash"],"picked":"Flechettes","floor":4},{"not_picked":["Predator","Infinite Blades"],"picked":"Acrobatics+1","floor":5},{"not_picked":["Outmaneuver+1","Tactician+1"],"picked":"Deadly Poison+1","floor":7},{"not_picked":["Escape Plan+1","Calculated Gamble+1"],"picked":"Poisoned Stab","floor":8},{"not_picked":["Slice","Underhanded Strike"],"picked":"Infinite Blades","floor":13},{"not_picked":["Glass Knife","Envenom"],"picked":"Tools of the Trade","floor":16},{"not_picked":["Distraction+1","Dash"],"picked":"Flying Knee","floor":18},{"not_picked":["Slice","Outmaneuver+1"],"picked":"Bane","floor":19}],"player_experience":28128,"relics_obtained":[{"floor":9,"key":"Sundial"}],"event_choices":[{"damage_healed":0,"gold_gain":0,"player_choice":"Gave Potion","damage_taken":0,"relics_obtained":["Toxic Egg 2"],"max_hp_gain":0,"max_hp_loss":0,"event_name":"WeMeetAgain","floor":2,"gold_loss":0},{"cards_removed":["Strike_G"],"damage_healed":0,"gold_gain":0,"player_choice":"Card Removal","damage_taken":0,"max_hp_gain":0,"max_hp_loss":0,"event_name":"The Cleric","floor":11,"gold_loss":50},{"damage_healed":0,"gold_gain":0,"player_choice":"Take Wound","damage_taken":0,"relics_obtained":["Golden Idol"],"max_hp_gain":0,"max_hp_loss":0,"event_name":"Golden Idol","floor":12,"gold_loss":0,"cards_obtained":["Injury"]},{"cards_removed":["Acrobatics"],"damage_healed":5,"gold_gain":0,"player_choice":"Offered Common","damage_taken":0,"max_hp_gain":0,"max_hp_loss":0,"event_name":"Bonfire Elementals","floor":14,"gold_loss":0},{"cards_removed":["Acrobatics"],"damage_healed":5,"gold_gain":0,"player_choice":"Offered Special","damage_taken":0,"max_hp_gain":0,"max_hp_loss":0,"event_name":"Bonfire Elementals","floor":14,"gold_loss":0}],"is_beta":false,"boss_relics":[{"not_picked":["Runic Dome","Empty Cage"],"picked":"HoveringKite"}],"items_purged_floors":[20],"is_endless":false,"potions_floor_spawned":[1,4,13,16,18,19],"killed_by":"Shelled Parasite and Fungi","ascension_level":0}