{"gold_per_floor":[219,219,219,4,74,74,99,99,174,187,213,227,227,261,261,333,333,353,353,353,38,56,56,74,87,87,99,99,124,124,144,144,219,219,239,254,254,254,204,204,239,252,252,252,108,108],"floor_reached":46,"playtime":2190,"items_purged":["Bite","Wild Strike+1"],"score":928,"play_id":"04772f70-5438-4d26-86e2-09386f856fde","local_time":"20190306040054","is_ascension_mode":true,"campfire_choices":[{"data":"Anger","floor":6.0,"key":"SMITH"},{"data":"True Grit","floor":8.0,"key":"SMITH"},{"data":"Clothesline","floor":13.0,"key":"SMITH"},{"data":"Wild Strike","floor":15.0,"key":"SMITH"},{"data":"Juggernaut","floor":23.0,"key":"SMITH"},{"floor":28.0,"key":"REST"},{"data":"Feel No Pain","floor":30.0,"key":"SMITH"},{"data":"Shrug It Off","floor":32.0,"key":"SMITH"},{"floor":40.0,"key":"RECALL"},{"data":"Shrug It Off","floor":44.0,"key":"SMITH"}],"neow_cost":"NONE","seed_source_timestamp":2943231947619423,"circlet_count":0,"master_deck":["AscendersBane","Defend_R","Defend_R","Defend_R","Defend_R","Bash+1","Anger+1","True Grit+1","Shrug It Off+1","Clothesline+1","Juggernaut+1","Bite","Bite","Good Instincts+1","Good Instincts","Shrug It Off+1","Backflip+1","Feel No Pain+1","True Grit+1","Leap+1","Calculated Gamble+1","Master of Strategy+1","Shrug It Off+1"],"special_seed":0,"relics":["Burning Blood","Art of War","Membership Card","Ice Cream","Mummified Hand","Bronze Scales","Regal Pillow","Philosopher\u0027s Stone","Singing Bowl","PrismaticShard","Toxic Egg 2","War Paint","Sozu","Du-Vu Doll","Bottled Lightning"],"potions_floor_usage":[],"damage_taken":[{"damage":5.0,"enemies":"2 Louse","floor":1.0,"turns":4.0},{"damage":38.0,"enemies":"3 Sentries","floor":7.0,"turns":9.0},{"damage":2.0,"enemies":"Jaw Worm","floor":10.0,"turns":4.0},{"damage":1.0,"enemies":"Lagavulin","floor":11.0,"turns":5.0},{"damage":1.0,"enemies":"Small Slimes","floor":12.0,"turns":3.0},{"damage":38.0,"enemies":"3 Sentries","floor":14.0,"turns":8.0},{"damage":17.0,"enemies":"The Guardian","floor":16.0,"turns":13.0},{"damage":17.0,"enemies":"Shell Parasite","floor":18.0,"turns":4.0},{"damage":18.0,"enemies":"Spheric Guardian","floor":22.0,"turns":3.0},{"damage":23.0,"enemies":"Centurion and Healer","floor":24.0,"turns":10.0},{"damage":27.0,"enemies":"Snake Plant","floor":25.0,"turns":3.0},{"damage":11.0,"enemies":"Snecko","floor":27.0,"turns":5.0},{"damage":15.0,"enemies":"Centurion and Healer","floor":31.0,"turns":11.0},{"damage":28.0,"enemies":"Champ","floor":33.0,"turns":16.0},{"damage":27.0,"enemies":"3 Darklings","floor":35.0,"turns":6.0},{"damage":0.0,"enemies":"Orb Walker","floor":36.0,"turns":3.0},{"damage":21.0,"enemies":"Nemesis","floor":41.0,"turns":9.0},{"damage":9.0,"enemies":"4 Shapes","floor":42.0,"turns":4.0},{"damage":57,"enemies":"2 Orb Walkers","floor":46,"turns":3}],"seed_played":"-1962256195036009197","potions_obtained":[{"floor":1.0,"key":"Block Potion"},{"floor":7.0,"key":"Swift Potion"},{"floor":12.0,"key":"Regen Potion"},{"floor":16.0,"key":"GamblersBrew"},{"floor":25.0,"key":"Dexterity Potion"}],"is_trial":false,"path_per_floor":["M","?","?","$","?","R","E","R","T","M","E","M","R","E","R","B",null,"M","?","?","$","M","R","M","M","T","M","R","T","R","M","R","B",null,"M","M","?","?","$","R","E","M","T","R","$","?"],"character_chosen":"IRONCLAD","items_purchased":["Membership Card","PowerPotion","Singing Bowl","PrismaticShard","Bottled Lightning"],"campfire_rested":1,"item_purchase_floors":[4,21,21,21,45],"current_hp_per_floor":[69,58,58,58,58,58,26,26,26,30,35,40,40,23,23,12,59,48,48,48,48,40,40,35,18,18,17,47,47,47,52,52,40,51,40,50,50,44,44,44,45,48,48,48,48,0],"gold":108,"neow_bonus":"HUNDRED_GOLD","is_prod":false,"is_daily":false,"chose_seed":false,"campfire_upgraded":8,"win_rate":0,"timestamp":1551873654,"path_taken":["M","?","?","$","?","R","E","R","T","M","E","M","R","E","R","BOSS","M","?","?","$","M","R","M","M","T","M","R","?","R","M","R","BOSS","M","M","?","?","$","R","E","M","T","R","$","?"],"build_version":"2019-02-06","purchased_purges":2,"victory":false,"max_hp_per_floor":[75,75,75,75,75,75,75,75,75,75,75,75,75,75,75,75,75,75,52,52,52,52,52,52,52,52,52,52,52,52,52,52,54,54,56,56,53,57,57,57,59,59,59,59,59,59],"card_choices":[{"not_picked":["Rupture","True Grit"],"picked":"Anger","floor":1.0},{"not_picked":["Rampage","Clash"],"picked":"True Grit","floor":7.0},{"not_picked":["Bloodletting","Havoc"],"picked":"Wild Strike","floor":10.0},{"not_picked":["Juggernaut","Twin Strike"],"picked":"Shrug It Off","floor":11.0},{"not_picked":["Havoc","Twin Strike"],"picked":"Clothesline","floor":12.0},{"not_picked":["Havoc","Pummel","Intimidate"],"picked":"SKIP","floor":14.0},{"not_picked":["Barricade","Impervious"],"picked":"Juggernaut","floor":16.0},{"not_picked":["Armaments","Bloodletting","Havoc"],"picked":"SKIP","floor":18.0},{"not_picked":["Anger","Quick Slash+1"],"picked":"Shrug It Off","floor":22.0},{"not_picked":["Beam Cell","Rage"],"picked":"Backflip","floor":24.0},{"not_picked":["Flex+1","Ball Lightning"],"picked":"Feel No Pain","floor":25.0},{"not_picked":["Glacier+1","Sweeping Beam"],"picked":"True Grit+1","floor":27.0},{"not_picked":["Stack+1","True Grit+1"],"picked":"Leap+1","floor":31.0},{"not_picked":["Tools of the Trade","Thunder Strike","HandOfGreed"],"picked":"Singing Bowl","floor":33.0},{"not_picked":["Stack+1","Bane","Slice+1"],"picked":"Singing Bowl","floor":35.0},{"not_picked":["Cleave","Sucker Punch+1"],"picked":"Calculated Gamble+1","floor":36.0},{"not_picked":["Mind Blast","Violence+1","Mayhem"],"picked":"Singing Bowl","floor":38.0},{"not_picked":["Chrysalis+1","Panache"],"picked":"Master of Strategy+1","floor":38.0},{"not_picked":["Mayhem","Panache","Dramatic Entrance"],"picked":"Singing Bowl","floor":38.0},{"not_picked":["Sweeping Beam","Combust","Barrage"],"picked":"Singing Bowl","floor":41.0},{"not_picked":["Sweeping Beam+1","Expertise+1"],"picked":"Shrug It Off+1","floor":42.0}],"player_experience":1324583,"relics_obtained":[{"floor":7.0,"key":"Ice Cream"},{"floor":9.0,"key":"Mummified Hand"},{"floor":11.0,"key":"Bronze Scales"},{"floor":14.0,"key":"Regal Pillow"},{"floor":26.0,"key":"Toxic Egg 2"},{"floor":29.0,"key":"War Paint"},{"floor":41.0,"key":"Du-Vu Doll"}],"event_choices":[{"damage_healed":0.0,"max_hp_gain":0.0,"max_hp_loss":0.0,"gold_gain":0.0,"event_name":"Scrap Ooze","player_choice":"Success","floor":2.0,"gold_loss":0.0,"damage_taken":11.0,"relics_obtained":["Art of War"]},{"damage_healed":0.0,"max_hp_gain":0.0,"max_hp_loss":0.0,"gold_gain":0.0,"event_name":"Living Wall","player_choice":"Grow","floor":3.0,"gold_loss":0.0,"damage_taken":0.0,"cards_upgraded":["Bash"]},{"damage_healed":0.0,"max_hp_gain":0.0,"max_hp_loss":0.0,"gold_gain":70.0,"event_name":"Golden Wing","player_choice":"Gained Gold","floor":5.0,"gold_loss":0.0,"damage_taken":0.0},{"damage_healed":0.0,"max_hp_gain":0.0,"max_hp_loss":23.0,"gold_gain":0.0,"event_name":"Vampires","player_choice":"Became a vampire","floor":19.0,"gold_loss":0.0,"damage_taken":0.0,"cards_obtained":["Bite","Bite","Bite","Bite","Bite"]},{"damage_healed":0.0,"max_hp_gain":0.0,"max_hp_loss":0.0,"gold_gain":0.0,"cards_transformed":["Bite","Bite"],"event_name":"Drug Dealer","player_choice":"Became Test Subject","floor":20.0,"gold_loss":0.0,"damage_taken":0.0,"cards_obtained":["Good Instincts","Good Instincts"]},{"damage_healed":0.0,"max_hp_gain":0.0,"max_hp_loss":3.0,"gold_gain":0.0,"event_name":"Winding Halls","player_choice":"Max HP","floor":37.0,"gold_loss":0.0,"damage_taken":0.0},{"damage_healed":0.0,"max_hp_gain":0.0,"max_hp_loss":0.0,"gold_gain":0.0,"event_name":"SensoryStone","player_choice":"Memory 3","floor":38.0,"gold_loss":0.0,"damage_taken":10.0},{"damage_healed":0,"gold_gain":0,"player_choice":"Fight","damage_taken":0,"max_hp_gain":0,"max_hp_loss":0,"event_name":"Mysterious Sphere","floor":46,"gold_loss":0}],"is_beta":true,"boss_relics":[{"not_picked":["Eternal Feather","Runic Cube"],"picked":"Philosopher\u0027s Stone"},{"not_picked":["Tiny House","Mark of Pain"],"picked":"Sozu"}],"items_purged_floors":[21,39],"is_endless":false,"potions_floor_spawned":[1,7,12,16,25,27,35],"killed_by":"2 Orb Walkers","ascension_level":20}