{"gold_per_floor":[118,137,7,157,232,263,313,325,325,357,357,96,96,126,126,198,198,218,418,338,352,221,252,252,252],"floor_reached":25,"playtime":767,"items_purged":["Doubt","Strike_B"],"score":520,"play_id":"b35a01d9-fe6d-42b8-9c8f-588a32398123","local_time":"20190305225420","is_ascension_mode":true,"campfire_choices":[{"floor":11.0,"key":"REST"},{"data":"Defragment","floor":13.0,"key":"SMITH"},{"data":"Biased Cognition","floor":15.0,"key":"SMITH"},{"data":"Defragment","floor":24,"key":"SMITH"}],"neow_cost":"NONE","seed_source_timestamp":2926037772387029,"circlet_count":0,"master_deck":["AscendersBane","Strike_B","Strike_B","Strike_B","Defend_B","Defend_B","Defend_B","Defend_B","Zap+1","Dualcast","Coolheaded+1","Compile Driver","Defragment+1","Biased Cognition+1","Ball Lightning","Biased Cognition","BootSequence","Defragment+1","Glacier","Seek"],"special_seed":0,"relics":["Cracked Core","NeowsBlessing","Matryoshka","The Courier","Meat on the Bone","Juzu Bracelet","War Paint","Turnip","Cursed Key","Vajra"],"potions_floor_usage":[23,23],"damage_taken":[{"damage":0.0,"enemies":"Cultist","floor":1.0,"turns":1.0},{"damage":0.0,"enemies":"Jaw Worm","floor":2.0,"turns":1.0},{"damage":0.0,"enemies":"Lagavulin","floor":6.0,"turns":1.0},{"damage":7.0,"enemies":"Small Slimes","floor":8.0,"turns":4.0},{"damage":36.0,"enemies":"3 Sentries","floor":10.0,"turns":8.0},{"damage":7.0,"enemies":"Gremlin Nob","floor":14.0,"turns":3.0},{"damage":38.0,"enemies":"The Guardian","floor":16.0,"turns":10.0},{"damage":10.0,"enemies":"Shell Parasite","floor":18.0,"turns":3.0},{"damage":16.0,"enemies":"3 Byrds","floor":21.0,"turns":3.0},{"damage":16,"enemies":"Gremlin Leader","floor":23,"turns":6},{"damage":29,"enemies":"Slavers","floor":25,"turns":3}],"seed_played":"6588776980001647798","potions_obtained":[{"floor":6.0,"key":"SteroidPotion"},{"floor":10.0,"key":"GamblersBrew"},{"floor":14.0,"key":"Poison Potion"},{"floor":18.0,"key":"Explosive Potion"}],"is_trial":false,"path_per_floor":["M","M","$","?","?","E","?","M","T","E","R","$","R","E","R","B",null,"M","?","$","M","$","E","R","E"],"character_chosen":"DEFECT","items_purchased":["Defragment","Fire Potion","FocusPotion","War Paint","Defragment","Glacier"],"campfire_rested":1,"item_purchase_floors":[3,3,12,12,22,22],"current_hp_per_floor":[64,64,64,64,53,53,46,39,39,15,36,36,36,41,41,15,57,47,47,47,43,43,39,39,10],"gold":252,"neow_bonus":"THREE_ENEMY_KILL","is_prod":false,"is_daily":false,"chose_seed":false,"campfire_upgraded":3,"win_rate":0,"timestamp":1551855260,"path_taken":["M","M","?","?","?","E","?","M","T","E","R","$","R","E","R","BOSS","M","?","$","M","$","E","R","E"],"build_version":"2019-02-06","purchased_purges":2,"victory":false,"max_hp_per_floor":[71,71,71,71,71,71,71,71,71,71,71,71,71,71,71,71,71,71,71,71,71,71,71,71,71],"card_choices":[{"not_picked":["Hologram","Chill"],"picked":"Coolheaded","floor":1.0},{"not_picked":["Gash","Turbo"],"picked":"Compile Driver","floor":2.0},{"not_picked":["Thunder Strike","Force Field"],"picked":"Biased Cognition","floor":6.0},{"not_picked":["Fusion","Recycle","Redo"],"picked":"SKIP","floor":8.0},{"not_picked":["Streamline","Chaos","Reprogram"],"picked":"SKIP","floor":10.0},{"not_picked":["Lockon","Hologram"],"picked":"Ball Lightning","floor":14.0},{"not_picked":["Rainbow","Buffer"],"picked":"Biased Cognition","floor":16.0},{"not_picked":["Conserve Battery","Gash"],"picked":"BootSequence","floor":18.0},{"not_picked":["Compile Driver","Reinforced Body","Recycle"],"picked":"SKIP","floor":21.0},{"not_picked":["Conserve Battery","Coolheaded"],"picked":"Seek","floor":23}],"player_experience":1317951,"relics_obtained":[{"floor":6.0,"key":"Matryoshka"},{"floor":9.0,"key":"The Courier"},{"floor":9.0,"key":"Meat on the Bone"},{"floor":10.0,"key":"Juzu Bracelet"},{"floor":14.0,"key":"Turnip"},{"floor":23,"key":"Vajra"}],"event_choices":[{"damage_healed":0.0,"max_hp_gain":0.0,"max_hp_loss":0.0,"gold_gain":150.0,"event_name":"Liars Game","player_choice":"AGREE","floor":4.0,"gold_loss":0.0,"damage_taken":0.0,"cards_obtained":["Doubt"]},{"damage_healed":0.0,"max_hp_gain":0.0,"max_hp_loss":0.0,"gold_gain":75.0,"event_name":"World of Goop","player_choice":"Gather Gold","floor":5.0,"gold_loss":0.0,"damage_taken":11.0},{"damage_healed":0.0,"max_hp_gain":0.0,"max_hp_loss":0.0,"gold_gain":50.0,"event_name":"FaceTrader","player_choice":"Touch","floor":7.0,"gold_loss":0.0,"damage_taken":7.0},{"damage_healed":0.0,"max_hp_gain":0.0,"max_hp_loss":0.0,"gold_gain":250.0,"event_name":"The Joust","player_choice":"Bet on Owner","floor":19.0,"gold_loss":50.0,"damage_taken":0.0}],"is_beta":true,"boss_relics":[{"not_picked":["Black Star","Sozu"],"picked":"Cursed Key"}],"items_purged_floors":[12,20],"is_endless":false,"potions_floor_spawned":[6,8,10,14,18],"killed_by":"Slavers","ascension_level":20}