{"gold_per_floor":[112,127,127,145,165,165,2,2,2,27,27,45,63,83,83,156,156,174,174,187,207,207,207,207],"floor_reached":24,"playtime":1001,"items_purged":[],"score":425,"play_id":"2af394a7-60ca-403f-971b-a5108e7db9d4","local_time":"20190215153539","is_ascension_mode":true,"campfire_choices":[{"floor":6.0,"key":"REST"},{"data":"Streamline","floor":8.0,"key":"SMITH"},{"floor":11.0,"key":"REST"},{"data":"Hologram","floor":15.0,"key":"SMITH"},{"data":"Hologram","floor":23.0,"key":"SMITH"}],"neow_cost":"PERCENT_DAMAGE","seed_source_timestamp":1821453798305519,"circlet_count":0,"master_deck":["AscendersBane","Strike_B+1","Defend_B+1","Defend_B+1","Defend_B+1","Zap","Dualcast","Defragment","Gash","Streamline+1","Hologram+1","Cold Snap","Hologram","Ball Lightning","Hologram+1","Seek","Capacitor","Hologram","Gash"],"special_seed":0,"relics":["Cracked Core","Question Card","Pen Nib","Black Star"],"potions_floor_usage":[],"damage_taken":[{"damage":1.0,"enemies":"2 Louse","floor":1.0,"turns":3.0},{"damage":1.0,"enemies":"Cultist","floor":2.0,"turns":4.0},{"damage":5.0,"enemies":"Small Slimes","floor":4.0,"turns":3.0},{"damage":34.0,"enemies":"Exordium Wildlife","floor":5.0,"turns":4.0},{"damage":17.0,"enemies":"3 Sentries","floor":10.0,"turns":10.0},{"damage":12.0,"enemies":"2 Fungi Beasts","floor":12.0,"turns":3.0},{"damage":6.0,"enemies":"Looter","floor":13.0,"turns":2.0},{"damage":0.0,"enemies":"Exordium Wildlife","floor":14.0,"turns":2.0},{"damage":2.0,"enemies":"Hexaghost","floor":16.0,"turns":8.0},{"damage":7.0,"enemies":"Chosen","floor":18.0,"turns":3.0},{"damage":0.0,"enemies":"3 Byrds","floor":20.0,"turns":4.0},{"damage":17.0,"enemies":"Cultist and Chosen","floor":21.0,"turns":6.0},{"damage":28,"enemies":"Gremlin Leader","floor":24,"turns":5}],"seed_played":"-8597042584754723963","potions_obtained":[{"floor":1.0,"key":"PowerPotion"},{"floor":5.0,"key":"GamblersBrew"},{"floor":14.0,"key":"EssenceOfSteel"},{"floor":18.0,"key":"LiquidBronze"}],"is_trial":false,"path_per_floor":["M","M","?","M","M","R","$","R","T","E","R","M","M","M","R","B",null,"M","?","M","M","?","R","E"],"character_chosen":"DEFECT","items_purchased":["Hologram","Cold Snap","Poison Potion"],"campfire_rested":2,"item_purchase_floors":[7,7,7],"current_hp_per_floor":[45,44,44,39,5,26,26,26,26,9,30,18,12,12,12,10,56,49,49,49,32,32,32,4],"gold":207,"neow_bonus":"REMOVE_TWO","is_prod":false,"is_daily":false,"chose_seed":false,"campfire_upgraded":3,"win_rate":0,"timestamp":1550273739,"path_taken":["M","M","?","M","?","R","?","R","T","E","R","M","M","M","R","BOSS","M","?","?","M","?","R","E"],"build_version":"2019-02-06","purchased_purges":0,"victory":false,"max_hp_per_floor":[71,71,71,71,71,71,71,71,71,71,71,71,71,71,71,71,71,71,71,71,71,71,71,71],"card_choices":[{"not_picked":["Skim","Redo","Rebound"],"picked":"SKIP","floor":1.0},{"not_picked":["Scrape","Rip and Tear"],"picked":"Defragment","floor":2.0},{"not_picked":["Steam","Compile Driver"],"picked":"Gash","floor":4.0},{"not_picked":["Streamline","Steam","Turbo"],"picked":"SKIP","floor":5.0},{"not_picked":["Steam","Turbo"],"picked":"Streamline","floor":5.0},{"not_picked":["Conserve Battery","Cold Snap","Reinforced Body"],"picked":"Hologram","floor":10.0},{"not_picked":["Hello World","Fusion","Streamline"],"picked":"Ball Lightning","floor":12.0},{"not_picked":["Blizzard","Streamline","Fusion","Auto Shields"],"picked":"SKIP","floor":13.0},{"not_picked":["Loop","Rebound","Steam"],"picked":"Hologram","floor":14.0},{"not_picked":["Hyperbeam","Thunder Strike","Reboot"],"picked":"Seek","floor":16.0},{"not_picked":["Sunder+1","Stack","Storm"],"picked":"Capacitor","floor":18.0},{"not_picked":["White Noise","Sweeping Beam+1","Scrape"],"picked":"Gash","floor":20.0},{"not_picked":["Sweeping Beam","Sunder","Ball Lightning","Storm"],"picked":"SKIP","floor":21.0}],"player_experience":1175298,"relics_obtained":[{"floor":9.0,"key":"Question Card"},{"floor":10.0,"key":"Pen Nib"}],"event_choices":[{"cards_removed":["Defend_B"],"damage_healed":0.0,"max_hp_gain":0.0,"max_hp_loss":0.0,"gold_gain":0.0,"event_name":"Bonfire Elementals","player_choice":"Offered Basic","floor":3.0,"gold_loss":0.0,"damage_taken":0.0},{"damage_healed":0.0,"max_hp_gain":0.0,"max_hp_loss":0.0,"gold_gain":0.0,"cards_transformed":["Strike_B"],"event_name":"Transmorgrifier","player_choice":"Transformed","floor":19.0,"gold_loss":0.0,"damage_taken":0.0,"cards_obtained":["Hologram"]},{"damage_healed":0.0,"max_hp_gain":0.0,"max_hp_loss":0.0,"gold_gain":0.0,"event_name":"Back to Basics","player_choice":"Simplicity","floor":22.0,"gold_loss":0.0,"damage_taken":0.0,"cards_upgraded":["Strike_B","Defend_B","Defend_B","Defend_B"]}],"is_beta":true,"boss_relics":[{"not_picked":["Ectoplasm","Calling Bell"],"picked":"Black Star"}],"items_purged_floors":[],"is_endless":false,"potions_floor_spawned":[1,5,12,14,18],"killed_by":"Gremlin Leader","ascension_level":20}