{"gold_per_floor":[119,294,294,313,95,95,123,123,123,148,148,176,192,204,204,299,299,299,299,199,199,217,242,242,242,242,242,260,276,276,296,296,391,391,409,409,109,119,168,168],"floor_reached":40,"playtime":916,"items_purged":["Doubt","Shame"],"score":539,"play_id":"874ca65a-b167-4636-a44a-28b017e8f776","local_time":"20190325111341","is_ascension_mode":true,"campfire_choices":[{"data":"Bash","floor":6,"key":"SMITH"},{"data":"Seeing Red","floor":8,"key":"SMITH"},{"data":"Heavy Blade","floor":11,"key":"SMITH"},{"floor":15,"key":"REST"},{"floor":27,"key":"REST"},{"floor":32,"key":"REST"}],"neow_cost":"NONE","seed_source_timestamp":354918142789786,"circlet_count":0,"master_deck":["Strike_R","Strike_R","Strike_R","Strike_R","Strike_R","Defend_R","Defend_R","Defend_R","Defend_R","Bash+1","Cleave","Combust","Seeing Red+1","Sword Boomerang","Heavy Blade+1","Infernal Blade+1","Shrug It Off+1","Inflame","Spot Weakness+1","Sword Boomerang","Armaments+1","Uppercut+1","Shockwave+1","Limit Break+1","Iron Wave+1","Madness+1","Madness+1","Inflame+1"],"relics":["Burning Blood","Vajra","Shuriken","Ancient Tea Set","Toxic Egg 2","Sundial","Sozu","Prayer Wheel","Pear","Bag of Marbles","Boot","Champion Belt","Strawberry"],"potions_floor_usage":[7,16,16,16],"damage_taken":[{"damage":1,"enemies":"2 Louse","floor":1,"turns":3},{"damage":1,"enemies":"Cultist","floor":4,"turns":4},{"damage":15,"enemies":"3 Sentries","floor":7,"turns":6},{"damage":30,"enemies":"Lagavulin","floor":10,"turns":5},{"damage":16,"enemies":"Gremlin Nob","floor":12,"turns":3},{"damage":4,"enemies":"Jaw Worm","floor":13,"turns":2},{"damage":8,"enemies":"Large Slime","floor":14,"turns":3},{"damage":14,"enemies":"Hexaghost","floor":16,"turns":6},{"damage":21,"enemies":"3 Byrds","floor":18,"turns":4},{"damage":9,"enemies":"Chosen","floor":22,"turns":4},{"damage":13,"enemies":"Gremlin Leader","floor":23,"turns":5},{"damage":36,"enemies":"Colosseum Slavers","floor":24,"turns":4},{"damage":8,"enemies":"3 Cultists","floor":28,"turns":4},{"damage":24,"enemies":"Snake Plant","floor":29,"turns":2},{"damage":7,"enemies":"Cultist and Chosen","floor":31,"turns":4},{"damage":65,"enemies":"Champ","floor":33,"turns":8},{"damage":12,"enemies":"Orb Walker","floor":35,"turns":3},{"damage":28,"enemies":"3 Shapes","floor":38,"turns":3},{"damage":58,"enemies":"Nemesis","floor":40,"turns":4}],"seed_played":"464819091077146867","potions_obtained":[{"floor":0,"key":"Strength Potion"},{"floor":0,"key":"PowerPotion"},{"floor":0,"key":"Weak Potion"},{"floor":10,"key":"Block Potion"}],"is_trial":false,"path_per_floor":["M","?","?","M","$","R","E","R","T","E","R","E","M","M","R","B",null,"M","?","$","?","M","E","?","?","T","R","M","M","T","M","R","B",null,"M","?","$","M","T","E"],"character_chosen":"IRONCLAD","items_purchased":["Vajra","Champion Belt"],"campfire_rested":3,"item_purchase_floors":[5,37],"current_hp_per_floor":[80,80,80,80,80,80,71,71,71,47,47,37,39,37,61,53,80,65,65,65,65,62,65,35,35,35,62,60,42,42,41,68,9,90,84,73,73,51,58,0],"gold":168,"neow_bonus":"THREE_SMALL_POTIONS","is_prod":false,"is_daily":false,"chose_seed":false,"campfire_upgraded":3,"win_rate":0,"timestamp":1553512421,"path_taken":["M","?","?","?","$","R","E","R","T","E","R","E","?","M","R","BOSS","M","?","$","?","M","E","?","?","T","R","M","?","?","M","R","BOSS","M","?","$","M","?","E"],"build_version":"2019-01-23","purchased_purges":2,"victory":false,"max_hp_per_floor":[80,80,80,80,80,80,80,80,80,80,80,80,80,80,80,80,80,80,80,80,80,80,90,90,90,90,90,90,90,90,90,90,90,90,90,90,90,90,97,97],"card_choices":[{"not_picked":["Pommel Strike","Sword Boomerang"],"picked":"Cleave","floor":1},{"not_picked":["Wild Strike","Fire Breathing"],"picked":"Seeing Red","floor":4},{"not_picked":["Cleave","Rampage"],"picked":"Sword Boomerang","floor":7},{"not_picked":["Twin Strike","Clash"],"picked":"Heavy Blade","floor":10},{"not_picked":["Havoc+1","Feel No Pain"],"picked":"Infernal Blade+1","floor":12},{"not_picked":["Second Wind+1","Rampage"],"picked":"Shrug It Off+1","floor":13},{"not_picked":["Hemokinesis","Metallicize"],"picked":"Inflame","floor":14},{"not_picked":["Iron Wave+1","Twin Strike+1","Dual Wield+1"],"picked":"SKIP","floor":18},{"not_picked":["Uppercut+1","Power Through+1"],"picked":"Spot Weakness+1","floor":22},{"not_picked":["Shrug It Off+1","Pommel Strike+1"],"picked":"Sword Boomerang","floor":22},{"not_picked":["Hemokinesis","Combust"],"picked":"Armaments+1","floor":23},{"not_picked":["Rage+1","Impervious+1"],"picked":"Uppercut+1","floor":28},{"not_picked":["Wild Strike","Perfected Strike","Rage+1"],"picked":"SKIP","floor":28},{"not_picked":["Havoc+1","Clothesline"],"picked":"Shockwave+1","floor":29},{"not_picked":["Pommel Strike","Clothesline","Brutality"],"picked":"SKIP","floor":29},{"not_picked":["Anger","Iron Wave","Bloodletting+1"],"picked":"SKIP","floor":31},{"not_picked":["Corruption","Combust","Havoc+1"],"picked":"SKIP","floor":31},{"not_picked":["Bludgeon","Demon Form"],"picked":"Limit Break+1","floor":33},{"not_picked":["Hemokinesis+1","Headbutt"],"picked":"Iron Wave+1","floor":35},{"not_picked":["Havoc+1","Wild Strike","Cleave+1"],"picked":"SKIP","floor":35},{"not_picked":["Shrug It Off+1","Iron Wave"],"picked":"Inflame+1","floor":38},{"not_picked":["Body Slam+1","True Grit+1","Twin Strike"],"picked":"SKIP","floor":38}],"player_experience":327082,"relics_obtained":[{"floor":7,"key":"Shuriken"},{"floor":9,"key":"Ancient Tea Set"},{"floor":10,"key":"Toxic Egg 2"},{"floor":12,"key":"Sundial"},{"floor":23,"key":"Pear"},{"floor":26,"key":"Bag of Marbles"},{"floor":30,"key":"Boot"},{"floor":39,"key":"Strawberry"}],"event_choices":[{"damage_healed":0,"gold_gain":175,"player_choice":"AGREE","damage_taken":0,"max_hp_gain":0,"max_hp_loss":0,"event_name":"Liars Game","floor":2,"gold_loss":0,"cards_obtained":["Doubt"]},{"damage_healed":0,"gold_gain":0,"player_choice":"1 cards matched","damage_taken":0,"max_hp_gain":0,"max_hp_loss":0,"event_name":"Match and Keep!","floor":3,"gold_loss":0,"cards_obtained":["Combust"]},{"damage_healed":0,"gold_gain":0,"player_choice":"Stole Relic","damage_taken":0,"relics_obtained":["Prayer Wheel"],"max_hp_gain":0,"max_hp_loss":0,"event_name":"Addict","floor":19,"gold_loss":0,"cards_obtained":["Shame"]},{"damage_healed":0,"gold_gain":0,"player_choice":"Ignored","damage_taken":0,"max_hp_gain":0,"max_hp_loss":0,"event_name":"Vampires","floor":21,"gold_loss":0},{"damage_healed":0,"gold_gain":0,"player_choice":"Fight","damage_taken":0,"max_hp_gain":0,"max_hp_loss":0,"event_name":"Colosseum","floor":24,"gold_loss":0},{"damage_healed":0,"gold_gain":0,"player_choice":"Fled From Nobs","damage_taken":0,"max_hp_gain":0,"max_hp_loss":0,"event_name":"Colosseum","floor":24,"gold_loss":0},{"damage_healed":0,"gold_gain":0,"player_choice":"Got Potions","damage_taken":0,"max_hp_gain":0,"max_hp_loss":0,"event_name":"Lab","floor":25,"gold_loss":0},{"damage_healed":0,"gold_gain":0,"player_choice":"Embrace Madness","damage_taken":11,"max_hp_gain":0,"max_hp_loss":0,"event_name":"Winding Halls","floor":36,"gold_loss":0,"cards_obtained":["Madness","Madness"]}],"is_beta":false,"boss_relics":[{"not_picked":["Mark of Pain","Philosopher\u0027s Stone"],"picked":"Sozu"},{"not_picked":["Coffee Dripper","Runic Pyramid","Fusion Hammer"]}],"items_purged_floors":[5,20],"is_endless":false,"potions_floor_spawned":[1,10,12,28,29,31],"killed_by":"Nemesis","ascension_level":3}