{"gold_per_floor":[111,11,11,11,11,11,49,65,90,106,139,52,75,95,95,95],"floor_reached":16,"playtime":586,"items_purged":[],"score":270,"play_id":"4b15fb79-3e94-44d5-a724-c364c2bcb826","local_time":"20190204194606","is_ascension_mode":true,"campfire_choices":[{"data":"Neutralize","floor":6,"key":"SMITH"},{"data":"Footwork","floor":15,"key":"SMITH"}],"neow_cost":"NONE","seed_source_timestamp":1118455984438236,"circlet_count":0,"master_deck":["AscendersBane","Defend_G","Defend_G","Defend_G","Defend_G","Defend_G","Strike_G","Strike_G","Strike_G","Strike_G","Strike_G","Survivor","Neutralize+1","Dagger Spray+1","Well Laid Plans","Backflip","Die Die Die","Escape Plan","Adrenaline","Footwork+1","Dodge and Roll"],"relics":["Ring of the Snake","NeowsBlessing","Golden Idol","Regal Pillow","PreservedInsect","Darkstone Periapt"],"potions_floor_usage":[11,16],"damage_taken":[{"damage":0,"enemies":"Small Slimes","floor":1,"turns":1},{"damage":0,"enemies":"3 Sentries","floor":7,"turns":1},{"damage":0,"enemies":"Cultist","floor":8,"turns":1},{"damage":0,"enemies":"Jaw Worm","floor":10,"turns":3},{"damage":7,"enemies":"Lagavulin","floor":11,"turns":7},{"damage":0,"enemies":"Blue Slaver","floor":13,"turns":4},{"damage":0,"enemies":"3 Louse","floor":14,"turns":2},{"damage":19,"enemies":"The Guardian","floor":16,"turns":21}],"seed_played":"-6058052977043782606","potions_obtained":[{"floor":8,"key":"Dexterity Potion"},{"floor":10,"key":"SteroidPotion"},{"floor":11,"key":"Weak Potion"}],"is_trial":false,"path_per_floor":["M","$","?","$","?","R","E","M","T","M","E","$","M","M","R","B"],"character_chosen":"THE_SILENT","items_purchased":["Well Laid Plans","Backflip","Adrenaline"],"campfire_rested":0,"item_purchase_floors":[2,2,12],"current_hp_per_floor":[59,59,36,36,36,36,36,36,36,36,29,29,29,29,29,10],"gold":95,"neow_bonus":"THREE_ENEMY_KILL","is_prod":false,"is_daily":false,"chose_seed":false,"campfire_upgraded":2,"win_rate":0,"timestamp":1549338366,"path_taken":["M","$","?","$","?","R","E","M","T","?","E","?","M","M","R","BOSS"],"build_version":"2019-01-23","purchased_purges":0,"victory":false,"max_hp_per_floor":[66,66,66,66,66,66,66,66,66,66,66,66,66,66,66,66],"card_choices":[{"not_picked":["Sucker Punch","Dodge and Roll"],"picked":"Dagger Spray","floor":1},{"not_picked":["Dagger Throw","PiercingWail"],"picked":"Die Die Die","floor":7},{"not_picked":["Dodge and Roll","All Out Attack","Cloak And Dagger"],"picked":"SKIP","floor":8},{"not_picked":["Dodge and Roll","Bane","Wraith Form v2"],"picked":"SKIP","floor":10},{"not_picked":["Endless Agony","Sucker Punch"],"picked":"Escape Plan","floor":11},{"not_picked":["Accuracy","Heel Hook"],"picked":"Footwork","floor":13},{"not_picked":["Backflip","Skewer"],"picked":"Dodge and Roll","floor":14}],"player_experience":1079478,"relics_obtained":[{"floor":7,"key":"Regal Pillow"},{"floor":9,"key":"PreservedInsect"},{"floor":11,"key":"Darkstone Periapt"}],"event_choices":[{"damage_healed":0,"gold_gain":0,"player_choice":"Take Damage","damage_taken":23,"relics_obtained":["Golden Idol"],"max_hp_gain":0,"max_hp_loss":0,"event_name":"Golden Idol","floor":3,"gold_loss":0},{"damage_healed":0,"gold_gain":0,"player_choice":"Upgraded","damage_taken":0,"max_hp_gain":0,"max_hp_loss":0,"event_name":"Upgrade Shrine","floor":5,"gold_loss":0,"cards_upgraded":["Dagger Spray"]}],"is_beta":true,"boss_relics":[],"items_purged_floors":[],"is_endless":false,"potions_floor_spawned":[8,10,11,14],"killed_by":"The Guardian","ascension_level":20}