{"gold_per_floor":[115,128,14,164,176,176,203,203,230,244,118,118,118,16,16,89,89,105,105,105],"floor_reached":20,"playtime":742,"items_purged":["Doubt"],"score":340,"play_id":"f8f55cd5-48f1-48c0-8f12-c7cfe99d12d6","local_time":"20181027043726","is_ascension_mode":true,"campfire_choices":[{"data":"Streamline","floor":6.0,"key":"SMITH"},{"data":"Zap","floor":8.0,"key":"SMITH"},{"floor":12,"key":"REST"},{"floor":15,"key":"REST"}],"neow_cost":"NONE","seed_source_timestamp":67396102299330,"circlet_count":0,"master_deck":["Strike_B","Defend_B","Defend_B","Defend_B","Defend_B","Zap+1","Dualcast","AscendersBane","Sweeping Beam","Conserve Battery+1","Stack","Streamline+1","Steam+1","Echo Form","Hologram","Streamline","Melter","Gash","Buffer","Storm+1","Amplify+1","All For One+1","Self Repair"],"special_seed":0,"relics":["Cracked Core","Blood Vial","Art of War","Astrolabe"],"potions_floor_usage":[16],"damage_taken":[{"damage":1.0,"enemies":"Small Slimes","floor":1.0,"turns":3.0},{"damage":0.0,"enemies":"2 Louse","floor":2.0,"turns":2.0},{"damage":1.0,"enemies":"Cultist","floor":5.0,"turns":3.0},{"damage":25.0,"enemies":"Gremlin Nob","floor":7.0,"turns":4.0},{"damage":23,"enemies":"Gremlin Gang","floor":10,"turns":5},{"damage":43,"enemies":"The Guardian","floor":16,"turns":10},{"damage":9,"enemies":"Chosen","floor":18,"turns":5},{"damage":13,"enemies":"3 Byrds","floor":20,"turns":2}],"seed_played":"-6771301889596029607","potions_obtained":[{"floor":5.0,"key":"Swift Potion"},{"floor":10,"key":"Swift Potion"},{"floor":18,"key":"EssenceOfSteel"}],"is_trial":false,"path_per_floor":["M","M","$","?","M","R","E","R","T","M","$","R","?","$","R","B",null,"M","?"],"character_chosen":"DEFECT","items_purchased":["Stack","Streamline","Streamline","Melter","Gash"],"campfire_rested":2,"item_purchase_floors":[3,3,11,14,14],"current_hp_per_floor":[70,70,70,70,69,69,44,44,44,23,23,46,23,23,46,5,60,53,53,42],"gold":105,"neow_bonus":"TEN_PERCENT_HP_BONUS","is_prod":false,"is_daily":false,"chose_seed":false,"campfire_upgraded":2,"win_rate":0,"timestamp":1540640246,"path_taken":["M","M","$","?","?","R","E","R","T","?","$","R","?","?","R","BOSS","M","?","?"],"build_version":"2018-10-25v2","purchased_purges":1,"victory":false,"max_hp_per_floor":[78,78,78,78,78,78,78,78,78,78,78,78,78,78,78,78,78,78,78,78],"card_choices":[{"not_picked":["Steam","Blizzard"],"picked":"Sweeping Beam","floor":1.0},{"not_picked":["Coolheaded","Hologram"],"picked":"Conserve Battery","floor":2.0},{"not_picked":["Recycle","Sunder"],"picked":"Steam","floor":5.0},{"not_picked":["Storm","Self Repair"],"picked":"Echo Form","floor":7.0},{"not_picked":["Barrage","Leap"],"picked":"Hologram","floor":10},{"not_picked":["Hyperbeam","Creative AI"],"picked":"Buffer","floor":16},{"not_picked":["Melter","Heatsinks"],"picked":"Self Repair","floor":18}],"player_experience":664880,"relics_obtained":[{"floor":7.0,"key":"Blood Vial"},{"floor":9.0,"key":"Art of War"}],"event_choices":[{"damage_healed":0.0,"max_hp_gain":0.0,"max_hp_loss":0.0,"gold_gain":150.0,"event_name":"Liars Game","player_choice":"AGREE","floor":4.0,"gold_loss":0.0,"damage_taken":0.0,"cards_obtained":["Doubt"]},{"damage_healed":0,"gold_gain":0,"player_choice":"Entered Light","damage_taken":23,"max_hp_gain":0,"max_hp_loss":0,"event_name":"Shining Light","floor":13,"gold_loss":0,"cards_upgraded":["Conserve Battery","Steam"]},{"damage_healed":0,"gold_gain":0,"player_choice":"Ignored","damage_taken":0,"max_hp_gain":0,"max_hp_loss":0,"event_name":"Ghosts","floor":19,"gold_loss":0}],"is_beta":false,"boss_relics":[{"not_picked":["Busted Crown","Inserter"],"picked":"Astrolabe"}],"items_purged_floors":[11],"is_endless":false,"potions_floor_spawned":[5,10,18],"killed_by":"3 Byrds","ascension_level":20}