{"gold_per_floor":[114,114,114,74,92,123,123,123,123,142,142,142,61,81,81,185,185,200,125,143,143,143,143],"floor_reached":23,"playtime":1094,"items_purged":["Strike_R"],"score":250,"play_id":"d1da01e2-b905-4600-b1b6-97b1f348c597","local_time":"20190419173001","is_ascension_mode":true,"campfire_choices":[{"data":"Carnage","floor":7,"key":"SMITH"},{"data":"Corruption","floor":12,"key":"SMITH"},{"data":"Shockwave","floor":15,"key":"SMITH"}],"neow_cost":"NONE","seed_source_timestamp":276200193378519,"circlet_count":0,"master_deck":["Strike_R+1","Strike_R","Strike_R","Strike_R","Defend_R","Defend_R","Defend_R","Defend_R","Bash+1","Corruption+1","Carnage+1","Uppercut","Clothesline","Flame Barrier","Rage","Shockwave+1","Exhume"],"relics":["Burning Blood","NeowsBlessing","Frozen Egg 2","Mummified Hand","Bird Faced Urn","Pear","Black Star"],"potions_floor_usage":[],"damage_taken":[{"damage":0,"enemies":"Cultist","floor":1,"turns":1},{"damage":0,"enemies":"Small Slimes","floor":5,"turns":1},{"damage":0,"enemies":"3 Sentries","floor":6,"turns":1},{"damage":7,"enemies":"2 Louse","floor":8,"turns":3},{"damage":7,"enemies":"Large Slime","floor":10,"turns":3},{"damage":0,"enemies":"Blue Slaver","floor":14,"turns":3},{"damage":40,"enemies":"The Guardian","floor":16,"turns":9},{"damage":21,"enemies":"Shell Parasite","floor":18,"turns":6},{"damage":7,"enemies":"Spheric Guardian","floor":20,"turns":4},{"damage":32,"enemies":"Colosseum Slavers","floor":22,"turns":4},{"damage":42,"enemies":"Book of Stabbing","floor":23,"turns":5}],"seed_played":"-4729347714087366075","potions_obtained":[{"floor":4,"key":"SkillPotion"},{"floor":4,"key":"Weak Potion"},{"floor":4,"key":"FearPotion"},{"floor":5,"key":"PowerPotion"},{"floor":16,"key":"Strength Potion"},{"floor":20,"key":"Ancient Potion"}],"is_trial":false,"path_per_floor":["M","T","?","?","M","E","R","M","T","M","?","R","$","M","R","B",null,"M","$","M","?","?","E"],"character_chosen":"IRONCLAD","items_purchased":["Rage"],"campfire_rested":0,"item_purchase_floors":[13],"current_hp_per_floor":[80,80,55,55,61,67,67,68,78,77,59,59,59,67,67,35,90,77,77,78,60,36,0],"gold":143,"neow_bonus":"THREE_ENEMY_KILL","is_prod":false,"is_daily":false,"chose_seed":false,"campfire_upgraded":3,"win_rate":0,"timestamp":1555675201,"path_taken":["M","?","?","?","M","E","R","M","T","?","?","R","$","M","R","BOSS","M","$","M","?","?","E"],"build_version":"2019-01-23","purchased_purges":1,"victory":false,"max_hp_per_floor":[80,80,80,80,80,80,80,80,90,90,90,90,90,90,90,90,90,90,90,90,95,95,95],"card_choices":[{"not_picked":["Cleave","Clash"],"picked":"Corruption","floor":1},{"not_picked":["Anger","Corruption+1"],"picked":"Carnage","floor":5},{"not_picked":["Warcry","Havoc"],"picked":"Uppercut","floor":6},{"not_picked":["Perfected Strike","Sword Boomerang"],"picked":"Clothesline","floor":8},{"not_picked":["Havoc","Warcry"],"picked":"Flame Barrier","floor":10},{"not_picked":["Sword Boomerang","Cleave"],"picked":"Shockwave","floor":14},{"not_picked":["Brutality+1","Double Tap"],"picked":"Exhume","floor":16},{"not_picked":["Body Slam","Heavy Blade","Sentinel"],"picked":"SKIP","floor":18},{"not_picked":["Rupture+1","Iron Wave","Wild Strike"],"picked":"SKIP","floor":20}],"player_experience":70715,"relics_obtained":[{"floor":2,"key":"Frozen Egg 2"},{"floor":6,"key":"Bird Faced Urn"},{"floor":9,"key":"Pear"}],"event_choices":[{"damage_healed":0,"gold_gain":0,"player_choice":"Success","damage_taken":25,"relics_obtained":["Mummified Hand"],"max_hp_gain":0,"max_hp_loss":0,"event_name":"Scrap Ooze","floor":3,"gold_loss":0},{"damage_healed":0,"gold_gain":0,"player_choice":"Bought 3 Potions","damage_taken":0,"max_hp_gain":0,"max_hp_loss":0,"event_name":"The Woman in Blue","floor":4,"gold_loss":0},{"damage_healed":0,"gold_gain":0,"player_choice":"Entered Light","damage_taken":18,"max_hp_gain":0,"max_hp_loss":0,"event_name":"Shining Light","floor":11,"gold_loss":0,"cards_upgraded":["Strike_R","Bash"]},{"damage_healed":0,"gold_gain":0,"player_choice":"Shed Blood","damage_taken":23,"max_hp_gain":5,"max_hp_loss":0,"event_name":"Forgotten Altar","floor":21,"gold_loss":0},{"damage_healed":0,"gold_gain":0,"player_choice":"Fight","damage_taken":0,"max_hp_gain":0,"max_hp_loss":0,"event_name":"Colosseum","floor":22,"gold_loss":0},{"damage_healed":0,"gold_gain":0,"player_choice":"Fled From Nobs","damage_taken":0,"max_hp_gain":0,"max_hp_loss":0,"event_name":"Colosseum","floor":22,"gold_loss":0}],"is_beta":false,"boss_relics":[{"not_picked":["Orrery","Black Blood"],"picked":"Black Star"}],"items_purged_floors":[19],"is_endless":false,"potions_floor_spawned":[5,6,10,16,20],"killed_by":"Book of Stabbing","ascension_level":1}