{"gold_per_floor":[118,118,128,128,141,174,174,174,174,200,217,228,228,228,228,329,329,343,343,356,356,356,356,374,374,374,374,387,422,435,470,470,565,565,578,578,653,663,674,674,702,702,702,92,92,119,119,133,133,133],"floor_reached":51,"playtime":1973,"items_purged":["Strike_R"],"score":878,"play_id":"c7681be2-7c86-4cde-89e7-cc76af4fb7cf","local_time":"20190423154358","is_ascension_mode":false,"campfire_choices":[{"data":"Immolate","floor":8,"key":"SMITH"},{"data":"Iron Wave","floor":13,"key":"SMITH"},{"data":"Spot Weakness","floor":15,"key":"SMITH"},{"data":"Defend_R","floor":23,"key":"SMITH"},{"data":"Corruption","floor":25,"key":"SMITH"},{"data":"Defend_R","floor":27,"key":"SMITH"},{"data":"Defend_R","floor":32,"key":"SMITH"},{"floor":40,"key":"RECALL"},{"floor":42,"key":"REST"},{"floor":45,"key":"REST"},{"floor":47,"key":"REST"},{"floor":49,"key":"REST"}],"neow_cost":"NONE","seed_source_timestamp":966998663477400,"circlet_count":0,"master_deck":["Strike_R","Strike_R","Strike_R","Strike_R","Defend_R+1","Defend_R+1","Defend_R+1","Defend_R","Bash+1","Pommel Strike+1","Iron Wave+1","Spot Weakness+1","Immolate+1","Shrug It Off+1","Shrug It Off+1","Headbutt","Offering+1","Metallicize+1","Ghostly Armor+1","Dual Wield+1","Flame Barrier+1","Corruption+1","Headbutt","Ghostly Armor+1","Battle Trance+1","Armaments+1","Feel No Pain","Metallicize","Feed","Spot Weakness+1","Heavy Blade+1","Shrug It Off+1","Headbutt+1","Inflame+1","Feel No Pain","Feel No Pain","Battle Trance+1","Clothesline+1"],"special_seed":0,"relics":["Burning Blood","Toxic Egg 2","Bag of Marbles","Prayer Wheel","Mark of Pain","Dead Branch","Bird Faced Urn","Ornamental Fan","Fusion Hammer","Calipers","Letter Opener","Thread and Needle","Ginger"],"potions_floor_usage":[16,41,41,48,50],"damage_taken":[{"damage":6.0,"enemies":"Jaw Worm","floor":1.0,"turns":4.0},{"damage":3.0,"enemies":"Small Slimes","floor":3.0,"turns":3.0},{"damage":1.0,"enemies":"Cultist","floor":5.0,"turns":3.0},{"damage":31.0,"enemies":"3 Sentries","floor":6.0,"turns":7.0},{"damage":31,"enemies":"Lagavulin","floor":10,"turns":7},{"damage":0,"enemies":"2 Fungi Beasts","floor":11,"turns":2},{"damage":5,"enemies":"Looter","floor":12,"turns":2},{"damage":16,"enemies":"Hexaghost","floor":16,"turns":7},{"damage":6,"enemies":"3 Byrds","floor":18,"turns":2},{"damage":0,"enemies":"Spheric Guardian","floor":20,"turns":3},{"damage":0,"enemies":"Snecko","floor":24,"turns":6},{"damage":0,"enemies":"Centurion and Healer","floor":28,"turns":3},{"damage":27,"enemies":"Gremlin Leader","floor":29,"turns":7},{"damage":5,"enemies":"Snake Plant","floor":30,"turns":3},{"damage":2,"enemies":"Book of Stabbing","floor":31,"turns":3},{"damage":23,"enemies":"Collector","floor":33,"turns":8},{"damage":14,"enemies":"3 Shapes","floor":35,"turns":7},{"damage":1,"enemies":"3 Darklings","floor":38,"turns":5},{"damage":3,"enemies":"4 Shapes","floor":39,"turns":4},{"damage":24,"enemies":"Reptomancer","floor":41,"turns":6},{"damage":7,"enemies":"Giant Head","floor":46,"turns":8},{"damage":18,"enemies":"Maw","floor":48,"turns":6},{"damage":6,"enemies":"Time Eater","floor":50,"turns":11}],"seed_played":"1400134050622942283","potions_obtained":[{"floor":1.0,"key":"Strength Potion"},{"floor":10,"key":"LiquidBronze"},{"floor":18,"key":"Poison Potion"},{"floor":24,"key":"AttackPotion"},{"floor":28,"key":"Weak Potion"},{"floor":33,"key":"PowerPotion"},{"floor":48,"key":"Fruit Juice"}],"is_trial":false,"path_per_floor":["M","?","M","?","M","E","?","R","T","E","M","M","R","T","R","B",null,"M","?","M","?","?","R","M","R","T","R","M","E","M","E","R","B",null,"M","?","?","M","M","R","E","R","T","$","R","E","R","M","R","B",null],"character_chosen":"IRONCLAD","items_purchased":["Thread and Needle","Feel No Pain","GamblersBrew","Ancient Potion"],"campfire_rested":4,"item_purchase_floors":[44,44,44,44],"current_hp_per_floor":[88,88,88,88,88,63,68,68,68,43,49,50,50,50,50,40,93,93,75,81,81,81,81,87,87,87,87,93,72,73,85,85,82,98,98,98,88,101,102,102,94,102,102,102,102,102,102,103,107,107],"gold":133,"neow_bonus":"TEN_PERCENT_HP_BONUS","is_prod":false,"is_daily":false,"chose_seed":false,"campfire_upgraded":7,"win_rate":1,"timestamp":1556059438,"path_taken":["M","?","M","?","?","E","?","R","T","E","M","M","R","?","R","BOSS","M","?","M","?","?","R","M","R","T","R","M","E","?","E","R","BOSS","M","?","?","M","M","R","E","R","T","$","R","E","R","M","R","BOSS"],"build_version":"2019-01-23","purchased_purges":1,"victory":true,"max_hp_per_floor":[88,88,88,88,88,88,93,93,93,93,93,93,93,93,93,93,93,93,98,98,98,98,98,98,98,98,98,98,98,98,98,98,98,98,102,102,102,102,102,102,102,102,102,102,102,102,102,107,107,107],"card_choices":[{"not_picked":["Sever Soul","Twin Strike"],"picked":"Pommel Strike","floor":1.0},{"not_picked":["Clash","True Grit"],"picked":"Iron Wave","floor":3.0},{"not_picked":["Second Wind","Uppercut"],"picked":"Spot Weakness","floor":5.0},{"not_picked":["True Grit","Power Through"],"picked":"Immolate","floor":6},{"not_picked":["Wild Strike","Bloodletting+1"],"picked":"Shrug It Off+1","floor":10},{"not_picked":["Pommel Strike","Second Wind+1"],"picked":"Shrug It Off+1","floor":11},{"not_picked":["Evolve","Burning Pact+1"],"picked":"Headbutt","floor":12},{"not_picked":["Brutality","Berserk"],"picked":"Offering+1","floor":16},{"not_picked":["Uppercut","Havoc+1"],"picked":"Metallicize","floor":18},{"not_picked":["Sword Boomerang","Body Slam","Wild Strike"],"picked":"SKIP","floor":18},{"not_picked":["Metallicize","Thunderclap"],"picked":"Ghostly Armor+1","floor":20},{"not_picked":["Sword Boomerang+1","Body Slam"],"picked":"Dual Wield+1","floor":20},{"not_picked":["Twin Strike","Headbutt"],"picked":"Flame Barrier+1","floor":24},{"not_picked":["Reckless Charge","Berserk"],"picked":"Corruption","floor":24},{"not_picked":["Heavy Blade","Sever Soul"],"picked":"Headbutt","floor":28},{"not_picked":["Headbutt","Warcry+1"],"picked":"Ghostly Armor+1","floor":28},{"not_picked":["Heavy Blade","Barricade"],"picked":"Battle Trance+1","floor":29},{"not_picked":["Iron Wave","Heavy Blade"],"picked":"Armaments+1","floor":30},{"not_picked":["Whirlwind+1","Clash"],"picked":"Feel No Pain","floor":30},{"not_picked":["Cleave","Iron Wave+1"],"picked":"Metallicize","floor":31},{"not_picked":["Barricade","Brutality"],"picked":"Feed","floor":33},{"not_picked":["Thunderclap+1","Warcry+1"],"picked":"Spot Weakness+1","floor":35},{"not_picked":["Armaments+1","Sword Boomerang+1"],"picked":"Heavy Blade+1","floor":35},{"not_picked":["Bludgeon","Twin Strike"],"picked":"Shrug It Off+1","floor":38},{"not_picked":["Warcry+1","Twin Strike+1","Infernal Blade+1"],"picked":"SKIP","floor":38},{"not_picked":["Sentinel+1","Heavy Blade"],"picked":"Headbutt+1","floor":39},{"not_picked":["Headbutt+1","Cleave"],"picked":"Inflame+1","floor":39},{"not_picked":["Bludgeon","Heavy Blade+1"],"picked":"Feel No Pain","floor":41},{"not_picked":["Twin Strike","Clash"],"picked":"Battle Trance+1","floor":46},{"not_picked":["Body Slam","Anger+1"],"picked":"Clothesline+1","floor":48},{"not_picked":["Thunderclap+1","Seeing Red+1","Carnage+1"],"picked":"SKIP","floor":48}],"player_experience":542793,"relics_obtained":[{"floor":9,"key":"Toxic Egg 2"},{"floor":10,"key":"Bag of Marbles"},{"floor":14,"key":"Prayer Wheel"},{"floor":26,"key":"Dead Branch"},{"floor":29,"key":"Bird Faced Urn"},{"floor":31,"key":"Ornamental Fan"},{"floor":41,"key":"Calipers"},{"floor":43,"key":"Letter Opener"},{"floor":46,"key":"Ginger"}],"event_choices":[{"damage_healed":0.0,"max_hp_gain":0.0,"max_hp_loss":0.0,"gold_gain":0.0,"event_name":"Living Wall","player_choice":"Grow","floor":2.0,"gold_loss":0.0,"damage_taken":0.0,"cards_upgraded":["Bash"]},{"damage_healed":0.0,"max_hp_gain":0.0,"max_hp_loss":0.0,"gold_gain":0.0,"event_name":"Upgrade Shrine","player_choice":"Upgraded","floor":4.0,"gold_loss":0.0,"damage_taken":0.0,"cards_upgraded":["Pommel Strike"]},{"damage_healed":0,"gold_gain":0,"player_choice":"Donut","damage_taken":0,"max_hp_gain":5,"max_hp_loss":0,"event_name":"Big Fish","floor":7,"gold_loss":0},{"damage_healed":0,"gold_gain":0,"player_choice":"Shed Blood","damage_taken":23,"max_hp_gain":5,"max_hp_loss":0,"event_name":"Forgotten Altar","floor":19,"gold_loss":0},{"damage_healed":0,"gold_gain":0,"player_choice":"Ignored","damage_taken":0,"max_hp_gain":0,"max_hp_loss":0,"event_name":"Ghosts","floor":21,"gold_loss":0},{"damage_healed":0,"gold_gain":0,"player_choice":"Forge","damage_taken":0,"max_hp_gain":0,"max_hp_loss":0,"event_name":"Accursed Blacksmith","floor":22,"gold_loss":0,"cards_upgraded":["Metallicize"]},{"damage_healed":0,"gold_gain":0,"player_choice":"Ignored","damage_taken":0,"max_hp_gain":0,"max_hp_loss":0,"event_name":"Tomb of Lord Red Mask","floor":36,"gold_loss":0},{"damage_healed":0,"gold_gain":75,"player_choice":"Touch","damage_taken":10,"max_hp_gain":0,"max_hp_loss":0,"event_name":"FaceTrader","floor":37,"gold_loss":0}],"is_beta":false,"boss_relics":[{"not_picked":["Calling Bell","Velvet Choker"],"picked":"Mark of Pain"},{"not_picked":["Orrery","Runic Cube"],"picked":"Fusion Hammer"}],"items_purged_floors":[44],"is_endless":false,"potions_floor_spawned":[1,10,18,24,28,31,33,46,48],"ascension_level":0}