{"gold_per_floor":[115,27,177,177,193,225,225,236,236,236,236,256,156,167,167,243,243,263,263,204,175,75,75,75,75,126,153,172,201,217,217,217,217],"floor_reached":33,"playtime":1435,"items_purged":["Doubt","Strike_G"],"score":616,"play_id":"b9d4ca19-3fc3-446d-b338-6e52e3ee1b8a","local_time":"20190209043434","is_ascension_mode":true,"campfire_choices":[{"data":"Footwork","floor":7.0,"key":"SMITH"},{"data":"Neutralize","floor":11.0,"key":"SMITH"},{"data":"Dodge and Roll","floor":15.0,"key":"SMITH"},{"data":"Deadly Poison","floor":23.0,"key":"SMITH"},{"data":"Burst","floor":25.0,"key":"SMITH"},{"data":"Noxious Fumes","floor":32,"key":"SMITH"}],"neow_cost":"NONE","seed_source_timestamp":1421261790031792,"circlet_count":0,"master_deck":["AscendersBane","Defend_G","Defend_G","Defend_G","Defend_G","Defend_G","Strike_G+1","Strike_G+1","Strike_G+1","Survivor","Neutralize+1","Well Laid Plans+1","Footwork+1","PiercingWail","Escape Plan","Dodge and Roll+1","Burst+1","Poisoned Stab","Deadly Poison+1","PiercingWail","Leg Sweep","Noxious Fumes+1"],"special_seed":0,"relics":["Ring of the Serpent","NeowsBlessing","Mercury Hourglass","Juzu Bracelet","Happy Flower","Whetstone","Pear"],"potions_floor_usage":[27,29,33],"damage_taken":[{"damage":0.0,"enemies":"Jaw Worm","floor":1.0,"turns":1.0},{"damage":0.0,"enemies":"Cultist","floor":5.0,"turns":1.0},{"damage":0.0,"enemies":"Lagavulin","floor":6.0,"turns":3.0},{"damage":0.0,"enemies":"2 Louse","floor":8.0,"turns":2.0},{"damage":2.0,"enemies":"Lots of Slimes","floor":12.0,"turns":4.0},{"damage":5.0,"enemies":"2 Fungi Beasts","floor":14.0,"turns":3.0},{"damage":12.0,"enemies":"The Guardian","floor":16.0,"turns":20.0},{"damage":9.0,"enemies":"Spheric Guardian","floor":18.0,"turns":10.0},{"damage":13.0,"enemies":"2 Thieves","floor":21.0,"turns":4.0},{"damage":3,"enemies":"Gremlin Leader","floor":27,"turns":8},{"damage":8,"enemies":"Snake Plant","floor":28,"turns":5},{"damage":16,"enemies":"Book of Stabbing","floor":29,"turns":9},{"damage":4,"enemies":"Sentry and Sphere","floor":30,"turns":8},{"damage":38,"enemies":"Champ","floor":33,"turns":13}],"seed_played":"-4735410545323069585","potions_obtained":[{"floor":12.0,"key":"SneckoOil"},{"floor":16.0,"key":"Regen Potion"},{"floor":21.0,"key":"Explosive Potion"},{"floor":30,"key":"Block Potion"}],"is_trial":false,"path_per_floor":["M","$","?","T","M","E","R","M","T","?","R","M","$","M","R","B",null,"M","?","$","M","$","R","?","R","T","E","M","E","M","?","R","B"],"character_chosen":"THE_SILENT","items_purchased":["Well Laid Plans","Dodge and Roll","Poisoned Stab"],"campfire_rested":0,"item_purchase_floors":[2,13,20],"current_hp_per_floor":[59,59,59,59,59,59,59,59,59,39,39,37,37,32,32,20,55,46,46,46,33,33,33,33,33,33,30,22,31,27,27,27,0],"gold":217,"neow_bonus":"THREE_ENEMY_KILL","is_prod":false,"is_daily":false,"chose_seed":false,"campfire_upgraded":6,"win_rate":0,"timestamp":1549715674,"path_taken":["M","$","?","?","M","E","R","M","T","?","R","M","$","M","R","BOSS","M","?","$","M","$","R","?","R","T","E","M","E","M","?","R","BOSS"],"build_version":"2019-02-06","purchased_purges":2,"victory":false,"max_hp_per_floor":[66,66,66,66,66,66,66,66,66,66,66,66,66,66,66,66,66,66,66,66,66,66,66,66,66,66,66,66,76,76,76,76,76],"card_choices":[{"not_picked":["Flying Knee","Dagger Throw","Outmaneuver"],"picked":"SKIP","floor":1.0},{"not_picked":["Dodge and Roll","Endless Agony"],"picked":"Footwork","floor":5.0},{"not_picked":["Dagger Throw","Bane"],"picked":"PiercingWail","floor":6.0},{"not_picked":["Underhanded Strike","Well Laid Plans","Slice"],"picked":"SKIP","floor":8.0},{"not_picked":["Expertise","Flying Knee"],"picked":"Escape Plan","floor":12.0},{"not_picked":["Sucker Punch","Cloak And Dagger","Unload"],"picked":"SKIP","floor":14.0},{"not_picked":["Venomology","Phantasmal Killer"],"picked":"Burst","floor":16.0},{"not_picked":["Tactician","Acrobatics","Riddle With Holes"],"picked":"SKIP","floor":18.0},{"not_picked":["Sucker Punch","Blade Dance"],"picked":"Deadly Poison","floor":21.0},{"not_picked":["Dagger Spray","Poisoned Stab","Storm of Steel"],"picked":"SKIP","floor":27},{"not_picked":["Terror","Quick Slash"],"picked":"PiercingWail","floor":28},{"not_picked":["Flying Knee","Outmaneuver"],"picked":"Leg Sweep","floor":29},{"not_picked":["Masterful Stab","Blade Dance","Cloak And Dagger"],"picked":"SKIP","floor":30}],"player_experience":1123696,"relics_obtained":[{"floor":6.0,"key":"Mercury Hourglass"},{"floor":9.0,"key":"Juzu Bracelet"},{"floor":26.0,"key":"Happy Flower"},{"floor":27,"key":"Whetstone"},{"floor":29,"key":"Pear"}],"event_choices":[{"damage_healed":0.0,"max_hp_gain":0.0,"max_hp_loss":0.0,"gold_gain":150.0,"event_name":"Liars Game","player_choice":"AGREE","floor":3.0,"gold_loss":0.0,"damage_taken":0.0,"cards_obtained":["Doubt"]},{"damage_healed":0.0,"max_hp_gain":0.0,"max_hp_loss":0.0,"gold_gain":0.0,"event_name":"Shining Light","player_choice":"Entered Light","floor":10.0,"gold_loss":0.0,"damage_taken":20.0,"cards_upgraded":["Well Laid Plans","Strike_G"]},{"damage_healed":0.0,"max_hp_gain":0.0,"max_hp_loss":0.0,"gold_gain":0.0,"event_name":"Cursed Tome","player_choice":"Ignored","floor":19.0,"gold_loss":0.0,"damage_taken":0.0},{"cards_removed":["Strike_G"],"damage_healed":0.0,"max_hp_gain":0.0,"max_hp_loss":0.0,"gold_gain":0.0,"event_name":"Purifier","player_choice":"Purged","floor":24.0,"gold_loss":0.0,"damage_taken":0.0},{"damage_healed":0,"gold_gain":0,"player_choice":"Read","damage_taken":0,"max_hp_gain":0,"max_hp_loss":0,"event_name":"The Library","floor":31,"gold_loss":0,"cards_obtained":["Noxious Fumes"]}],"is_beta":true,"boss_relics":[{"not_picked":["Busted Crown","Ectoplasm"],"picked":"Ring of the Serpent"}],"items_purged_floors":[13,22],"is_endless":false,"potions_floor_spawned":[12,16,21,30],"killed_by":"Champ","ascension_level":20}