{"gold_per_floor":[110,36,36,47,47,72,92,119,119,130,157,157,207,80,80,159,159,173,47,61,61],"floor_reached":21,"playtime":853,"items_purged":["Strike_R","Strike_R"],"score":444,"play_id":"aa8f20bd-72c8-4929-a155-c80087b99904","local_time":"20190307004307","is_ascension_mode":true,"campfire_choices":[{"data":"Whirlwind","floor":15.0,"key":"SMITH"}],"neow_cost":"NONE","seed_source_timestamp":2983064306970174,"circlet_count":0,"master_deck":["AscendersBane","Strike_R","Strike_R","Strike_R","Defend_R","Defend_R","Defend_R","Defend_R","Bash+1","Clothesline","Inflame","Anger","Shrug It Off","Whirlwind+1","Shrug It Off","Double Tap","Dropkick+1","Shrug It Off"],"special_seed":0,"relics":["Burning Blood","NeowsBlessing","Art of War","Nunchaku","Kunai","Centennial Puzzle","Runic Pyramid"],"potions_floor_usage":[],"damage_taken":[{"damage":0.0,"enemies":"Small Slimes","floor":1.0,"turns":1.0},{"damage":0.0,"enemies":"2 Louse","floor":4.0,"turns":1.0},{"damage":0.0,"enemies":"3 Sentries","floor":6.0,"turns":2.0},{"damage":0.0,"enemies":"Cultist","floor":7.0,"turns":3.0},{"damage":29.0,"enemies":"Gremlin Nob","floor":8.0,"turns":4.0},{"damage":12.0,"enemies":"3 Louse","floor":10.0,"turns":4.0},{"damage":29.0,"enemies":"3 Sentries","floor":11.0,"turns":8.0},{"damage":12.0,"enemies":"Slime Boss","floor":16.0,"turns":10.0},{"damage":30,"enemies":"Shell Parasite","floor":18,"turns":6},{"damage":9,"enemies":"Spheric Guardian","floor":20,"turns":10},{"damage":36,"enemies":"Shelled Parasite and Fungi","floor":21,"turns":4}],"seed_played":"-2884369321301084622","potions_obtained":[{"floor":8.0,"key":"Explosive Potion"},{"floor":10.0,"key":"Poison Potion"},{"floor":11.0,"key":"PowerPotion"},{"floor":16.0,"key":"SteroidPotion"}],"is_trial":false,"path_per_floor":["M","$","?","M","?","E","M","E","T","M","E","?","?","$","R","B",null,"M","$","M","M"],"character_chosen":"IRONCLAD","items_purchased":["Inflame","Shrug It Off","Shrug It Off"],"campfire_rested":0,"item_purchase_floors":[2,14,19],"current_hp_per_floor":[74,74,74,75,57,63,69,46,46,40,17,42,35,35,35,29,64,40,40,37,1],"gold":61,"neow_bonus":"THREE_ENEMY_KILL","is_prod":false,"is_daily":false,"chose_seed":false,"campfire_upgraded":1,"win_rate":0,"timestamp":1551948187,"path_taken":["M","$","?","M","?","E","M","E","T","M","E","?","?","$","R","BOSS","M","$","?","M"],"build_version":"2019-02-06","purchased_purges":2,"victory":false,"max_hp_per_floor":[75,75,75,75,75,75,75,75,75,75,75,75,75,75,75,75,75,75,75,75,75],"card_choices":[{"not_picked":["Wild Strike","Rage"],"picked":"Clothesline","floor":1.0},{"not_picked":["Body Slam","Rampage"],"picked":"Anger","floor":4.0},{"not_picked":["Armaments","Thunderclap","Clash"],"picked":"SKIP","floor":6.0},{"not_picked":["Bloodletting","Exhume","Infernal Blade"],"picked":"SKIP","floor":7.0},{"not_picked":["Sever Soul","Evolve"],"picked":"Shrug It Off","floor":8.0},{"not_picked":["Warcry","Headbutt","Dual Wield"],"picked":"SKIP","floor":10.0},{"not_picked":["Evolve","Corruption"],"picked":"Whirlwind","floor":11.0},{"not_picked":["Barricade","Dark Embrace"],"picked":"Double Tap","floor":16.0},{"not_picked":["Combust","Havoc"],"picked":"Dropkick+1","floor":18},{"not_picked":["Iron Wave","Clash","Headbutt"],"picked":"SKIP","floor":20}],"player_experience":1326818,"relics_obtained":[{"floor":6.0,"key":"Nunchaku"},{"floor":8.0,"key":"Kunai"},{"floor":11.0,"key":"Centennial Puzzle"}],"event_choices":[{"damage_healed":0.0,"max_hp_gain":0.0,"max_hp_loss":0.0,"gold_gain":0.0,"event_name":"Living Wall","player_choice":"Grow","floor":3.0,"gold_loss":0.0,"damage_taken":0.0,"cards_upgraded":["Bash"]},{"damage_healed":0.0,"max_hp_gain":0.0,"max_hp_loss":0.0,"gold_gain":0.0,"event_name":"Scrap Ooze","player_choice":"Success","floor":5.0,"gold_loss":0.0,"damage_taken":18.0,"relics_obtained":["Art of War"]},{"damage_healed":25.0,"max_hp_gain":0.0,"max_hp_loss":0.0,"gold_gain":0.0,"event_name":"Big Fish","player_choice":"Banana","floor":12.0,"gold_loss":0.0,"damage_taken":0.0},{"damage_healed":0.0,"max_hp_gain":0.0,"max_hp_loss":0.0,"gold_gain":50.0,"event_name":"FaceTrader","player_choice":"Touch","floor":13.0,"gold_loss":0.0,"damage_taken":7.0}],"is_beta":true,"boss_relics":[{"not_picked":["Orrery","Tiny House"],"picked":"Runic Pyramid"}],"items_purged_floors":[14,19],"is_endless":false,"potions_floor_spawned":[8,10,11,16,18],"killed_by":"Shelled Parasite and Fungi","ascension_level":20}