{"gold_per_floor":[14,14,14,29,46,46,78,90,90,124,137,149,149,166,166,244,244,261,176,176,188,97,129,129,146,146,172,41,52,52,52,52,131,131,141,79,96,112,112,138,138,156,182,182,199,230,230,248,248,248],"floor_reached":50,"playtime":2637,"items_purged":[],"score":1158,"play_id":"9d4f743c-efe9-4551-a4d1-55e5428c3b68","local_time":"20190210041548","is_ascension_mode":true,"campfire_choices":[{"data":"Zap","floor":6.0,"key":"SMITH"},{"data":"Defragment","floor":13.0,"key":"SMITH"},{"data":"Biased Cognition","floor":15.0,"key":"SMITH"},{"data":"Fission","floor":24.0,"key":"SMITH"},{"data":"Capacitor","floor":32.0,"key":"SMITH"},{"data":"Defragment","floor":41.0,"key":"SMITH"},{"floor":47,"key":"RECALL"},{"floor":49,"key":"REST"}],"neow_cost":"NO_GOLD","seed_source_timestamp":0,"circlet_count":0,"master_deck":["AscendersBane","Defend_B+1","Defend_B+1","Defend_B+1","Zap+1","Dualcast","Darkness+1","Cold Snap+1","Rainbow","Compile Driver","Defragment+1","Hologram","Biased Cognition+1","Fission+1","Biased Cognition+1","Meteor Strike+1","Turbo+1","Capacitor+1","Seek","Ball Lightning+1","Consume","Loop","Conserve Battery","Echo Form","Defragment+1","Self Repair","Coolheaded","Fusion+1","Conserve Battery+1","Rainbow","Capacitor"],"special_seed":0,"relics":["Cracked Core","Bronze Scales","Meat on the Bone","Torii","Astrolabe","Art of War","Matryoshka","War Paint","The Courier","Mercury Hourglass","MutagenicStrength","Runic Dome","Bottled Tornado","Whetstone","Juzu Bracelet"],"potions_floor_usage":[50,50],"damage_taken":[{"damage":0.0,"enemies":"2 Louse","floor":1.0,"turns":1.0},{"damage":11.0,"enemies":"Small Slimes","floor":4.0,"turns":3.0},{"damage":0.0,"enemies":"Cultist","floor":5.0,"turns":2.0},{"damage":19.0,"enemies":"3 Sentries","floor":7.0,"turns":9.0},{"damage":5.0,"enemies":"Large Slime","floor":8.0,"turns":4.0},{"damage":1.0,"enemies":"Gremlin Nob","floor":10.0,"turns":3.0},{"damage":13.0,"enemies":"Gremlin Gang","floor":11.0,"turns":4.0},{"damage":3.0,"enemies":"3 Louse","floor":12.0,"turns":4.0},{"damage":1.0,"enemies":"Blue Slaver","floor":14.0,"turns":3.0},{"damage":31.0,"enemies":"Slime Boss","floor":16.0,"turns":7.0},{"damage":23.0,"enemies":"2 Thieves","floor":18.0,"turns":3.0},{"damage":0.0,"enemies":"Chosen","floor":21.0,"turns":3.0},{"damage":30.0,"enemies":"Book of Stabbing","floor":23.0,"turns":5.0},{"damage":1.0,"enemies":"3 Cultists","floor":25.0,"turns":4.0},{"damage":24.0,"enemies":"Slavers","floor":27.0,"turns":6.0},{"damage":6.0,"enemies":"Centurion and Healer","floor":29.0,"turns":5.0},{"damage":8.0,"enemies":"Champ","floor":33.0,"turns":15.0},{"damage":2.0,"enemies":"3 Shapes","floor":35.0,"turns":3.0},{"damage":1.0,"enemies":"Orb Walker","floor":37.0,"turns":2.0},{"damage":13.0,"enemies":"Spire Growth","floor":38.0,"turns":4.0},{"damage":43.0,"enemies":"Nemesis","floor":40.0,"turns":7.0},{"damage":12.0,"enemies":"Sphere and 2 Shapes","floor":42.0,"turns":6.0},{"damage":21.0,"enemies":"Writhing Mass","floor":45.0,"turns":4.0},{"damage":27,"enemies":"Giant Head","floor":46,"turns":6},{"damage":26,"enemies":"Transient","floor":48,"turns":6},{"damage":62,"enemies":"Awakened One","floor":50,"turns":3}],"seed_played":"8122565136219336356","potions_obtained":[{"floor":1.0,"key":"Weak Potion"},{"floor":4.0,"key":"Strength Potion"},{"floor":14.0,"key":"AttackPotion"},{"floor":16.0,"key":"AttackPotion"},{"floor":21.0,"key":"Ancient Potion"},{"floor":27.0,"key":"Block Potion"}],"is_trial":false,"path_per_floor":["M","?","?","M","M","R","E","M","T","E","M","M","R","M","R","B",null,"M","?","?","M","$","E","R","M","T","E","$","M","?","?","R","B",null,"M","$","M","M","?","E","R","M","T","?","M","E","R","M","R","B"],"character_chosen":"DEFECT","items_purchased":["Capacitor","PowerPotion","Consume","Loop","Self Repair"],"campfire_rested":1,"item_purchase_floors":[22,22,28,28,36],"current_hp_per_floor":[64,64,64,53,53,53,34,29,29,40,39,36,36,47,47,28,60,37,37,37,37,37,19,19,30,30,18,18,24,24,24,24,28,60,58,58,64,58,58,41,41,41,41,41,46,45,45,38,59,0],"gold":248,"neow_bonus":"REMOVE_TWO","is_prod":false,"is_daily":false,"chose_seed":false,"campfire_upgraded":6,"win_rate":0,"timestamp":1549800948,"path_taken":["M","?","?","M","M","R","E","M","T","E","M","M","R","M","R","BOSS","M","?","?","?","$","E","R","M","T","E","$","M","?","?","R","BOSS","M","$","M","M","?","E","R","M","T","?","?","E","R","M","R","BOSS"],"build_version":"2019-02-06","purchased_purges":0,"victory":false,"max_hp_per_floor":[71,71,71,71,71,71,71,71,71,71,71,71,71,71,71,71,71,71,71,71,71,71,71,71,71,71,71,71,71,71,71,71,71,71,71,71,71,71,71,71,71,71,71,71,71,71,71,71,71,71],"card_choices":[{"not_picked":["Go for the Eyes","Gash"],"picked":"Darkness","floor":1.0},{"not_picked":["Gash","Sunder"],"picked":"Cold Snap","floor":4.0},{"not_picked":["Go for the Eyes","Hello World"],"picked":"Compile Driver","floor":5.0},{"not_picked":["Hello World","Steam"],"picked":"Rainbow","floor":7.0},{"not_picked":["FTL","Heatsinks"],"picked":"Compile Driver","floor":8.0},{"not_picked":["Ball Lightning","Chaos"],"picked":"Defragment","floor":10.0},{"not_picked":["Reprogram","Chill"],"picked":"Hologram","floor":11.0},{"not_picked":["Go for the Eyes","Stack","Rebound"],"picked":"SKIP","floor":12.0},{"not_picked":["Beam Cell","Rebound"],"picked":"Biased Cognition","floor":14.0},{"not_picked":["Thunder Strike","Buffer"],"picked":"Fission","floor":16.0},{"not_picked":["Double Energy","Streamline"],"picked":"Turbo","floor":18.0},{"not_picked":["Melter","Go for the Eyes","Sweeping Beam"],"picked":"SKIP","floor":21.0},{"not_picked":["Capacitor","Reprogram"],"picked":"Seek","floor":23.0},{"not_picked":["Barrage","Rebound","Storm"],"picked":"SKIP","floor":25.0},{"not_picked":["Amplify","Streamline"],"picked":"Ball Lightning","floor":27.0},{"not_picked":["White Noise","Beam Cell"],"picked":"Conserve Battery","floor":29.0},{"not_picked":["Machine Learning","Meteor Strike"],"picked":"Echo Form","floor":33.0},{"not_picked":["Undo","Auto Shields+1"],"picked":"Defragment","floor":35.0},{"not_picked":["Blizzard","Sweeping Beam","Leap"],"picked":"SKIP","floor":37.0},{"not_picked":["Stack","Hologram+1"],"picked":"Coolheaded","floor":38.0},{"not_picked":["Beam Cell","Hologram"],"picked":"Fusion+1","floor":40.0},{"not_picked":["Defragment","Streamline+1"],"picked":"Conserve Battery+1","floor":42.0},{"not_picked":["Gash","Steam Power"],"picked":"Rainbow","floor":45.0},{"not_picked":["Gash","Compile Driver","Meteor Strike"],"picked":"SKIP","floor":46},{"not_picked":["Redo","Hologram"],"picked":"Capacitor","floor":48}],"player_experience":1125131,"relics_obtained":[{"floor":7.0,"key":"Bronze Scales"},{"floor":9.0,"key":"Meat on the Bone"},{"floor":10.0,"key":"Torii"},{"floor":23.0,"key":"Matryoshka"},{"floor":26.0,"key":"War Paint"},{"floor":26.0,"key":"The Courier"},{"floor":27.0,"key":"Mercury Hourglass"},{"floor":40.0,"key":"Bottled Tornado"},{"floor":43.0,"key":"Whetstone"},{"floor":46,"key":"Juzu Bracelet"}],"event_choices":[{"damage_healed":0.0,"max_hp_gain":0.0,"max_hp_loss":0.0,"gold_gain":0.0,"event_name":"Living Wall","player_choice":"Grow","floor":2.0,"gold_loss":0.0,"damage_taken":0.0,"cards_upgraded":["Darkness"]},{"cards_removed":["Strike_B"],"damage_healed":0.0,"max_hp_gain":0.0,"max_hp_loss":0.0,"gold_gain":0.0,"event_name":"Bonfire Elementals","player_choice":"Offered Basic","floor":3.0,"gold_loss":0.0,"damage_taken":0.0},{"damage_healed":0.0,"max_hp_gain":0.0,"max_hp_loss":0.0,"gold_gain":0.0,"event_name":"Addict","player_choice":"Obtained Relic","floor":19.0,"gold_loss":85.0,"damage_taken":0.0,"relics_obtained":["Art of War"]},{"damage_healed":0.0,"max_hp_gain":0.0,"max_hp_loss":0.0,"gold_gain":0.0,"event_name":"N\u0027loth","player_choice":"Ignored","floor":20.0,"gold_loss":0.0,"damage_taken":0.0},{"damage_healed":0.0,"max_hp_gain":0.0,"max_hp_loss":0.0,"gold_gain":0.0,"event_name":"Back to Basics","player_choice":"Simplicity","floor":30.0,"gold_loss":0.0,"damage_taken":0.0,"cards_upgraded":["Defend_B","Defend_B"]},{"damage_healed":0.0,"max_hp_gain":0.0,"max_hp_loss":0.0,"gold_gain":0.0,"event_name":"Drug Dealer","player_choice":"Inject Mutagens","floor":31.0,"gold_loss":0.0,"damage_taken":0.0,"relics_obtained":["MutagenicStrength"]},{"cards_removed":["Rip and Tear"],"damage_healed":0.0,"max_hp_gain":0.0,"max_hp_loss":0.0,"gold_gain":0.0,"event_name":"Falling","player_choice":"Removed Attack","floor":39.0,"gold_loss":0.0,"damage_taken":0.0},{"damage_healed":0.0,"max_hp_gain":0.0,"max_hp_loss":0.0,"gold_gain":0.0,"event_name":"Purifier","player_choice":"Ignored","floor":44.0,"gold_loss":0.0,"damage_taken":0.0}],"is_beta":true,"boss_relics":[{"not_picked":["Pandora\u0027s Box","Black Star"],"picked":"Astrolabe"},{"not_picked":["Eternal Feather","Coffee Dripper"],"picked":"Runic Dome"}],"items_purged_floors":[],"is_endless":false,"potions_floor_spawned":[1,4,10,14,16,18,21,27,35,42,46],"killed_by":"Awakened One","ascension_level":20}