{"gold_per_floor":[210,285,285,210,229,261,261,288,288,288,303,51,69,69,69,69],"floor_reached":16,"playtime":1338,"items_purged":["Defend_G","Strike_G"],"score":108,"play_id":"6b954314-6429-4511-88c4-c4c359c2485a","local_time":"20190420012524","is_ascension_mode":false,"campfire_choices":[{"data":"Neutralize","floor":7,"key":"SMITH"},{"data":"Sucker Punch","floor":10,"key":"SMITH"},{"data":"Bouncing Flask","floor":15,"key":"SMITH"}],"neow_cost":"NONE","seed_source_timestamp":619865852949711,"circlet_count":0,"master_deck":["Defend_G","Defend_G","Defend_G","Defend_G","Strike_G+1","Strike_G","Strike_G+1","Survivor","Neutralize+1","Sucker Punch+1","Bouncing Flask+1"],"relics":["Ring of the Snake","Question Card","Whetstone","Lantern","Happy Flower"],"potions_floor_usage":[16,16],"damage_taken":[{"damage":2,"enemies":"Small Slimes","floor":1,"turns":4},{"damage":0,"enemies":"2 Louse","floor":5,"turns":3},{"damage":16,"enemies":"Gremlin Nob","floor":6,"turns":5},{"damage":33,"enemies":"3 Sentries","floor":8,"turns":12},{"damage":0,"enemies":"Cultist","floor":11,"turns":3},{"damage":0,"enemies":"Large Slime","floor":13,"turns":6},{"damage":32,"enemies":"Slime Boss","floor":16,"turns":7}],"seed_played":"-6219855670794450781","potions_obtained":[{"floor":1,"key":"Swift Potion"},{"floor":6,"key":"FearPotion"},{"floor":11,"key":"Ancient Potion"}],"is_trial":false,"path_per_floor":["M","?","?","$","M","E","R","E","T","R","M","$","M","?","R","B"],"character_chosen":"THE_SILENT","items_purchased":["Happy Flower"],"campfire_rested":0,"item_purchase_floors":[12],"current_hp_per_floor":[68,57,57,57,57,41,41,8,8,8,8,8,8,31,31,0],"gold":69,"neow_bonus":"HUNDRED_GOLD","is_prod":false,"is_daily":false,"chose_seed":false,"campfire_upgraded":3,"win_rate":0,"timestamp":1555737924,"path_taken":["M","?","?","$","M","E","R","E","T","R","M","$","?","?","R","BOSS"],"build_version":"2019-01-23","purchased_purges":2,"victory":false,"max_hp_per_floor":[70,70,70,70,70,70,70,70,70,70,70,70,70,70,70,70],"card_choices":[{"not_picked":["Reflex","Acrobatics","Endless Agony"],"picked":"SKIP","floor":1},{"not_picked":["Endless Agony","Dagger Throw"],"picked":"Sucker Punch","floor":5},{"not_picked":["All Out Attack","Acrobatics","Concentrate"],"picked":"SKIP","floor":6},{"not_picked":["Crippling Poison","Prepared","Dodge and Roll","Tactician"],"picked":"SKIP","floor":8},{"not_picked":["Crippling Poison","Footwork","Dagger Spray","Calculated Gamble"],"picked":"SKIP","floor":11},{"not_picked":["Backflip","Leg Sweep","Bane"],"picked":"Bouncing Flask","floor":13}],"player_experience":107268,"relics_obtained":[{"floor":6,"key":"Question Card"},{"floor":8,"key":"Whetstone"},{"floor":9,"key":"Lantern"}],"event_choices":[{"damage_healed":0,"gold_gain":75,"player_choice":"Gather Gold","damage_taken":11,"max_hp_gain":0,"max_hp_loss":0,"event_name":"World of Goop","floor":2,"gold_loss":0},{"cards_removed":["Strike_G"],"damage_healed":0,"gold_gain":0,"player_choice":"Offered Basic","damage_taken":0,"max_hp_gain":0,"max_hp_loss":0,"event_name":"Bonfire Elementals","floor":3,"gold_loss":0},{"damage_healed":23,"gold_gain":0,"player_choice":"Banana","damage_taken":0,"max_hp_gain":0,"max_hp_loss":0,"event_name":"Big Fish","floor":14,"gold_loss":0}],"is_beta":false,"boss_relics":[],"items_purged_floors":[4,12],"is_endless":false,"potions_floor_spawned":[1,6,11],"killed_by":"Slime Boss","ascension_level":0}