{"gold_per_floor":[112,112,112,29,29,29,61,6,54,73,100,114,87,87,87,87],"floor_reached":16,"playtime":352,"items_purged":[],"score":266,"play_id":"aa464305-ad1b-4dbc-b0af-2da046e59c3c","local_time":"20190122183047","is_ascension_mode":true,"campfire_choices":[{"floor":6,"key":"REST"},{"floor":15,"key":"REST"}],"neow_cost":"NONE","seed_source_timestamp":340774904958009,"circlet_count":0,"master_deck":["AscendersBane","Strike_B","Strike_B","Strike_B","Strike_B","Defend_B+1","Defend_B","Defend_B","Defend_B","Zap+1","Dualcast","Genetic Algorithm","Coolheaded","Gash","Consume","Glacier","Chill","Cold Snap","Conserve Battery"],"relics":["Cracked Core","NeowsBlessing","PreservedInsect","Blood Vial","Smiling Mask","Darkstone Periapt","Dream Catcher"],"potions_floor_usage":[],"damage_taken":[{"damage":0,"enemies":"Jaw Worm","floor":1,"turns":1},{"damage":0,"enemies":"Gremlin Nob","floor":7,"turns":1},{"damage":0,"enemies":"Small Slimes","floor":10,"turns":1},{"damage":35,"enemies":"3 Sentries","floor":11,"turns":12},{"damage":0,"enemies":"2 Louse","floor":12,"turns":2},{"damage":6,"enemies":"Exordium Thugs","floor":13,"turns":8},{"damage":28,"enemies":"The Guardian","floor":16,"turns":4}],"seed_played":"2780206680286278824","potions_obtained":[{"floor":5,"key":"SpeedPotion"},{"floor":5,"key":"SneckoOil"}],"is_trial":false,"path_per_floor":["?","?","?","M","T"],"character_chosen":"DEFECT","items_purchased":["Genetic Algorithm","Gash"],"campfire_rested":2,"item_purchase_floors":[4,8],"current_hp_per_floor":[64,38,17,17,17,38,38,38,38,40,7,9,5,5,26,0],"gold":87,"neow_bonus":"THREE_ENEMY_KILL","is_prod":false,"is_daily":false,"chose_seed":false,"campfire_upgraded":0,"win_rate":0,"timestamp":1548210647,"path_taken":["M","?","?","$","?","R","E","$","T","M","E","?","M","?","R","BOSS"],"build_version":"2019-01-20","purchased_purges":0,"victory":false,"max_hp_per_floor":[71,71,71,71,71,71,71,71,71,71,71,71,71,71,71,71],"card_choices":[{"not_picked":["Stack","Redo","Rebound"],"picked":"SKIP","floor":1},{"not_picked":["Stack","Hologram"],"picked":"Coolheaded","floor":7},{"not_picked":["Doom and Gloom","Cold Snap"],"picked":"Consume","floor":10},{"not_picked":["Leap","Compile Driver"],"picked":"Glacier","floor":11},{"not_picked":["Reboot","Beam Cell"],"picked":"Chill","floor":12},{"not_picked":["Beam Cell","Streamline"],"picked":"Cold Snap","floor":13},{"not_picked":["Turbo","Go for the Eyes"],"picked":"Conserve Battery","floor":15}],"player_experience":1014362,"relics_obtained":[{"floor":7,"key":"Blood Vial"},{"floor":9,"key":"Smiling Mask"},{"floor":11,"key":"Darkstone Periapt"},{"floor":14,"key":"Dream Catcher"}],"event_choices":[{"damage_healed":0,"gold_gain":0,"player_choice":"Success","damage_taken":26,"relics_obtained":["PreservedInsect"],"max_hp_gain":0,"max_hp_loss":0,"event_name":"Scrap Ooze","floor":2,"gold_loss":0},{"damage_healed":0,"gold_gain":0,"player_choice":"Entered Light","damage_taken":21,"max_hp_gain":0,"max_hp_loss":0,"event_name":"Shining Light","floor":3,"gold_loss":0,"cards_upgraded":["Zap","Defend_B"]},{"damage_healed":0,"gold_gain":0,"player_choice":"Got Potions","damage_taken":0,"max_hp_gain":0,"max_hp_loss":0,"event_name":"Lab","floor":5,"gold_loss":0}],"is_beta":true,"boss_relics":[],"items_purged_floors":[],"is_endless":false,"potions_floor_spawned":[10,13],"killed_by":"The Guardian","ascension_level":20}