{"gold_per_floor":[361,221,234,234,234,234,248,273,311,351,363,375,415,31,31,31],"floor_reached":16,"playtime":467,"items_purged":[],"score":232,"play_id":"4c1cd9dc-c7b4-463c-a089-51292accaffc","local_time":"20190201022434","is_ascension_mode":true,"campfire_choices":[{"data":"Combust","floor":6.0,"key":"SMITH"},{"data":"Perfected Strike","floor":12.0,"key":"SMITH"},{"data":"Perfected Strike","floor":15.0,"key":"SMITH"}],"neow_cost":"TEN_PERCENT_HP_LOSS","seed_source_timestamp":808437530322260,"circlet_count":0,"master_deck":["AscendersBane","Strike_R","Strike_R","Strike_R","Strike_R","Strike_R","Defend_R","Defend_R","Defend_R","Defend_R","Bash+1","Combust+1","Perfected Strike+1","Thunderclap+1","Pommel Strike","Feel No Pain","True Grit","Impervious","Perfected Strike+1"],"special_seed":0,"relics":["Burning Blood","MawBank","Bag of Preparation","Smiling Mask","Bag of Marbles","Gambling Chip"],"potions_floor_usage":[16],"damage_taken":[{"damage":17.0,"enemies":"Small Slimes","floor":1.0,"turns":6.0},{"damage":1.0,"enemies":"Cultist","floor":3.0,"turns":3.0},{"damage":10.0,"enemies":"2 Louse","floor":7.0,"turns":3.0},{"damage":24.0,"enemies":"3 Sentries","floor":8.0,"turns":5.0},{"damage":10.0,"enemies":"Gremlin Nob","floor":10.0,"turns":3.0},{"damage":9.0,"enemies":"Lagavulin","floor":13.0,"turns":4.0},{"damage":22,"enemies":"The Guardian","floor":16,"turns":7}],"seed_played":"8413275034024769759","potions_obtained":[{"floor":3.0,"key":"LiquidBronze"},{"floor":13.0,"key":"SteroidPotion"}],"is_trial":false,"path_per_floor":["M","$","M","?","?","R","M","E","T","E","?","R","E","$","R","B"],"character_chosen":"IRONCLAD","items_purchased":["Combust","Perfected Strike","Perfected Strike","Gambling Chip"],"campfire_rested":0,"item_purchase_floors":[2,2,14,14],"current_hp_per_floor":[57,57,62,42,47,47,43,25,25,21,21,21,18,18,18,0],"gold":31,"neow_bonus":"TWO_FIFTY_GOLD","is_prod":false,"is_daily":false,"chose_seed":false,"campfire_upgraded":3,"win_rate":0,"timestamp":1549016674,"path_taken":["M","$","M","?","?","R","M","E","T","E","?","R","E","$","R","BOSS"],"build_version":"2019-01-23","purchased_purges":0,"victory":false,"max_hp_per_floor":[68,68,68,68,73,73,73,73,73,73,73,73,73,73,73,73],"card_choices":[{"not_picked":["Clash","Iron Wave","Blood for Blood"],"picked":"SKIP","floor":1.0},{"not_picked":["Seeing Red","Sentinel"],"picked":"Thunderclap","floor":3.0},{"not_picked":["Body Slam","Corruption"],"picked":"Pommel Strike","floor":7.0},{"not_picked":["Havoc","Thunderclap"],"picked":"Feel No Pain","floor":8.0},{"not_picked":["Wild Strike","Anger","Rage"],"picked":"SKIP","floor":10.0},{"not_picked":["True Grit","Sword Boomerang"],"picked":"Impervious","floor":13.0}],"player_experience":1054013,"relics_obtained":[{"floor":8.0,"key":"MawBank"},{"floor":9.0,"key":"Bag of Preparation"},{"floor":10.0,"key":"Smiling Mask"},{"floor":13.0,"key":"Bag of Marbles"}],"event_choices":[{"damage_healed":0.0,"max_hp_gain":0.0,"max_hp_loss":0.0,"gold_gain":0.0,"event_name":"Shining Light","player_choice":"Entered Light","floor":4.0,"gold_loss":0.0,"damage_taken":20.0,"cards_upgraded":["Bash","Thunderclap"]},{"damage_healed":0.0,"max_hp_gain":5.0,"max_hp_loss":0.0,"gold_gain":0.0,"event_name":"Big Fish","player_choice":"Donut","floor":5.0,"gold_loss":0.0,"damage_taken":0.0},{"damage_healed":0.0,"max_hp_gain":0.0,"max_hp_loss":0.0,"gold_gain":0.0,"event_name":"Match and Keep!","player_choice":"1 cards matched","floor":11.0,"gold_loss":0.0,"damage_taken":0.0,"cards_obtained":["True Grit"]}],"is_beta":true,"boss_relics":[],"items_purged_floors":[],"is_endless":false,"potions_floor_spawned":[3,13],"killed_by":"The Guardian","ascension_level":20}