{"gold_per_floor":[119,119,130,130,145,171,66,100,178,204,151,169,196,213,213,286,286,303,303,315,315,182,182,195,220,297,323,339,355,386,399,399,478,478,478],"floor_reached":35,"playtime":1459,"items_purged":["Perfected Strike"],"score":919,"play_id":"98556316-4615-4eaa-baaa-e79c09b26696","local_time":"20190213002610","is_ascension_mode":true,"campfire_choices":[{"data":"Armaments","floor":15.0,"key":"SMITH"},{"data":"Whirlwind","floor":23,"key":"SMITH"},{"data":"Disarm","floor":32,"key":"SMITH"}],"neow_cost":"NONE","seed_source_timestamp":1666384721084258,"circlet_count":0,"master_deck":["AscendersBane","Strike_R","Strike_R","Strike_R","Strike_R","Strike_R","Defend_R+1","Defend_R+1","Defend_R","Defend_R","Bash+1","Whirlwind+1","Shrug It Off","Anger","Armaments+1","Fiend Fire","Flame Barrier","Sword Boomerang","Shockwave","Disarm+1","Shrug It Off"],"special_seed":0,"relics":["Burning Blood","Incense Burner","Ancient Tea Set","Meat on the Bone","Vajra","Shuriken","Velvet Choker","Self Forming Clay","Question Card","Regal Pillow","Orrery"],"potions_floor_usage":[16,25,33],"damage_taken":[{"damage":7.0,"enemies":"Jaw Worm","floor":1.0,"turns":3.0},{"damage":8.0,"enemies":"2 Louse","floor":3.0,"turns":4.0},{"damage":7.0,"enemies":"Small Slimes","floor":5.0,"turns":4.0},{"damage":24.0,"enemies":"Lagavulin","floor":6.0,"turns":5.0},{"damage":19.0,"enemies":"3 Sentries","floor":8.0,"turns":7.0},{"damage":19.0,"enemies":"Lagavulin","floor":10.0,"turns":6.0},{"damage":0.0,"enemies":"Gremlin Gang","floor":12.0,"turns":1.0},{"damage":39.0,"enemies":"3 Sentries","floor":13.0,"turns":7.0},{"damage":3.0,"enemies":"Looter","floor":14.0,"turns":2.0},{"damage":29,"enemies":"The Guardian","floor":16,"turns":9},{"damage":3,"enemies":"Spheric Guardian","floor":18,"turns":3},{"damage":11,"enemies":"2 Thieves","floor":20,"turns":3},{"damage":28,"enemies":"Shelled Parasite and Fungi","floor":24,"turns":4},{"damage":34,"enemies":"Book of Stabbing","floor":25,"turns":4},{"damage":7,"enemies":"Gremlin Leader","floor":27,"turns":6},{"damage":0,"enemies":"Centurion and Healer","floor":28,"turns":5},{"damage":18,"enemies":"Snake Plant","floor":29,"turns":4},{"damage":32,"enemies":"Book of Stabbing","floor":30,"turns":6},{"damage":12,"enemies":"Shelled Parasite and Fungi","floor":31,"turns":6},{"damage":26,"enemies":"Champ","floor":33,"turns":13},{"damage":32,"enemies":"3 Darklings","floor":35,"turns":7}],"seed_played":"161175153654280144","potions_obtained":[{"floor":1.0,"key":"Fire Potion"},{"floor":3.0,"key":"Regen Potion"},{"floor":6.0,"key":"Poison Potion"},{"floor":10.0,"key":"FearPotion"},{"floor":18,"key":"FearPotion"},{"floor":30,"key":"SmokeBomb"},{"floor":31,"key":"Strength Potion"},{"floor":33,"key":"FearPotion"}],"is_trial":false,"path_per_floor":["M","?","M","?","M","E","$","E","T","E","$","M","E","M","R","B",null,"M","?","M","?","$","R","M","E","T","E","M","M","E","M","R","B",null,"M"],"character_chosen":"IRONCLAD","items_purchased":["Fire Potion","Shrug It Off","PowerPotion","Sword Boomerang"],"campfire_rested":0,"item_purchase_floors":[7,7,11,22],"current_hp_per_floor":[67,72,70,46,45,41,41,28,28,27,27,45,24,39,39,28,67,70,47,54,95,95,95,73,57,57,56,62,62,48,54,54,46,83,51],"gold":478,"neow_bonus":"UPGRADE_CARD","is_prod":false,"is_daily":false,"chose_seed":false,"campfire_upgraded":3,"win_rate":0,"timestamp":1550046370,"path_taken":["M","?","M","?","M","E","$","E","T","E","$","?","E","M","R","BOSS","M","?","M","?","$","R","M","E","T","E","?","M","E","M","R","BOSS","M"],"build_version":"2019-02-06","purchased_purges":1,"victory":false,"max_hp_per_floor":[75,80,80,80,80,80,80,80,80,80,80,80,80,80,80,80,80,80,85,85,95,95,95,95,95,95,95,95,95,95,95,95,95,95,95],"card_choices":[{"not_picked":["Pummel","Flex","Dropkick"],"picked":"SKIP","floor":1.0},{"not_picked":["Perfected Strike","Twin Strike"],"picked":"Whirlwind","floor":3.0},{"not_picked":["Ghostly Armor","Twin Strike"],"picked":"Perfected Strike","floor":5.0},{"not_picked":["Intimidate","Uppercut","Clothesline"],"picked":"SKIP","floor":6.0},{"not_picked":["Havoc","Heavy Blade"],"picked":"Double Tap","floor":8.0},{"not_picked":["Clothesline","Heavy Blade","Iron Wave"],"picked":"SKIP","floor":10.0},{"not_picked":["Sever Soul","Sword Boomerang","Body Slam"],"picked":"SKIP","floor":12.0},{"not_picked":["Thunderclap","Inflame"],"picked":"Anger","floor":13.0},{"not_picked":["Barricade","Anger"],"picked":"Armaments","floor":14.0},{"not_picked":["Barricade","Exhume"],"picked":"Fiend Fire","floor":16},{"not_picked":["Evolve","Body Slam+1"],"picked":"Flame Barrier","floor":18},{"not_picked":["Searing Blow","Headbutt","Twin Strike"],"picked":"SKIP","floor":20},{"not_picked":["Sentinel","Seeing Red","Heavy Blade"],"picked":"SKIP","floor":24},{"not_picked":["True Grit","Headbutt","Clothesline"],"picked":"SKIP","floor":25},{"not_picked":["Sword Boomerang","Rampage","Evolve"],"picked":"SKIP","floor":27},{"not_picked":["Rage","Rupture","Clothesline"],"picked":"Shockwave","floor":28},{"not_picked":["Body Slam","Wild Strike+1","Flex"],"picked":"Disarm","floor":29},{"not_picked":["Whirlwind","Wild Strike","Thunderclap+1","Armaments+1"],"picked":"SKIP","floor":30},{"not_picked":["Headbutt+1","Wild Strike","Ghostly Armor","Combust"],"picked":"SKIP","floor":31},{"not_picked":["Headbutt","Perfected Strike","Pommel Strike"],"picked":"Shrug It Off","floor":34}],"player_experience":1148918,"relics_obtained":[{"floor":6.0,"key":"Incense Burner"},{"floor":8.0,"key":"Ancient Tea Set"},{"floor":9.0,"key":"Meat on the Bone"},{"floor":10.0,"key":"Vajra"},{"floor":13.0,"key":"Shuriken"},{"floor":25,"key":"Self Forming Clay"},{"floor":27,"key":"Question Card"},{"floor":30,"key":"Regal Pillow"}],"event_choices":[{"damage_healed":0.0,"max_hp_gain":5.0,"max_hp_loss":0.0,"gold_gain":0.0,"event_name":"Big Fish","player_choice":"Donut","floor":2.0,"gold_loss":0.0,"damage_taken":0.0},{"damage_healed":0.0,"max_hp_gain":0.0,"max_hp_loss":0.0,"gold_gain":0.0,"event_name":"Shining Light","player_choice":"Entered Light","floor":4.0,"gold_loss":0.0,"damage_taken":24.0,"cards_upgraded":["Defend_R","Defend_R"]},{"damage_healed":0,"gold_gain":0,"player_choice":"Shed Blood","damage_taken":28,"max_hp_gain":5,"max_hp_loss":0,"event_name":"Forgotten Altar","floor":19,"gold_loss":0},{"cards_removed":["Double Tap"],"damage_healed":31,"gold_gain":0,"player_choice":"Offered Rare","damage_taken":0,"max_hp_gain":10,"max_hp_loss":0,"event_name":"Bonfire Elementals","floor":21,"gold_loss":0}],"is_beta":true,"boss_relics":[{"not_picked":["Ectoplasm","Eternal Feather"],"picked":"Velvet Choker"},{"not_picked":["Calling Bell","White Beast Statue"],"picked":"Orrery"}],"items_purged_floors":[22],"is_endless":false,"potions_floor_spawned":[1,3,6,10,18,30,31,33],"killed_by":"3 Darklings","ascension_level":20}