{"gold_per_floor":[115,115,129,204,9,9,37,37,63,121,121,71,71,96,96,173,173,193,193,207,157,174,174,203,222,222,240,86,111,123,157,157,234,234,251,351,351,371,371,371,398,398,698,698,698,733,154,169,169,169,169],"floor_reached":52,"playtime":3182,"items_purged":["Strike_B","Strike_B"],"score":2093,"play_id":"65139d89-1b05-47f1-88e6-826250a9a1c8","local_time":"20181027224328","is_ascension_mode":true,"campfire_choices":[{"data":"Self Repair","floor":6.0,"key":"SMITH"},{"data":"Rainbow","floor":11.0,"key":"SMITH"},{"data":"Beam Cell","floor":13.0,"key":"SMITH"},{"data":"Defragment","floor":15.0,"key":"SMITH"},{"data":"Auto Shields","floor":23.0,"key":"SMITH"},{"floor":32.0,"key":"REST"},{"data":"Defragment","floor":40.0,"key":"SMITH"},{"floor":42,"key":"REST"},{"floor":44,"key":"REST"},{"floor":49,"key":"REST"}],"neow_cost":"NONE","seed_source_timestamp":81741241725158,"circlet_count":0,"master_deck":["Strike_B","Strike_B","Defend_B","Defend_B","Defend_B","Defend_B","Zap","Dualcast","AscendersBane","Sweeping Beam","Sweeping Beam","Conserve Battery","Self Repair+1","Auto Shields+1","Rainbow+1","Beam Cell+1","Defragment+1","Echo Form","Streamline+1","Go for the Eyes","Rebound","Amplify","Stack+1","Defragment+1","Compile Driver","Doom and Gloom","Storm","Hologram","Biased Cognition","Coolheaded+1","Cold Snap","Chaos+1","Hologram","Storm","Go for the Eyes+1","Cold Snap+1","Barrage+1"],"special_seed":0,"relics":["Cracked Core","NeowsBlessing","DataDisk","Sundial","PreservedInsect","Tiny Chest","Bronze Scales","Velvet Choker","Anchor","Omamori","Bag of Marbles","Pear","Dream Catcher","Inserter","Girya","Molten Egg 2","Old Coin","Thread and Needle","Pantograph"],"potions_floor_usage":[41,46,50],"damage_taken":[{"damage":0.0,"enemies":"Jaw Worm","floor":1.0,"turns":1.0},{"damage":0.0,"enemies":"Small Slimes","floor":3.0,"turns":1.0},{"damage":0.0,"enemies":"Lagavulin","floor":7.0,"turns":1.0},{"damage":0.0,"enemies":"3 Sentries","floor":10.0,"turns":3.0},{"damage":32.0,"enemies":"Gremlin Nob","floor":14.0,"turns":4.0},{"damage":16.0,"enemies":"Hexaghost","floor":16.0,"turns":9.0},{"damage":20.0,"enemies":"Chosen","floor":18.0,"turns":5.0},{"damage":14.0,"enemies":"Shell Parasite","floor":20.0,"turns":7.0},{"damage":17.0,"enemies":"Snake Plant","floor":22.0,"turns":4.0},{"damage":14.0,"enemies":"Gremlin Leader","floor":24.0,"turns":6.0},{"damage":23.0,"enemies":"3 Cultists","floor":25.0,"turns":5.0},{"damage":24.0,"enemies":"Centurion and Healer","floor":27.0,"turns":6.0},{"damage":17.0,"enemies":"Slavers","floor":29.0,"turns":4.0},{"damage":15.0,"enemies":"Snake Plant","floor":30.0,"turns":5.0},{"damage":30.0,"enemies":"Book of Stabbing","floor":31.0,"turns":4.0},{"damage":54.0,"enemies":"Champ","floor":33.0,"turns":9.0},{"damage":2.0,"enemies":"Orb Walker","floor":35.0,"turns":4.0},{"damage":0.0,"enemies":"Mind Bloom Boss Battle","floor":36.0,"turns":6.0},{"damage":10.0,"enemies":"3 Darklings","floor":38.0,"turns":4.0},{"damage":0.0,"enemies":"Transient","floor":39.0,"turns":3.0},{"damage":56,"enemies":"Reptomancer","floor":41,"turns":8},{"damage":34,"enemies":"Nemesis","floor":46,"turns":5},{"damage":26,"enemies":"Jaw Worm Horde","floor":48,"turns":5},{"damage":67,"enemies":"Awakened One","floor":50,"turns":32},{"damage":29,"enemies":"Donu and Deca","floor":51,"turns":14}],"seed_played":"-5212131024494001614","potions_obtained":[{"floor":1.0,"key":"Explosive Potion"},{"floor":16.0,"key":"GamblersBrew"},{"floor":18.0,"key":"Dexterity Potion"},{"floor":22.0,"key":"Strength Potion"},{"floor":31.0,"key":"PowerPotion"},{"floor":33.0,"key":"SmokeBomb"},{"floor":41,"key":"PowerPotion"}],"is_trial":false,"path_per_floor":["M","?","M","?","$","R","E","?","T","E","R","$","R","E","R","B",null,"M","T","M","?","M","R","E","M","T","M","$","E","M","E","R","B",null,"M","?","?","M","M","R","E","R","T","R","?","E","$","M","R","B","B"],"character_chosen":"DEFECT","items_purchased":["Sweeping Beam","Conserve Battery","Self Repair","Beam Cell","Defragment","Pantograph","FairyPotion","Weak Potion","Go for the Eyes+1"],"campfire_rested":4,"item_purchase_floors":[5,5,5,12,28,47,47,47,47],"current_hp_per_floor":[64,69,69,58,58,58,68,68,68,76,76,76,76,54,54,48,69,69,69,75,75,68,68,64,51,51,47,47,60,65,45,70,26,71,79,86,86,86,86,86,40,65,65,86,86,52,52,36,61,39,45],"gold":169,"neow_bonus":"THREE_ENEMY_KILL","is_prod":false,"is_daily":false,"chose_seed":false,"campfire_upgraded":6,"win_rate":0,"timestamp":1540705408,"path_taken":["M","?","M","?","$","R","E","?","T","E","R","$","R","E","R","BOSS","M","?","M","?","M","R","E","M","T","?","?","E","?","E","R","BOSS","M","?","?","?","M","R","E","R","T","R","?","E","$","M","R","BOSS","BOSS"],"build_version":"2018-10-25v2","purchased_purges":2,"victory":true,"max_hp_per_floor":[71,76,76,76,76,76,76,76,76,76,76,76,76,76,76,76,76,76,76,76,76,76,76,76,76,76,76,76,86,86,86,86,86,86,86,86,86,86,86,86,86,86,86,86,86,86,86,86,86,86,86],"card_choices":[{"not_picked":["Heatsinks","Fusion"],"picked":"Rip and Tear","floor":1.0},{"not_picked":["Cold Snap","Streamline"],"picked":"Sweeping Beam","floor":3.0},{"not_picked":["Heatsinks","Tempest"],"picked":"Auto Shields","floor":7.0},{"not_picked":["Chaos","Go for the Eyes"],"picked":"Rainbow","floor":10.0},{"not_picked":["Streamline","Meteor Strike"],"picked":"Defragment","floor":14.0},{"not_picked":["Amplify","Core Surge"],"picked":"Echo Form","floor":16.0},{"not_picked":["Sweeping Beam+1","Scrape"],"picked":"Hologram","floor":18.0},{"not_picked":["Rip and Tear","Coolheaded"],"picked":"Streamline+1","floor":20.0},{"not_picked":["Consume+1","Aggregate+1"],"picked":"Go for the Eyes","floor":22.0},{"not_picked":["Coolheaded","Streamline"],"picked":"Rebound","floor":24.0},{"not_picked":["Stack","Tempest"],"picked":"Amplify","floor":25.0},{"not_picked":["Rebound+1","Leap"],"picked":"Stack+1","floor":27.0},{"not_picked":["Ball Lightning+1","Double Energy"],"picked":"Compile Driver","floor":29.0},{"not_picked":["Blizzard","Gash+1"],"picked":"Doom and Gloom","floor":30.0},{"not_picked":["Gash","Reprogram"],"picked":"Storm","floor":31.0},{"not_picked":["Stack","Go for the Eyes"],"picked":"Hologram","floor":32.0},{"not_picked":["All For One","Amplify"],"picked":"Biased Cognition","floor":33.0},{"not_picked":["Gash","Melter"],"picked":"Coolheaded+1","floor":35.0},{"not_picked":["Steam","Steam Power"],"picked":"Cold Snap","floor":36.0},{"not_picked":["Stack","Auto Shields"],"picked":"Chaos+1","floor":38.0},{"not_picked":["Streamline","Redo","Cold Snap"],"picked":"SKIP","floor":41},{"not_picked":["Conserve Battery","Coolheaded"],"picked":"Hologram","floor":42},{"not_picked":["Conserve Battery+1","Force Field"],"picked":"Storm","floor":44},{"not_picked":["Redo","Blizzard+1","Reboot"],"picked":"SKIP","floor":46},{"not_picked":["Coolheaded","Force Field+1"],"picked":"Cold Snap+1","floor":48},{"not_picked":["Coolheaded","Compile Driver+1"],"picked":"Barrage+1","floor":49}],"player_experience":662700,"relics_obtained":[{"floor":7.0,"key":"DataDisk"},{"floor":9.0,"key":"PreservedInsect"},{"floor":10.0,"key":"Tiny Chest"},{"floor":14.0,"key":"Bronze Scales"},{"floor":19.0,"key":"Anchor"},{"floor":24.0,"key":"Omamori"},{"floor":26.0,"key":"Bag of Marbles"},{"floor":29.0,"key":"Pear"},{"floor":31.0,"key":"Dream Catcher"},{"floor":36.0,"key":"Girya"},{"floor":41,"key":"Molten Egg 2"},{"floor":43,"key":"Old Coin"},{"floor":46,"key":"Thread and Needle"}],"event_choices":[{"damage_healed":0.0,"max_hp_gain":5.0,"max_hp_loss":0.0,"gold_gain":0.0,"event_name":"Big Fish","player_choice":"Donut","floor":2.0,"gold_loss":0.0,"damage_taken":0.0},{"damage_healed":0.0,"max_hp_gain":0.0,"max_hp_loss":0.0,"gold_gain":75.0,"event_name":"World of Goop","player_choice":"Gather Gold","floor":4.0,"gold_loss":0.0,"damage_taken":11.0},{"cards_removed":["Rip and Tear"],"damage_healed":0.0,"max_hp_gain":0.0,"max_hp_loss":0.0,"gold_gain":0.0,"event_name":"WeMeetAgain","player_choice":"Gave Card","floor":8.0,"gold_loss":0.0,"damage_taken":0.0,"relics_obtained":["Sundial"]},{"damage_healed":0.0,"max_hp_gain":0.0,"max_hp_loss":0.0,"gold_gain":0.0,"event_name":"The Joust","player_choice":"Bet on Owner","floor":21.0,"gold_loss":50.0,"damage_taken":0.0},{"damage_healed":0.0,"max_hp_gain":0.0,"max_hp_loss":0.0,"gold_gain":0.0,"event_name":"MindBloom","player_choice":"Fight","floor":36.0,"gold_loss":0.0,"damage_taken":0.0},{"damage_healed":0.0,"max_hp_gain":0.0,"max_hp_loss":0.0,"gold_gain":0.0,"event_name":"Mysterious Sphere","player_choice":"Ignored","floor":37.0,"gold_loss":0.0,"damage_taken":0.0},{"cards_removed":["Hologram"],"damage_healed":0,"gold_gain":0,"player_choice":"Removed Skill","damage_taken":0,"max_hp_gain":0,"max_hp_loss":0,"event_name":"Falling","floor":45,"gold_loss":0}],"is_beta":false,"boss_relics":[{"not_picked":["Nuclear Battery","Busted Crown"],"picked":"Velvet Choker"},{"not_picked":["Philosopher\u0027s Stone","Pandora\u0027s Box"],"picked":"Inserter"}],"items_purged_floors":[28,47],"is_endless":false,"potions_floor_spawned":[1,16,18,22,24,31,33,39,41,48],"ascension_level":20}