{"gold_per_floor":[364,196,216,228,242,242,267,267,349,273,284,70,97,108,108,184,184,201,220,38,49,67,67,117,117,144,144,172,172,94,127,127,127],"floor_reached":33,"playtime":1308,"items_purged":["Strike_B","Strike_B","Strike_B"],"score":590,"play_id":"d8c7cfca-0858-456a-a76c-c9115d8d91b8","local_time":"20190131215714","is_ascension_mode":true,"campfire_choices":[{"data":"Zap","floor":6.0,"key":"SMITH"},{"data":"Self Repair","floor":8.0,"key":"SMITH"},{"data":"Glacier","floor":15.0,"key":"SMITH"},{"data":"Biased Cognition","floor":23,"key":"SMITH"},{"data":"Coolheaded","floor":27,"key":"SMITH"},{"data":"Hologram","floor":29,"key":"SMITH"},{"data":"Genetic Algorithm","floor":32,"key":"SMITH"}],"neow_cost":"PERCENT_DAMAGE","seed_source_timestamp":791929493048865,"circlet_count":0,"master_deck":["AscendersBane","Strike_B","Defend_B","Defend_B","Defend_B","Defend_B","Zap+1","Dualcast","Ball Lightning","Self Repair+1","Cold Snap","Ball Lightning","Undo","Glacier+1","Ball Lightning","Gash","Compile Driver","Biased Cognition+1","Coolheaded+1","Hologram+1","Coolheaded","Loop","Genetic Algorithm+1"],"special_seed":0,"relics":["Cracked Core","Sundial","Tiny Chest","DataDisk","Sozu","Lantern","Dream Catcher","Singing Bowl"],"potions_floor_usage":[33,33],"damage_taken":[{"damage":1.0,"enemies":"Cultist","floor":1.0,"turns":3.0},{"damage":0.0,"enemies":"Small Slimes","floor":3.0,"turns":3.0},{"damage":6.0,"enemies":"2 Louse","floor":4.0,"turns":3.0},{"damage":4.0,"enemies":"2 Fungi Beasts","floor":5.0,"turns":4.0},{"damage":16.0,"enemies":"3 Sentries","floor":7.0,"turns":6.0},{"damage":9.0,"enemies":"3 Louse","floor":11.0,"turns":3.0},{"damage":4.0,"enemies":"Lagavulin","floor":13.0,"turns":7.0},{"damage":0.0,"enemies":"Large Slime","floor":14.0,"turns":4.0},{"damage":3.0,"enemies":"The Guardian","floor":16.0,"turns":11.0},{"damage":12,"enemies":"Shell Parasite","floor":18,"turns":4},{"damage":20,"enemies":"2 Thieves","floor":19,"turns":4},{"damage":4,"enemies":"3 Cultists","floor":21,"turns":5},{"damage":0,"enemies":"Sentry and Sphere","floor":22,"turns":5},{"damage":1,"enemies":"Gremlin Leader","floor":28,"turns":7},{"damage":8,"enemies":"Book of Stabbing","floor":31,"turns":6},{"damage":86,"enemies":"Collector","floor":33,"turns":10}],"seed_played":"3615210249596320393","potions_obtained":[{"floor":3.0,"key":"Fire Potion"},{"floor":7.0,"key":"Strength Potion"},{"floor":11.0,"key":"SpeedPotion"}],"is_trial":false,"path_per_floor":["M","$","M","M","M","R","E","R","T","$","M","$","E","M","R","B",null,"M","M","$","M","M","R","?","?","T","R","E","R","$","E","R","B"],"character_chosen":"DEFECT","items_purchased":["Ball Lightning","Self Repair","Glacier","Fire Potion","Gash","Hologram","Loop"],"campfire_rested":0,"item_purchase_floors":[2,2,10,12,12,20,30],"current_hp_per_floor":[45,45,45,46,49,49,33,33,33,33,24,24,30,40,40,47,65,63,53,53,59,69,69,69,69,69,69,71,71,71,71,71,0],"gold":127,"neow_bonus":"TWO_FIFTY_GOLD","is_prod":false,"is_daily":false,"chose_seed":false,"campfire_upgraded":7,"win_rate":0,"timestamp":1549000634,"path_taken":["M","$","M","M","M","R","E","R","T","$","M","$","E","M","R","BOSS","M","?","$","M","M","R","?","?","T","R","E","R","$","E","R","BOSS"],"build_version":"2019-01-23","purchased_purges":3,"victory":false,"max_hp_per_floor":[71,71,71,71,71,71,71,71,71,71,71,71,71,71,71,71,71,71,71,71,71,71,71,71,71,71,71,71,71,71,71,71,71],"card_choices":[{"not_picked":["Turbo","Stack","Force Field"],"picked":"SKIP","floor":1.0},{"not_picked":["Darkness","Gash"],"picked":"Cold Snap","floor":3.0},{"not_picked":["Go for the Eyes","Reprogram","Tempest"],"picked":"SKIP","floor":4.0},{"not_picked":["Chill","Blizzard"],"picked":"Ball Lightning","floor":5.0},{"not_picked":["Melter","Barrage"],"picked":"Undo","floor":7.0},{"not_picked":["BootSequence","Turbo"],"picked":"Ball Lightning","floor":11.0},{"not_picked":["Heatsinks","Scrape"],"picked":"Compile Driver","floor":13.0},{"not_picked":["Go for the Eyes","Compile Driver","Melter"],"picked":"SKIP","floor":14.0},{"not_picked":["Meteor Strike","Machine Learning"],"picked":"Biased Cognition","floor":16.0},{"not_picked":["Steam","Storm"],"picked":"Coolheaded","floor":18},{"not_picked":["Recycle","Stack","Cold Snap"],"picked":"SKIP","floor":19},{"not_picked":["Go for the Eyes","Sweeping Beam"],"picked":"Coolheaded","floor":21},{"not_picked":["Hologram","Redo","Steam"],"picked":"SKIP","floor":22},{"not_picked":["Redo","Gash","Multi-Cast"],"picked":"SKIP","floor":28},{"not_picked":["Rainbow","Ball Lightning"],"picked":"Genetic Algorithm","floor":31}],"player_experience":1048858,"relics_obtained":[{"floor":7.0,"key":"Sundial"},{"floor":9.0,"key":"Tiny Chest"},{"floor":13.0,"key":"DataDisk"},{"floor":26,"key":"Lantern"},{"floor":28,"key":"Dream Catcher"},{"floor":31,"key":"Singing Bowl"}],"event_choices":[{"damage_healed":0,"gold_gain":50,"player_choice":"Stole From Cult","damage_taken":0,"max_hp_gain":0,"max_hp_loss":0,"event_name":"Nest","floor":24,"gold_loss":0},{"damage_healed":0,"gold_gain":0,"player_choice":"Ignored","damage_taken":0,"max_hp_gain":0,"max_hp_loss":0,"event_name":"Vampires","floor":25,"gold_loss":0}],"is_beta":true,"boss_relics":[{"not_picked":["Astrolabe","Ectoplasm"],"picked":"Sozu"}],"items_purged_floors":[2,12,20],"is_endless":false,"potions_floor_spawned":[3,7,11,13,21,28],"killed_by":"Collector","ascension_level":20}