{"gold_per_floor":[115,115,127,127,77,77,408,408,434,450,550,578,192,208,208,329,329,353,369,26,26,26,26,66,78,90,115,168,180,192,220,232,244],"floor_reached":33,"playtime":2943,"items_purged":[],"score":450,"play_id":"58266d82-83ba-4469-bcbb-07114af7ee06","local_time":"20190423144642","is_ascension_mode":true,"campfire_choices":[{"floor":6,"key":"REST"},{"floor":8,"key":"REST"},{"floor":15,"key":"REST"},{"data":"Mind Blast","floor":23,"key":"SMITH"},{"data":"Self Repair","floor":25,"key":"SMITH"},{"floor":30,"key":"REST"},{"floor":32,"key":"REST"}],"neow_cost":"CURSE","seed_source_timestamp":266605455785300,"circlet_count":0,"master_deck":["AscendersBane","Strike_B","Strike_B","Strike_B","Strike_B","Defend_B","Defend_B","Defend_B","Defend_B","Zap","Dualcast","Swift Strike","Mind Blast+1","Rip and Tear","Hologram","Streamline","Loop","Leap","Stack","Reinforced Body","Self Repair+1","Shame","Conserve Battery","FTL","Double Energy+1"],"relics":["FrozenCore","Happy Flower","Golden Idol","Old Coin","Juzu Bracelet","Odd Mushroom","Ginger","TheAbacus","Vajra","Mercury Hourglass","MawBank","The Courier","Question Card"],"potions_floor_usage":[12,16,19,28,28],"damage_taken":[{"damage":7,"enemies":"2 Louse","floor":1,"turns":2},{"damage":12,"enemies":"Jaw Worm","floor":3,"turns":3},{"damage":32,"enemies":"Gremlin Nob","floor":7,"turns":4},{"damage":0,"enemies":"Small Slimes","floor":10,"turns":2},{"damage":7,"enemies":"The Mushroom Lair","floor":12,"turns":3},{"damage":14,"enemies":"Exordium Thugs","floor":14,"turns":6},{"damage":19,"enemies":"Slime Boss","floor":16,"turns":9},{"damage":30,"enemies":"Shell Parasite","floor":18,"turns":12},{"damage":6,"enemies":"3 Byrds","floor":19,"turns":8},{"damage":20,"enemies":"Slavers","floor":24,"turns":6},{"damage":16,"enemies":"Snake Plant","floor":27,"turns":5},{"damage":55,"enemies":"Book of Stabbing","floor":28,"turns":7},{"damage":6,"enemies":"Shelled Parasite and Fungi","floor":31,"turns":10},{"damage":72,"enemies":"Automaton","floor":33,"turns":10}],"seed_played":"5800461170614420500","potions_obtained":[{"floor":10,"key":"Energy Potion"},{"floor":14,"key":"PowerPotion"},{"floor":18,"key":"Poison Potion"},{"floor":24,"key":"EntropicBrew"},{"floor":27,"key":"LiquidBronze"},{"floor":28,"key":"Weak Potion"}],"is_trial":false,"path_per_floor":["M","?","M","?","?","R","E","R","T","M","?","?","$","M","R","B",null,"M","M","$","?","?","R","E","R","T","M","E","?","R","M","R","B"],"character_chosen":"DEFECT","items_purchased":["Ginger","FocusPotion","TheAbacus","Vajra"],"campfire_rested":5,"item_purchase_floors":[13,13,20,20],"current_hp_per_floor":[61,58,46,28,28,49,17,38,38,38,38,31,31,17,38,19,59,29,23,23,23,82,82,62,62,62,56,11,11,35,39,63,0],"gold":244,"neow_bonus":"RANDOM_COLORLESS_2","is_prod":false,"is_daily":false,"chose_seed":false,"campfire_upgraded":2,"win_rate":0,"timestamp":1556023602,"path_taken":["M","?","M","?","?","R","E","R","T","M","?","?","$","M","R","BOSS","M","M","$","?","?","R","E","R","T","M","E","?","R","M","R","BOSS"],"build_version":"2019-01-23","purchased_purges":0,"victory":false,"max_hp_per_floor":[75,75,75,75,72,72,72,72,72,72,72,72,72,72,72,72,72,72,72,72,72,82,82,82,82,82,82,82,82,82,82,82,82],"card_choices":[{"not_picked":["Barrage","Coolheaded"],"picked":"Rip and Tear","floor":1},{"not_picked":["Sweeping Beam","Go for the Eyes"],"picked":"Hologram","floor":3},{"not_picked":["Aggregate","Lockon"],"picked":"Streamline","floor":7},{"not_picked":["Capacitor","Streamline"],"picked":"Loop","floor":10},{"not_picked":["Redo","Chaos"],"picked":"Leap","floor":12},{"not_picked":["Tempest","Sweeping Beam"],"picked":"Stack","floor":14},{"not_picked":["Amplify","Buffer"],"picked":"Biased Cognition","floor":16},{"not_picked":["Compile Driver","Consume+1"],"picked":"Reinforced Body","floor":18},{"not_picked":["Sweeping Beam","Undo"],"picked":"Self Repair","floor":19},{"not_picked":["Redo","Storm"],"picked":"Conserve Battery","floor":24},{"not_picked":["Rebound","Compile Driver","Gash"],"picked":"SKIP","floor":27},{"not_picked":["Beam Cell","Redo"],"picked":"FTL","floor":28},{"not_picked":["Scrape+1","Recycle","Turbo"],"picked":"Double Energy+1","floor":31}],"player_experience":702352,"relics_obtained":[{"floor":7,"key":"Old Coin"},{"floor":9,"key":"Juzu Bracelet"},{"floor":12,"key":"Odd Mushroom"},{"floor":24,"key":"MawBank"},{"floor":26,"key":"The Courier"},{"floor":28,"key":"Question Card"}],"event_choices":[{"damage_healed":0,"gold_gain":0,"player_choice":"Success","damage_taken":3,"relics_obtained":["Happy Flower"],"max_hp_gain":0,"max_hp_loss":0,"event_name":"Scrap Ooze","floor":2,"gold_loss":0},{"damage_healed":0,"gold_gain":0,"player_choice":"Take Damage","damage_taken":18,"relics_obtained":["Golden Idol"],"max_hp_gain":0,"max_hp_loss":0,"event_name":"Golden Idol","floor":4,"gold_loss":0},{"cards_removed":["Parasite"],"damage_healed":0,"gold_gain":0,"player_choice":"Card Removal","damage_taken":0,"max_hp_gain":0,"max_hp_loss":0,"event_name":"The Cleric","floor":5,"gold_loss":50},{"damage_healed":0,"gold_gain":100,"player_choice":"Gold","damage_taken":0,"max_hp_gain":0,"max_hp_loss":0,"event_name":"Wheel of Change","floor":11,"gold_loss":0},{"damage_healed":0,"gold_gain":0,"player_choice":"Fought Mushrooms","damage_taken":0,"max_hp_gain":0,"max_hp_loss":0,"event_name":"Mushrooms","floor":12,"gold_loss":0},{"damage_healed":0,"gold_gain":0,"player_choice":"Stole Relic","damage_taken":0,"relics_obtained":["Mercury Hourglass"],"max_hp_gain":0,"max_hp_loss":0,"event_name":"Addict","floor":21,"gold_loss":0,"cards_obtained":["Shame"]},{"cards_removed":["Biased Cognition"],"damage_healed":49,"gold_gain":0,"player_choice":"Offered Rare","damage_taken":0,"max_hp_gain":10,"max_hp_loss":0,"event_name":"Bonfire Elementals","floor":22,"gold_loss":0},{"damage_healed":0,"gold_gain":0,"player_choice":"Ignored","damage_taken":0,"max_hp_gain":0,"max_hp_loss":0,"event_name":"Ghosts","floor":29,"gold_loss":0}],"is_beta":false,"boss_relics":[{"not_picked":["Calling Bell","Philosopher\u0027s Stone"],"picked":"FrozenCore"}],"items_purged_floors":[],"is_endless":false,"potions_floor_spawned":[10,14,18,24,27,28],"killed_by":"Automaton","ascension_level":12}