{"gold_per_floor":[113,113,124,124,142,142,175,256,307,582,231,231],"floor_reached":12,"playtime":529,"items_purged":["Regret"],"score":152,"play_id":"e0548408-bbd7-496f-9b96-ce034cc99477","local_time":"20190409202751","is_ascension_mode":true,"campfire_choices":[{"floor":6,"key":"REST"}],"neow_cost":"NONE","seed_source_timestamp":14189364191502,"circlet_count":0,"master_deck":["AscendersBane","Strike_B","Strike_B","Strike_B+1","Strike_B","Defend_B","Defend_B","Defend_B+1","Defend_B","Zap","Dualcast","Darkness","Compile Driver","Conserve Battery","Loop"],"relics":["Cracked Core","Boot","Lantern","PrismaticShard"],"potions_floor_usage":[12],"damage_taken":[{"damage":10,"enemies":"2 Louse","floor":1,"turns":3},{"damage":20,"enemies":"Small Slimes","floor":3,"turns":4},{"damage":4,"enemies":"Jaw Worm","floor":5,"turns":4},{"damage":10,"enemies":"Lagavulin","floor":7,"turns":6},{"damage":32,"enemies":"Gremlin Nob","floor":12,"turns":3}],"seed_played":"4913665475410278087","potions_obtained":[{"floor":5,"key":"SkillPotion"},{"floor":7,"key":"Dexterity Potion"}],"is_trial":false,"path_per_floor":["M","?","M","?","M","R","E","T","T","?","$","E"],"character_chosen":"DEFECT","items_purchased":["PowerPotion","PrismaticShard"],"campfire_rested":1,"item_purchase_floors":[11,11],"current_hp_per_floor":[61,66,46,21,17,41,31,31,31,31,31,0],"gold":231,"neow_bonus":"TEN_PERCENT_HP_BONUS","is_prod":false,"is_daily":false,"chose_seed":false,"campfire_upgraded":0,"win_rate":0,"timestamp":1554866871,"path_taken":["M","?","M","?","M","R","E","?","T","?","$","E"],"build_version":"2019-04-04","purchased_purges":1,"victory":false,"max_hp_per_floor":[78,83,83,83,83,83,83,83,83,83,83,83],"card_choices":[{"not_picked":["Go for the Eyes","Rebound"],"picked":"Darkness","floor":1},{"not_picked":["Streamline","BootSequence"],"picked":"Compile Driver","floor":3},{"not_picked":["Turbo","Go for the Eyes"],"picked":"Conserve Battery","floor":5},{"not_picked":["Fusion","BootSequence"],"picked":"Loop","floor":7}],"player_experience":1390429,"relics_obtained":[{"floor":7,"key":"Boot"},{"floor":9,"key":"Lantern"}],"event_choices":[{"damage_healed":0,"gold_gain":0,"player_choice":"Donut","damage_taken":0,"max_hp_gain":5,"max_hp_loss":0,"event_name":"Big Fish","floor":2,"gold_loss":0},{"damage_healed":0,"gold_gain":0,"player_choice":"Entered Light","damage_taken":25,"max_hp_gain":0,"max_hp_loss":0,"event_name":"Shining Light","floor":4,"gold_loss":0,"cards_upgraded":["Defend_B","Strike_B"]},{"damage_healed":0,"gold_gain":275,"player_choice":"Desecrate","damage_taken":0,"max_hp_gain":0,"max_hp_loss":0,"event_name":"Golden Shrine","floor":10,"gold_loss":0,"cards_obtained":["Regret"]}],"is_beta":true,"boss_relics":[],"items_purged_floors":[11],"is_endless":false,"potions_floor_spawned":[5,7],"killed_by":"Gremlin Nob","ascension_level":20}