{"gold_per_floor":[118,98,111,127,41,41,70,70,123,156,173,201,215,231,231,309,309,329,329,364,83,83,83,101,101,126,188,238,238,238,266,266,341,341,357,204,216,268,268,302,302,333,333,40,68,84,97,113,113,113,113,113,113,57,87,87],"floor_reached":57,"playtime":3030,"items_purged":["Strike_G","Strike_G","Strike_G"],"score":3142,"play_id":"4bb14872-d540-4d68-986f-783271a61286","local_time":"20190202030418","is_ascension_mode":true,"campfire_choices":[{"data":"Deadly Poison","floor":6.0,"key":"SMITH"},{"data":"Deadly Poison","floor":8.0,"key":"SMITH"},{"floor":15.0,"key":"REST"},{"floor":23.0,"key":"REST"},{"data":"Wraith Form v2","floor":25.0,"key":"SMITH"},{"data":"Catalyst","floor":30.0,"key":"SMITH"},{"data":"Well Laid Plans","floor":32.0,"key":"SMITH"},{"data":"Malaise","floor":41.0,"key":"SMITH"},{"floor":49.0,"key":"RECALL"},{"floor":53,"key":"REST"}],"neow_cost":"PERCENT_DAMAGE","seed_source_timestamp":889936011845952,"circlet_count":0,"master_deck":["AscendersBane","Defend_G","Defend_G","Defend_G","Defend_G","Defend_G","Strike_G","Strike_G","Survivor","Neutralize","Deadly Poison+1","Deadly Poison+1","Well Laid Plans+1","Deadly Poison","Wraith Form v2+1","Malaise+1","Catalyst+1","Malaise","PiercingWail","Corpse Explosion","Malaise","PiercingWail","Night Terror","Acrobatics","PiercingWail","Crippling Poison+1","Catalyst","Parasite","Leg Sweep"],"special_seed":0,"relics":["Ring of the Snake","Bag of Marbles","Art of War","Shovel","Orichalcum","Runic Dome","Red Mask","Strawberry","Tiny Chest","Gremlin Horn","Oddly Smooth Stone","Snecko Eye","Thread and Needle","Anchor","Ancient Tea Set","Centennial Puzzle","Bronze Scales","Vajra"],"potions_floor_usage":[56,56],"damage_taken":[{"damage":0.0,"enemies":"2 Louse","floor":1.0,"turns":2.0},{"damage":3.0,"enemies":"Cultist","floor":3.0,"turns":4.0},{"damage":7.0,"enemies":"Small Slimes","floor":4.0,"turns":3.0},{"damage":19.0,"enemies":"Lagavulin","floor":7.0,"turns":9.0},{"damage":24.0,"enemies":"3 Sentries","floor":10.0,"turns":7.0},{"damage":1.0,"enemies":"2 Fungi Beasts","floor":11.0,"turns":3.0},{"damage":0.0,"enemies":"Lagavulin","floor":12.0,"turns":7.0},{"damage":1.0,"enemies":"3 Louse","floor":13.0,"turns":3.0},{"damage":0.0,"enemies":"Large Slime","floor":14.0,"turns":3.0},{"damage":16.0,"enemies":"Hexaghost","floor":16.0,"turns":9.0},{"damage":0.0,"enemies":"Spheric Guardian","floor":18.0,"turns":3.0},{"damage":22.0,"enemies":"Masked Bandits","floor":20.0,"turns":8.0},{"damage":2.0,"enemies":"Chosen","floor":24.0,"turns":6.0},{"damage":0.0,"enemies":"Book of Stabbing","floor":27.0,"turns":8.0},{"damage":0.0,"enemies":"Gremlin Leader","floor":31.0,"turns":6.0},{"damage":39.0,"enemies":"Automaton","floor":33.0,"turns":7.0},{"damage":15.0,"enemies":"3 Darklings","floor":35.0,"turns":4.0},{"damage":0.0,"enemies":"3 Shapes","floor":37.0,"turns":4.0},{"damage":0.0,"enemies":"2 Orb Walkers","floor":38.0,"turns":4.0},{"damage":10.0,"enemies":"Reptomancer","floor":40.0,"turns":4.0},{"damage":1.0,"enemies":"Nemesis","floor":42.0,"turns":5.0},{"damage":0.0,"enemies":"Giant Head","floor":45.0,"turns":8.0},{"damage":0.0,"enemies":"Writhing Mass","floor":46.0,"turns":6.0},{"damage":2.0,"enemies":"Transient","floor":47.0,"turns":6.0},{"damage":0.0,"enemies":"4 Shapes","floor":48.0,"turns":2.0},{"damage":0.0,"enemies":"Donu and Deca","floor":50.0,"turns":5.0},{"damage":10.0,"enemies":"Awakened One","floor":51.0,"turns":21.0},{"damage":0,"enemies":"Shield and Spear","floor":55,"turns":4},{"damage":7,"enemies":"The Heart","floor":56,"turns":8}],"seed_played":"476780430648963683","potions_obtained":[{"floor":2.0,"key":"EntropicBrew"},{"floor":4.0,"key":"Swift Potion"},{"floor":7.0,"key":"Fire Potion"},{"floor":14.0,"key":"SteroidPotion"},{"floor":18.0,"key":"Block Potion"},{"floor":24.0,"key":"GamblersBrew"},{"floor":31.0,"key":"Poison Potion"},{"floor":35.0,"key":"Strength Potion"},{"floor":38.0,"key":"LiquidBronze"}],"is_trial":false,"path_per_floor":["M","?","M","M","$","R","E","R","T","E","M","E","M","M","R","B",null,"M","?","?","$","?","R","M","R","T","E","?","T","R","E","R","B",null,"M","$","M","?","T","E","R","E","T","$","E","M","M","M","R","B","B",null,"R","$","E","B",null],"character_chosen":"THE_SILENT","items_purchased":["Well Laid Plans","Malaise","SkillPotion","Dexterity Potion","Centennial Puzzle","PowerPotion"],"campfire_rested":3,"item_purchase_floors":[5,21,21,36,44,54],"current_hp_per_floor":[56,56,53,46,46,46,27,27,27,3,2,2,1,1,24,8,61,61,39,17,17,17,41,39,39,46,46,46,46,46,46,46,7,69,54,54,54,54,54,44,44,43,43,43,43,43,41,41,41,41,31,75,90,90,90,83],"gold":87,"neow_bonus":"TWENTY_PERCENT_HP_BONUS","is_prod":false,"is_daily":false,"chose_seed":false,"campfire_upgraded":6,"win_rate":0,"timestamp":1549105458,"path_taken":["M","?","M","?","$","R","E","R","T","E","?","E","M","M","R","BOSS","M","?","?","$","?","R","M","R","T","E","?","?","R","E","R","BOSS","M","$","M","?","?","E","R","E","T","$","E","?","M","M","R","BOSS","BOSS","R","$","E","BOSS"],"build_version":"2019-01-23","purchased_purges":3,"victory":true,"max_hp_per_floor":[78,78,78,78,78,78,78,78,78,78,78,78,78,78,78,78,78,78,83,83,83,83,83,83,83,90,90,90,90,90,90,90,90,90,90,90,90,90,90,90,90,90,90,90,90,90,90,90,90,90,90,90,90,90,90,90],"card_choices":[{"not_picked":["Dagger Spray","Flying Knee"],"picked":"Deadly Poison","floor":1.0},{"not_picked":["Underhanded Strike","Bane","Tactician"],"picked":"SKIP","floor":3.0},{"not_picked":["Outmaneuver","Concentrate"],"picked":"Deadly Poison","floor":4.0},{"not_picked":["Bane","Endless Agony"],"picked":"Deadly Poison","floor":7.0},{"not_picked":["Flying Knee","Quick Slash"],"picked":"Wraith Form v2","floor":10.0},{"not_picked":["Bane","Sucker Punch","Cloak And Dagger"],"picked":"SKIP","floor":11.0},{"not_picked":["Masterful Stab","Sucker Punch","Infinite Blades"],"picked":"SKIP","floor":12.0},{"not_picked":["Accuracy","Prepared","Poisoned Stab"],"picked":"SKIP","floor":13.0},{"not_picked":["Cloak And Dagger","Calculated Gamble","Dodge and Roll"],"picked":"SKIP","floor":14.0},{"not_picked":["Grand Finale","After Image"],"picked":"Malaise","floor":16.0},{"not_picked":["Accuracy+1","Sucker Punch","Masterful Stab+1"],"picked":"SKIP","floor":18.0},{"not_picked":["Noxious Fumes","Dagger Throw"],"picked":"Catalyst","floor":20.0},{"not_picked":["Slice+1","Terror+1","Outmaneuver"],"picked":"SKIP","floor":24.0},{"not_picked":["Dodge and Roll","Dagger Throw","Well Laid Plans"],"picked":"SKIP","floor":27.0},{"not_picked":["Backflip","Cloak And Dagger"],"picked":"Corpse Explosion","floor":31.0},{"not_picked":["Corpse Explosion","Storm of Steel"],"picked":"Malaise","floor":33.0},{"not_picked":["Dodge and Roll+1","Quick Slash"],"picked":"PiercingWail","floor":35.0},{"not_picked":["Prepared","Infinite Blades+1"],"picked":"Night Terror","floor":37.0},{"not_picked":["Outmaneuver","Eviscerate"],"picked":"Acrobatics","floor":38.0},{"not_picked":["Dagger Spray","Quick Slash"],"picked":"PiercingWail","floor":40.0},{"not_picked":["Setup","Deflect"],"picked":"Crippling Poison+1","floor":42.0},{"not_picked":["Deadly Poison","Infinite Blades"],"picked":"Catalyst","floor":45.0},{"not_picked":["Backstab+1","Masterful Stab"],"picked":"Leg Sweep","floor":46.0},{"not_picked":["Riddle With Holes+1","Sucker Punch","Eviscerate"],"picked":"SKIP","floor":47.0},{"not_picked":["Dagger Throw","Predator+1","Acrobatics+1"],"picked":"SKIP","floor":48.0},{"not_picked":["Bane","Quick Slash","Infinite Blades"],"picked":"SKIP","floor":55}],"player_experience":1067356,"relics_obtained":[{"floor":7.0,"key":"Bag of Marbles"},{"floor":9.0,"key":"Art of War"},{"floor":10.0,"key":"Shovel"},{"floor":12.0,"key":"Orichalcum"},{"floor":20.0,"key":"Red Mask"},{"floor":26.0,"key":"Strawberry"},{"floor":27.0,"key":"Tiny Chest"},{"floor":29.0,"key":"Gremlin Horn"},{"floor":31.0,"key":"Oddly Smooth Stone"},{"floor":38.0,"key":"Thread and Needle"},{"floor":39.0,"key":"Anchor"},{"floor":42.0,"key":"Ancient Tea Set"},{"floor":45.0,"key":"Bronze Scales"},{"floor":55,"key":"Vajra"}],"event_choices":[{"damage_healed":0.0,"max_hp_gain":0.0,"max_hp_loss":0.0,"gold_gain":0.0,"event_name":"The Woman in Blue","player_choice":"Bought 1 Potion","floor":2.0,"gold_loss":0.0,"damage_taken":0.0},{"damage_healed":0.0,"max_hp_gain":5.0,"max_hp_loss":0.0,"gold_gain":0.0,"event_name":"Forgotten Altar","player_choice":"Shed Blood","floor":19.0,"gold_loss":0.0,"damage_taken":27.0},{"damage_healed":0.0,"max_hp_gain":0.0,"max_hp_loss":0.0,"gold_gain":0.0,"event_name":"Masked Bandits","player_choice":"Fought Bandits","floor":20.0,"gold_loss":0.0,"damage_taken":0.0},{"damage_healed":0.0,"max_hp_gain":0.0,"max_hp_loss":0.0,"gold_gain":0.0,"event_name":"The Library","player_choice":"Read","floor":22.0,"gold_loss":0.0,"damage_taken":0.0,"cards_obtained":["PiercingWail"]},{"damage_healed":0.0,"max_hp_gain":0.0,"max_hp_loss":0.0,"gold_gain":50.0,"event_name":"Nest","player_choice":"Stole From Cult","floor":28.0,"gold_loss":0.0,"damage_taken":0.0},{"damage_healed":0.0,"max_hp_gain":0.0,"max_hp_loss":0.0,"gold_gain":0.0,"event_name":"Mysterious Sphere","player_choice":"Fight","floor":38.0,"gold_loss":0.0,"damage_taken":0.0}],"is_beta":true,"boss_relics":[{"not_picked":["Empty Cage","Lizard Tail"],"picked":"Runic Dome"},{"not_picked":["Eternal Feather","Astrolabe"],"picked":"Snecko Eye"}],"items_purged_floors":[21,36,44],"is_endless":false,"potions_floor_spawned":[4,7,10,12,14,18,24,31,35,38,40,46],"ascension_level":20}