{"gold_per_floor":[109,52,52,102,114,139,158,158,158,190,190],"floor_reached":11,"playtime":230,"items_purged":[],"score":212,"play_id":"590190af-cd42-4d83-b3ec-5b9491da69ac","local_time":"20190417030030","is_ascension_mode":true,"campfire_choices":[{"data":"Zap","floor":8.0,"key":"SMITH"}],"neow_cost":"NONE","seed_source_timestamp":61387601049928,"circlet_count":0,"master_deck":["AscendersBane","Strike_B","Strike_B+1","Strike_B","Strike_B","Defend_B","Defend_B+1","Defend_B","Defend_B","Zap+1","Dualcast","Hologram","Coolheaded","Gash","Static Discharge+1"],"special_seed":0,"relics":["Cracked Core","NeowsBlessing","Frozen Egg 2","Incense Burner","Vajra"],"potions_floor_usage":[10],"damage_taken":[{"damage":0.0,"enemies":"2 Louse","floor":1.0,"turns":1.0},{"damage":0.0,"enemies":"Small Slimes","floor":5.0,"turns":1.0},{"damage":0.0,"enemies":"Gremlin Nob","floor":6.0,"turns":1.0},{"damage":0.0,"enemies":"Cultist","floor":7.0,"turns":3.0},{"damage":20,"enemies":"Lagavulin","floor":10,"turns":7},{"damage":8,"enemies":"3 Louse","floor":11,"turns":3}],"seed_played":"-4367936296911178322","potions_obtained":[{"floor":1.0,"key":"FearPotion"},{"floor":10,"key":"GamblersBrew"}],"is_trial":false,"path_per_floor":["M","$","?","?","M","E","M","R","T","E","M"],"character_chosen":"DEFECT","items_purchased":["Coolheaded"],"campfire_rested":0,"item_purchase_floors":[2],"current_hp_per_floor":[64,64,43,36,36,36,36,36,36,16,8],"gold":190,"neow_bonus":"THREE_ENEMY_KILL","is_prod":false,"is_daily":false,"chose_seed":false,"campfire_upgraded":1,"win_rate":0,"timestamp":1555495230,"path_taken":["M","$","?","?","M","E","M","R","T","E","?"],"build_version":"2019-04-04","purchased_purges":0,"victory":false,"max_hp_per_floor":[71,71,71,71,71,71,71,71,71,71,71],"card_choices":[{"not_picked":["Gash","Beam Cell"],"picked":"Hologram","floor":1.0},{"not_picked":["Go for the Eyes","Fusion","Steam"],"picked":"SKIP","floor":5.0},{"not_picked":["Skim","Turbo"],"picked":"Gash","floor":6.0},{"not_picked":["Undo","Force Field"],"picked":"Static Discharge+1","floor":7.0},{"not_picked":["Double Energy","Beam Cell","Reprogram"],"picked":"SKIP","floor":10}],"player_experience":1410759,"relics_obtained":[{"floor":6.0,"key":"Frozen Egg 2"},{"floor":9.0,"key":"Incense Burner"},{"floor":10,"key":"Vajra"}],"event_choices":[{"damage_healed":0.0,"max_hp_gain":0.0,"max_hp_loss":0.0,"gold_gain":0.0,"event_name":"Shining Light","player_choice":"Entered Light","floor":3.0,"gold_loss":0.0,"damage_taken":21.0,"cards_upgraded":["Defend_B","Strike_B"]},{"damage_healed":0.0,"max_hp_gain":0.0,"max_hp_loss":0.0,"gold_gain":50.0,"event_name":"FaceTrader","player_choice":"Touch","floor":4.0,"gold_loss":0.0,"damage_taken":7.0}],"is_beta":true,"boss_relics":[],"items_purged_floors":[],"is_endless":false,"potions_floor_spawned":[1,10],"killed_by":"3 Louse","ascension_level":20}