{"gold_per_floor":[119,139,139,159,174,208,208,243,269,303,133,151,190,224,224,323,323,338,71,84,84,103,103,147,147,229,272,290,6,6,44,44,140,140,161,494,594,363,377,377,406,406,406,439,439,127,156,169,169,169,169,169,169,52,85,85],"floor_reached":57,"playtime":4141,"items_purged":["Strike_B","Hello World","FTL","Scrape"],"score":3343,"play_id":"7c484229-01ed-4edc-a553-3c3243b2dd8f","local_time":"20190217222128","is_ascension_mode":true,"campfire_choices":[{"data":"Defragment","floor":7.0,"key":"SMITH"},{"data":"Zap","floor":15.0,"key":"SMITH"},{"data":"Biased Cognition","floor":23.0,"key":"SMITH"},{"data":"Consume","floor":25.0,"key":"SMITH"},{"data":"Defragment","floor":30.0,"key":"SMITH"},{"data":"Turbo","floor":32.0,"key":"SMITH"},{"data":"Defragment","floor":40.0,"key":"SMITH"},{"floor":42.0,"key":"RECALL"},{"data":"Chill","floor":45.0,"key":"SMITH"},{"data":"Biased Cognition","floor":49.0,"key":"SMITH"},{"data":"Buffer","floor":53.0,"key":"SMITH"}],"neow_cost":"TEN_PERCENT_HP_LOSS","seed_source_timestamp":1976788001184880,"circlet_count":0,"master_deck":["AscendersBane","Zap+1","Dualcast+1","Defragment+1","Glacier","Coolheaded","Echo Form","Ball Lightning","Self Repair","Coolheaded","Glacier","Biased Cognition+1","Consume+1","Dark Shackles","Echo Form","Heatsinks+1","Chill+1","Defragment+1","Turbo+1","White Noise","Chill","Buffer+1","Compile Driver","Hologram","Glacier+1","Defragment+1","Biased Cognition+1","Panacea"],"special_seed":0,"relics":["Cracked Core","Bird Faced Urn","WingedGreaves","Vajra","Strawberry","Dead Branch","War Paint","Philosopher\u0027s Stone","Membership Card","Mango","Bottled Tornado","Kunai","ClockworkSouvenir","Ice Cream","Dream Catcher","Pandora\u0027s Box","Ginger","Calipers","Bag of Marbles","Art of War","StoneCalendar","Runic Capacitor","Anchor","Letter Opener"],"potions_floor_usage":[56,56],"damage_taken":[{"damage":3.0,"enemies":"2 Louse","floor":1.0,"turns":3.0},{"damage":2.0,"enemies":"Cultist","floor":2.0,"turns":4.0},{"damage":1.0,"enemies":"Jaw Worm","floor":4.0,"turns":4.0},{"damage":4.0,"enemies":"3 Louse","floor":5.0,"turns":4.0},{"damage":22.0,"enemies":"Lagavulin","floor":6.0,"turns":11.0},{"damage":0.0,"enemies":"Gremlin Nob","floor":8.0,"turns":3.0},{"damage":4.0,"enemies":"Lagavulin","floor":10.0,"turns":10.0},{"damage":0.0,"enemies":"Blue Slaver","floor":12.0,"turns":7.0},{"damage":19.0,"enemies":"3 Sentries","floor":13.0,"turns":8.0},{"damage":2.0,"enemies":"Lagavulin","floor":14.0,"turns":6.0},{"damage":0.0,"enemies":"Slime Boss","floor":16.0,"turns":9.0},{"damage":0.0,"enemies":"3 Byrds","floor":18.0,"turns":5.0},{"damage":0.0,"enemies":"Chosen","floor":20.0,"turns":4.0},{"damage":48.0,"enemies":"3 Cultists","floor":22.0,"turns":7.0},{"damage":24.0,"enemies":"Book of Stabbing","floor":24.0,"turns":5.0},{"damage":9.0,"enemies":"Gremlin Leader","floor":27.0,"turns":8.0},{"damage":3.0,"enemies":"Snake Plant","floor":28.0,"turns":5.0},{"damage":16.0,"enemies":"Book of Stabbing","floor":31.0,"turns":5.0},{"damage":15.0,"enemies":"Champ","floor":33.0,"turns":15.0},{"damage":20.0,"enemies":"3 Darklings","floor":35.0,"turns":6.0},{"damage":11.0,"enemies":"Mind Bloom Boss Battle","floor":37.0,"turns":4.0},{"damage":10.0,"enemies":"Orb Walker","floor":39.0,"turns":3.0},{"damage":54.0,"enemies":"Nemesis","floor":41.0,"turns":9.0},{"damage":0.0,"enemies":"Giant Head","floor":44.0,"turns":8.0},{"damage":17.0,"enemies":"Nemesis","floor":47.0,"turns":7.0},{"damage":0.0,"enemies":"4 Shapes","floor":48.0,"turns":3.0},{"damage":0.0,"enemies":"Awakened One","floor":50.0,"turns":15.0},{"damage":0.0,"enemies":"Donu and Deca","floor":51.0,"turns":5.0},{"damage":20.0,"enemies":"Shield and Spear","floor":55.0,"turns":8.0},{"damage":52,"enemies":"The Heart","floor":56,"turns":14}],"seed_played":"908874672625360501","potions_obtained":[{"floor":1.0,"key":"Block Potion"},{"floor":5.0,"key":"PowerPotion"},{"floor":8.0,"key":"AttackPotion"},{"floor":10.0,"key":"SpeedPotion"},{"floor":22.0,"key":"Dexterity Potion"},{"floor":24.0,"key":"Ancient Potion"}],"is_trial":false,"path_per_floor":["M","M","?","M","M","E","R","E","T","E","$","M","E","E","R","B",null,"M","$","M","?","M","R","E","R","T","E","M","$","R","E","R","B",null,"M","?","?","$","M","R","E","R","T","E","R","$","E","M","R","B","B",null,"R","$","E","B",null],"character_chosen":"DEFECT","items_purchased":["Ball Lightning","Self Repair","Membership Card","Dark Shackles","ClockworkSouvenir","Ice Cream","Calipers","Defragment","Runic Capacitor","Biased Cognition","Panacea","FocusPotion"],"campfire_rested":0,"item_purchase_floors":[11,11,19,19,29,29,38,38,46,46,46,54],"current_hp_per_floor":[61,61,39,40,38,18,18,22,22,27,27,49,54,71,71,71,71,71,71,71,71,45,45,71,71,71,85,85,85,85,79,79,85,85,85,85,85,85,85,85,73,73,73,85,85,85,85,85,85,85,85,85,85,85,85,85],"gold":85,"neow_bonus":"ONE_RARE_RELIC","is_prod":false,"is_daily":false,"chose_seed":false,"campfire_upgraded":10,"win_rate":0,"timestamp":1550470888,"path_taken":["M","M","?","M","M","E","R","E","T","E","$","M","E","E","R","BOSS","M","$","M","?","M","R","E","R","T","E","?","?","R","E","R","BOSS","M","?","?","$","M","R","E","R","T","E","R","$","E","M","R","BOSS","BOSS","R","$","E","BOSS"],"build_version":"2019-02-06","purchased_purges":4,"victory":true,"max_hp_per_floor":[64,64,64,64,64,64,64,64,64,71,71,71,71,71,71,71,71,71,71,71,71,71,71,85,85,85,85,85,85,85,85,85,85,85,85,85,85,85,85,85,85,85,85,85,85,85,85,85,85,85,85,85,85,85,85,85],"card_choices":[{"not_picked":["Hologram","Compile Driver"],"picked":"Defragment","floor":1.0},{"not_picked":["Beam Cell","Stack"],"picked":"Glacier","floor":2.0},{"not_picked":["Reinforced Body","Streamline","Hello World"],"picked":"SKIP","floor":4.0},{"not_picked":["Turbo","Streamline","Go for the Eyes"],"picked":"SKIP","floor":5.0},{"not_picked":["Recycle","Redo"],"picked":"Coolheaded","floor":6.0},{"not_picked":["Sweeping Beam","Barrage","Hologram"],"picked":"SKIP","floor":8.0},{"not_picked":["Barrage","Ball Lightning"],"picked":"Echo Form","floor":10.0},{"not_picked":["Steam","Hologram"],"picked":"Coolheaded","floor":12.0},{"not_picked":["Go for the Eyes","Rebound","Sunder"],"picked":"SKIP","floor":13.0},{"not_picked":["Go for the Eyes","Rebound","Sunder"],"picked":"SKIP","floor":13.0},{"not_picked":["Sweeping Beam","Double Energy"],"picked":"Glacier","floor":14.0},{"not_picked":["Multi-Cast","Machine Learning"],"picked":"Biased Cognition","floor":16.0},{"not_picked":["Rebound","Beam Cell"],"picked":"Consume","floor":18.0},{"not_picked":["Cold Snap","Leap","Gash+1"],"picked":"SKIP","floor":20.0},{"not_picked":["Force Field","Chaos"],"picked":"Heatsinks+1","floor":22.0},{"not_picked":["Force Field","Melter"],"picked":"Chill","floor":24.0},{"not_picked":["Stack","Static Discharge+1","Steam"],"picked":"SKIP","floor":27.0},{"not_picked":["Stack","Static Discharge+1","Steam"],"picked":"SKIP","floor":27.0},{"not_picked":["Stack","Static Discharge+1","Steam"],"picked":"SKIP","floor":27.0},{"not_picked":["Blizzard","Steam"],"picked":"Defragment","floor":28.0},{"not_picked":["All For One","Reinforced Body"],"picked":"Turbo","floor":31.0},{"not_picked":["Rip and Tear","Hello World+1"],"picked":"Hologram","floor":35.0},{"not_picked":["Fusion","Hologram"],"picked":"Glacier+1","floor":37.0},{"not_picked":["White Noise","Beam Cell","Streamline"],"picked":"SKIP","floor":39.0},{"not_picked":["Leap+1","Chaos","Rainbow"],"picked":"SKIP","floor":41.0},{"not_picked":["Doom and Gloom","Cold Snap","Compile Driver"],"picked":"SKIP","floor":44.0},{"not_picked":["Doom and Gloom","Cold Snap","Compile Driver"],"picked":"SKIP","floor":44.0},{"not_picked":["Darkness","Coolheaded","Ball Lightning"],"picked":"SKIP","floor":47.0},{"not_picked":["Leap","Auto Shields","Chaos+1"],"picked":"SKIP","floor":48.0},{"not_picked":["Reinforced Body+1","Streamline","Cold Snap"],"picked":"SKIP","floor":55.0}],"player_experience":1194308,"relics_obtained":[{"floor":6.0,"key":"WingedGreaves"},{"floor":8.0,"key":"Vajra"},{"floor":10.0,"key":"Strawberry"},{"floor":13.0,"key":"Dead Branch"},{"floor":14.0,"key":"War Paint"},{"floor":24.0,"key":"Mango"},{"floor":26.0,"key":"Bottled Tornado"},{"floor":27.0,"key":"Kunai"},{"floor":31.0,"key":"Dream Catcher"},{"floor":37.0,"key":"Ginger"},{"floor":41.0,"key":"Bag of Marbles"},{"floor":43.0,"key":"Art of War"},{"floor":44.0,"key":"StoneCalendar"},{"floor":47.0,"key":"Anchor"},{"floor":55.0,"key":"Letter Opener"}],"event_choices":[{"damage_healed":0.0,"max_hp_gain":0.0,"max_hp_loss":0.0,"gold_gain":0.0,"event_name":"Golden Idol","player_choice":"Take Damage","floor":3.0,"gold_loss":0.0,"damage_taken":22.0,"relics_obtained":["Golden Idol"]},{"damage_healed":0.0,"max_hp_gain":0.0,"max_hp_loss":0.0,"gold_gain":0.0,"event_name":"Duplicator","player_choice":"Copied","floor":21.0,"gold_loss":0.0,"damage_taken":0.0,"cards_obtained":["Echo Form"]},{"damage_healed":0.0,"max_hp_gain":0.0,"max_hp_loss":0.0,"gold_gain":333.0,"event_name":"The Moai Head","player_choice":"Gave Idol","floor":36.0,"relics_lost":["Golden Idol"],"gold_loss":0.0,"damage_taken":0.0},{"damage_healed":0.0,"max_hp_gain":0.0,"max_hp_loss":0.0,"gold_gain":0.0,"event_name":"MindBloom","player_choice":"Fight","floor":37.0,"gold_loss":0.0,"damage_taken":0.0}],"is_beta":true,"boss_relics":[{"not_picked":["Busted Crown","Calling Bell"],"picked":"Philosopher\u0027s Stone"},{"not_picked":["Tiny House","Velvet Choker"],"picked":"Pandora\u0027s Box"}],"items_purged_floors":[11,38,46,54],"is_endless":false,"potions_floor_spawned":[1,5,8,10,13,22,24,27,39,44,47],"ascension_level":20}