{"gold_per_floor":[118,193,193,209,225,225,225,245,292,292],"floor_reached":10,"playtime":181,"items_purged":[],"score":116,"play_id":"f31cf982-177f-4075-97a8-761affd12ab2","local_time":"20190220234410","is_ascension_mode":true,"campfire_choices":[{"data":"Zap","floor":6,"key":"SMITH"}],"neow_cost":"NONE","seed_source_timestamp":2168962761373527,"circlet_count":0,"master_deck":["AscendersBane","Strike_B","Strike_B","Strike_B","Strike_B","Defend_B","Defend_B","Defend_B","Defend_B","Zap+1","Dualcast","Pain","Capacitor","Glacier","Compile Driver"],"relics":["Cracked Core","NeowsBlessing","WarpedTongs","Dream Catcher","Anchor"],"potions_floor_usage":[10,10],"damage_taken":[{"damage":0,"enemies":"Jaw Worm","floor":1,"turns":1},{"damage":0,"enemies":"Cultist","floor":4,"turns":1},{"damage":1,"enemies":"2 Louse","floor":5,"turns":1},{"damage":12,"enemies":"Large Slime","floor":8,"turns":7},{"damage":21,"enemies":"Gremlin Nob","floor":10,"turns":4}],"seed_played":"9117578800044258040","potions_obtained":[{"floor":4,"key":"FocusPotion"},{"floor":8,"key":"PowerPotion"}],"is_trial":false,"path_per_floor":["M","?","?","M","M","R","?","M","T","E"],"character_chosen":"DEFECT","items_purchased":[],"campfire_rested":0,"item_purchase_floors":[],"current_hp_per_floor":[64,53,53,53,52,52,47,35,35,14],"gold":292,"neow_bonus":"THREE_ENEMY_KILL","is_prod":false,"is_daily":false,"chose_seed":false,"campfire_upgraded":1,"win_rate":0,"timestamp":1550735050,"path_taken":["M","?","?","M","?","R","?","M","T","E"],"build_version":"2019-02-06","purchased_purges":0,"victory":false,"max_hp_per_floor":[71,71,71,71,71,71,71,71,71,71],"card_choices":[{"not_picked":["Hologram","Stack","Beam Cell"],"picked":"SKIP","floor":1},{"not_picked":["Streamline","Melter"],"picked":"Capacitor","floor":4},{"not_picked":["Force Field","Reinforced Body"],"picked":"Glacier","floor":5},{"not_picked":["Stack","Gash"],"picked":"Compile Driver","floor":8}],"player_experience":1213336,"relics_obtained":[{"floor":9,"key":"Anchor"}],"event_choices":[{"damage_healed":0,"gold_gain":75,"player_choice":"Gather Gold","damage_taken":11,"max_hp_gain":0,"max_hp_loss":0,"event_name":"World of Goop","floor":2,"gold_loss":0},{"damage_healed":0,"gold_gain":0,"player_choice":"Rummage","damage_taken":0,"relics_obtained":["WarpedTongs"],"max_hp_gain":0,"max_hp_loss":0,"event_name":"Accursed Blacksmith","floor":3,"gold_loss":0,"cards_obtained":["Pain"]},{"damage_healed":0,"gold_gain":0,"player_choice":"Success","damage_taken":5,"relics_obtained":["Dream Catcher"],"max_hp_gain":0,"max_hp_loss":0,"event_name":"Scrap Ooze","floor":7,"gold_loss":0}],"is_beta":true,"boss_relics":[],"items_purged_floors":[],"is_endless":false,"potions_floor_spawned":[4,8],"killed_by":"Gremlin Nob","ascension_level":20}