{"gold_per_floor":[215,390,71,71,46,46,76,108,120,43,70,145,145,161,161,161],"floor_reached":16,"playtime":328,"items_purged":["Doubt"],"score":115,"play_id":"0766e114-f8e4-4598-b0b2-16091782f73a","local_time":"20190406231438","is_ascension_mode":true,"campfire_choices":[{"data":"Zap","floor":6,"key":"SMITH"},{"floor":15,"key":"REST"}],"neow_cost":"NONE","seed_source_timestamp":3128306490516,"circlet_count":0,"master_deck":["Strike_B","Strike_B","Strike_B","Defend_B","Defend_B","Defend_B","Defend_B","Zap+1","Dualcast","Go for the Eyes","Rebound","Scrape","Genetic Algorithm","Bandage Up","Gash"],"relics":["Cracked Core","Matryoshka","MawBank","Bottled Flame","Frozen Egg 2","Cables","Pen Nib"],"potions_floor_usage":[],"damage_taken":[{"damage":0,"enemies":"Small Slimes","floor":1,"turns":3},{"damage":25,"enemies":"Lagavulin","floor":7,"turns":6},{"damage":2,"enemies":"Jaw Worm","floor":8,"turns":3},{"damage":9,"enemies":"2 Louse","floor":14,"turns":2},{"damage":55,"enemies":"Hexaghost","floor":16,"turns":9}],"seed_played":"3282085334818294715","potions_obtained":[],"is_trial":false,"path_per_floor":["M","?","$","?","$","R","E","M","T","$","T","?","?","M","R","B"],"character_chosen":"DEFECT","items_purchased":["Matryoshka","Rebound","Bandage Up"],"campfire_rested":1,"item_purchase_floors":[3,5,10],"current_hp_per_floor":[75,75,75,80,80,80,55,53,53,53,53,42,35,26,50,0],"gold":161,"neow_bonus":"HUNDRED_GOLD","is_prod":false,"is_daily":false,"chose_seed":false,"campfire_upgraded":1,"win_rate":0,"timestamp":1554588878,"path_taken":["M","?","$","?","?","R","E","M","T","?","?","?","?","M","R","BOSS"],"build_version":"2019-01-23","purchased_purges":1,"victory":false,"max_hp_per_floor":[75,75,75,80,80,80,80,80,80,80,80,80,80,80,80,80],"card_choices":[{"not_picked":["Storm","Ball Lightning"],"picked":"Go for the Eyes","floor":1},{"not_picked":["Steam","Rebound"],"picked":"Scrape","floor":7},{"not_picked":["Redo","Hologram"],"picked":"Genetic Algorithm","floor":8},{"not_picked":["Compile Driver","Coolheaded"],"picked":"Gash","floor":14}],"player_experience":386583,"relics_obtained":[{"floor":7,"key":"MawBank"},{"floor":9,"key":"Bottled Flame"},{"floor":9,"key":"Frozen Egg 2"},{"floor":11,"key":"Cables"},{"floor":11,"key":"Pen Nib"}],"event_choices":[{"damage_healed":0,"gold_gain":175,"player_choice":"AGREE","damage_taken":0,"max_hp_gain":0,"max_hp_loss":0,"event_name":"Liars Game","floor":2,"gold_loss":0,"cards_obtained":["Doubt"]},{"damage_healed":0,"gold_gain":0,"player_choice":"Donut","damage_taken":0,"max_hp_gain":5,"max_hp_loss":0,"event_name":"Big Fish","floor":4,"gold_loss":0},{"damage_healed":0,"gold_gain":75,"player_choice":"Gather Gold","damage_taken":11,"max_hp_gain":0,"max_hp_loss":0,"event_name":"World of Goop","floor":12,"gold_loss":0},{"cards_removed":["Strike_B"],"damage_healed":0,"gold_gain":0,"player_choice":"Card Removal","damage_taken":7,"max_hp_gain":0,"max_hp_loss":0,"event_name":"Golden Wing","floor":13,"gold_loss":0}],"is_beta":false,"boss_relics":[],"items_purged_floors":[3],"is_endless":false,"potions_floor_spawned":[],"killed_by":"Hexaghost","ascension_level":4}