{"gold_per_floor":[113,113,129,139,158,189,264,339,339,351,351,382,382,395,395,490,490,506,606,606,316,327,327,387,403,454,466,486,502,514,539,539,634,634,652,668,363,377,394,420,420,452,452,463,463,31,62,74,74,74],"floor_reached":51,"playtime":4267,"items_purged":["Decay","Strike_R","Strike_R"],"score":818,"play_id":"15a49d30-df5b-467a-a0bf-0dbc241dcc9f","local_time":"20190423110053","is_ascension_mode":false,"campfire_choices":[{"data":"Armaments","floor":11.0,"key":"SMITH"},{"data":"Bash","floor":13.0,"key":"SMITH"},{"floor":15.0,"key":"REST"},{"data":"Uppercut","floor":23.0,"key":"SMITH"},{"data":"Clothesline","floor":32.0,"key":"SMITH"},{"data":"Disarm","floor":41,"key":"SMITH"},{"data":"Inflame","floor":49,"key":"SMITH"}],"neow_cost":"NONE","seed_source_timestamp":947712866432400,"circlet_count":0,"master_deck":["Strike_R","Defend_R","Defend_R","Defend_R","Defend_R","Bash+1","Rage","Armaments+1","True Grit","Pommel Strike","Feed","Uppercut+1","Immolate","Twin Strike+1","Enlightenment","Metallicize","Metallicize","Headbutt","Flame Barrier","Disarm+1","Clothesline+1","Corruption+1","Flex+1","Dark Embrace","Feel No Pain","Inflame+1","Clothesline+1","Headbutt+1","Inflame+1"],"special_seed":0,"relics":["Black Blood","Dodecahedron","Matryoshka","Ginger","Snecko Eye","Bird Faced Urn","Sundial","Centennial Puzzle","Singing Bowl","Tiny Chest","Dream Catcher","Regal Pillow","Gambling Chip","Art of War","Lantern","Incense Burner","Oddly Smooth Stone","Pear","The Courier"],"potions_floor_usage":[50,50],"damage_taken":[{"damage":6.0,"enemies":"Jaw Worm","floor":1.0,"turns":6.0},{"damage":3.0,"enemies":"Cultist","floor":3.0,"turns":4.0},{"damage":3.0,"enemies":"2 Louse","floor":4.0,"turns":4.0},{"damage":9.0,"enemies":"2 Fungi Beasts","floor":5.0,"turns":4.0},{"damage":17.0,"enemies":"3 Sentries","floor":6.0,"turns":13.0},{"damage":15.0,"enemies":"Red Slaver","floor":10.0,"turns":5.0},{"damage":13.0,"enemies":"Lagavulin","floor":12.0,"turns":7.0},{"damage":19.0,"enemies":"Exordium Thugs","floor":14.0,"turns":6.0},{"damage":31.0,"enemies":"Slime Boss","floor":16.0,"turns":11.0},{"damage":0.0,"enemies":"2 Thieves","floor":18.0,"turns":2.0},{"damage":0.0,"enemies":"Colosseum Slavers","floor":19.0,"turns":2.0},{"damage":2.0,"enemies":"Colosseum Nobs","floor":19.0,"turns":4.0},{"damage":4.0,"enemies":"Shell Parasite","floor":22.0,"turns":5.0},{"damage":15.0,"enemies":"Gremlin Leader","floor":24.0,"turns":5.0},{"damage":11.0,"enemies":"Snake Plant","floor":25.0,"turns":3.0},{"damage":0.0,"enemies":"Cultist and Chosen","floor":27.0,"turns":5.0},{"damage":6.0,"enemies":"Snecko","floor":28.0,"turns":3.0},{"damage":10.0,"enemies":"Centurion and Healer","floor":29.0,"turns":8.0},{"damage":13.0,"enemies":"Shelled Parasite and Fungi","floor":30.0,"turns":8.0},{"damage":28.0,"enemies":"Slavers","floor":31.0,"turns":4.0},{"damage":6.0,"enemies":"Champ","floor":33.0,"turns":8.0},{"damage":26,"enemies":"3 Darklings","floor":35,"turns":5},{"damage":0,"enemies":"Orb Walker","floor":36,"turns":3},{"damage":8,"enemies":"Jaw Worm Horde","floor":38,"turns":4},{"damage":9,"enemies":"4 Shapes","floor":39,"turns":4},{"damage":8,"enemies":"Nemesis","floor":40,"turns":7},{"damage":48,"enemies":"Giant Head","floor":42,"turns":10},{"damage":13,"enemies":"Writhing Mass","floor":44,"turns":8},{"damage":11,"enemies":"Reptomancer","floor":47,"turns":4},{"damage":0,"enemies":"Maw","floor":48,"turns":9},{"damage":39,"enemies":"Awakened One","floor":50,"turns":14}],"seed_played":"-3358572096237130707","potions_obtained":[{"floor":1.0,"key":"SmokeBomb"},{"floor":4.0,"key":"EntropicBrew"},{"floor":6.0,"key":"PowerPotion"},{"floor":10.0,"key":"Dexterity Potion"},{"floor":18.0,"key":"Poison Potion"},{"floor":24.0,"key":"EssenceOfSteel"},{"floor":29.0,"key":"Ancient Potion"},{"floor":33.0,"key":"EssenceOfSteel"},{"floor":35,"key":"Fire Potion"}],"is_trial":false,"path_per_floor":["M","?","M","M","M","E","?","?","T","M","R","E","R","M","R","B",null,"M","?","T","$","M","R","E","M","T","M","M","M","M","E","R","B",null,"M","M","$","M","M","E","R","E","T","M","?","$","E","M","R","B",null],"character_chosen":"IRONCLAD","items_purchased":["SteroidPotion","Enlightenment","Metallicize","Art of War","Block Potion","SkillPotion","Pear"],"campfire_rested":1,"item_purchase_floors":[21,21,21,37,37,46,46],"current_hp_per_floor":[80,80,80,80,77,66,55,47,47,38,38,31,31,18,42,17,80,84,88,88,88,91,91,88,85,85,100,100,102,103,90,90,96,111,107,119,119,123,129,129,129,99,99,112,112,122,133,156,156,141],"gold":74,"neow_bonus":"REMOVE_CARD","is_prod":false,"is_daily":false,"chose_seed":false,"campfire_upgraded":6,"win_rate":1,"timestamp":1556042453,"path_taken":["M","?","M","?","?","E","?","?","T","?","R","E","R","M","R","BOSS","M","?","?","$","M","R","E","M","T","M","M","M","?","E","R","BOSS","M","?","$","M","?","E","R","E","T","M","?","$","E","M","R","BOSS"],"build_version":"2019-01-23","purchased_purges":3,"victory":true,"max_hp_per_floor":[80,80,80,80,80,80,80,80,80,80,80,80,80,80,80,80,80,84,88,88,88,91,91,95,95,95,100,100,104,108,111,111,111,111,117,119,119,123,129,129,129,133,133,137,137,147,153,156,156,160],"card_choices":[{"not_picked":["Havoc","Bloodletting"],"picked":"Rage","floor":1.0},{"not_picked":["Entrench","Dropkick","Body Slam"],"picked":"SKIP","floor":3.0},{"not_picked":["Havoc","Heavy Blade"],"picked":"Armaments","floor":4.0},{"not_picked":["Power Through","Burning Pact"],"picked":"True Grit","floor":5.0},{"not_picked":["Cleave","Perfected Strike"],"picked":"Pommel Strike","floor":6.0},{"not_picked":["Warcry","Flex","Wild Strike"],"picked":"SKIP","floor":10.0},{"not_picked":["Havoc","Twin Strike"],"picked":"Feed","floor":12.0},{"not_picked":["Body Slam","Twin Strike"],"picked":"Uppercut","floor":14.0},{"not_picked":["Limit Break","Brutality"],"picked":"Immolate","floor":16.0},{"not_picked":["Rampage","Body Slam","Anger+1"],"picked":"SKIP","floor":18.0},{"not_picked":["Armaments","True Grit"],"picked":"Twin Strike+1","floor":19.0},{"not_picked":["Perfected Strike+1","Havoc"],"picked":"Metallicize","floor":22.0},{"not_picked":["Sword Boomerang","Fire Breathing"],"picked":"Headbutt","floor":24.0},{"not_picked":["Body Slam+1","Anger"],"picked":"Flame Barrier","floor":25.0},{"not_picked":["Iron Wave","Dropkick","Thunderclap"],"picked":"Singing Bowl","floor":27.0},{"not_picked":["Iron Wave","Combust"],"picked":"Disarm","floor":28.0},{"not_picked":["Offering","Twin Strike"],"picked":"Clothesline","floor":29.0},{"not_picked":["Cleave+1","Inflame"],"picked":"Corruption+1","floor":30.0},{"not_picked":["Evolve","Perfected Strike"],"picked":"Flex+1","floor":31.0},{"not_picked":["Exhume","Bludgeon"],"picked":"Dark Embrace","floor":33.0},{"not_picked":["Uppercut","Cleave+1","Carnage"],"picked":"Singing Bowl","floor":35},{"not_picked":["Flex","Ghostly Armor","Evolve"],"picked":"Singing Bowl","floor":36},{"not_picked":["Pommel Strike","Perfected Strike"],"picked":"Feel No Pain","floor":38},{"not_picked":["Pummel","Rupture+1","Fire Breathing+1"],"picked":"Singing Bowl","floor":39},{"not_picked":["Anger","Uppercut+1"],"picked":"Inflame+1","floor":40},{"not_picked":["Anger+1","Second Wind+1"],"picked":"Clothesline+1","floor":42},{"not_picked":["Sword Boomerang","Body Slam+1"],"picked":"Headbutt+1","floor":44},{"not_picked":["Corruption","Rupture","Pommel Strike"],"picked":"Singing Bowl","floor":47},{"not_picked":["Rampage","Shrug It Off+1"],"picked":"Inflame","floor":48}],"player_experience":525839,"relics_obtained":[{"floor":6.0,"key":"Dodecahedron"},{"floor":9.0,"key":"Matryoshka"},{"floor":12.0,"key":"Ginger"},{"floor":19.0,"key":"Bird Faced Urn"},{"floor":19.0,"key":"Sundial"},{"floor":20.0,"key":"Centennial Puzzle"},{"floor":20.0,"key":"Singing Bowl"},{"floor":24.0,"key":"Tiny Chest"},{"floor":26.0,"key":"Dream Catcher"},{"floor":26.0,"key":"Regal Pillow"},{"floor":31.0,"key":"Gambling Chip"},{"floor":40,"key":"Lantern"},{"floor":42,"key":"Incense Burner"},{"floor":43,"key":"Oddly Smooth Stone"},{"floor":47,"key":"The Courier"}],"event_choices":[{"damage_healed":0.0,"max_hp_gain":0.0,"max_hp_loss":0.0,"gold_gain":0.0,"event_name":"Wheel of Change","player_choice":"Cursed","floor":2.0,"gold_loss":0.0,"damage_taken":0.0,"cards_obtained":["Decay"]},{"damage_healed":0.0,"max_hp_gain":0.0,"max_hp_loss":0.0,"gold_gain":75.0,"event_name":"World of Goop","player_choice":"Gather Gold","floor":7.0,"gold_loss":0.0,"damage_taken":11.0},{"damage_healed":0.0,"max_hp_gain":0.0,"max_hp_loss":0.0,"gold_gain":75.0,"event_name":"FaceTrader","player_choice":"Touch","floor":8.0,"gold_loss":0.0,"damage_taken":8.0},{"damage_healed":0.0,"max_hp_gain":0.0,"max_hp_loss":0.0,"gold_gain":0.0,"event_name":"Colosseum","player_choice":"Fight","floor":19.0,"gold_loss":0.0,"damage_taken":0.0},{"damage_healed":0.0,"max_hp_gain":0.0,"max_hp_loss":0.0,"gold_gain":0.0,"event_name":"Colosseum","player_choice":"Fought Nobs","floor":19.0,"gold_loss":0.0,"damage_taken":0.0},{"cards_removed":["Strike_R"],"damage_healed":0,"gold_gain":0,"player_choice":"Purged","damage_taken":0,"max_hp_gain":0,"max_hp_loss":0,"event_name":"Purifier","floor":45,"gold_loss":0}],"is_beta":false,"boss_relics":[{"not_picked":["Calling Bell","Astrolabe"],"picked":"Snecko Eye"},{"not_picked":["Runic Pyramid","Runic Cube"],"picked":"Black Blood"}],"items_purged_floors":[21,37,46],"is_endless":false,"potions_floor_spawned":[1,4,6,10,18,19,24,25,29,31,33,35,40,42,47,48],"ascension_level":0}