{"gold_per_floor":[110,110,130,140,65,65,100,100,100,100,100,128,146,146,146,243,243,243,45,45,0,0,0,0,0,0,0,0,0,0,0,0,0,0,0,0,0,0,0,0,0,0,0,0,0,0,0,0,0,0],"floor_reached":51,"playtime":2764,"items_purged":["Defend_G"],"score":895,"play_id":"3be5455c-a158-41ac-ba3d-609efdde22dc","local_time":"20190422224253","is_ascension_mode":true,"campfire_choices":[{"data":"Cloak And Dagger","floor":6,"key":"SMITH"},{"data":"PiercingWail","floor":8,"key":"SMITH"},{"data":"Dodge and Roll","floor":10,"key":"SMITH"},{"floor":15,"key":"REST"},{"data":"Neutralize","floor":23,"key":"SMITH"},{"data":"PiercingWail","floor":32,"key":"SMITH"},{"floor":40,"key":"RECALL"},{"floor":49,"key":"REST"}],"neow_cost":"NONE","seed_source_timestamp":867868640332484,"circlet_count":0,"master_deck":["Defend_G","Defend_G","Defend_G","Defend_G","Strike_G","Strike_G+1","Strike_G+1","Strike_G","Survivor","Neutralize+1","Panacea","Dodge and Roll+1","Cloak And Dagger+1","Catalyst+1","PiercingWail+1","Noxious Fumes+1","Envenom+1","Noxious Fumes+1","Catalyst+1","Catalyst+1","PiercingWail+1","After Image+1","Noxious Fumes+1","Noxious Fumes+1","After Image+1","Dodge and Roll+1","Footwork+1","Parasite","Cloak And Dagger","Leg Sweep","Cloak And Dagger+1"],"relics":["Ring of the Snake","Mercury Hourglass","Matryoshka","Juzu Bracelet","Frozen Egg 2","Turnip","Ectoplasm","DollysMirror","MutagenicStrength","Oddly Smooth Stone","Whetstone","Bird Faced Urn","Bottled Lightning","FossilizedHelix","Fusion Hammer","Vajra","Darkstone Periapt","Anchor","Blue Candle","Red Mask"],"potions_floor_usage":[7,22,24,33,33,35],"damage_taken":[{"damage":5,"enemies":"2 Louse","floor":1,"turns":3},{"damage":3,"enemies":"Small Slimes","floor":3,"turns":4},{"damage":0,"enemies":"Jaw Worm","floor":4,"turns":5},{"damage":44,"enemies":"Gremlin Nob","floor":7,"turns":6},{"damage":26,"enemies":"Lagavulin","floor":12,"turns":12},{"damage":2,"enemies":"Large Slime","floor":13,"turns":5},{"damage":23,"enemies":"The Guardian","floor":16,"turns":10},{"damage":6,"enemies":"Shell Parasite","floor":18,"turns":5},{"damage":5,"enemies":"2 Thieves","floor":21,"turns":4},{"damage":3,"enemies":"Chosen and Byrds","floor":22,"turns":5},{"damage":19,"enemies":"Gremlin Leader","floor":24,"turns":6},{"damage":15,"enemies":"Snecko","floor":25,"turns":4},{"damage":6,"enemies":"Colosseum Slavers","floor":29,"turns":4},{"damage":8,"enemies":"Colosseum Nobs","floor":29,"turns":4},{"damage":3,"enemies":"Book of Stabbing","floor":30,"turns":5},{"damage":0,"enemies":"Sentry and Sphere","floor":31,"turns":5},{"damage":0,"enemies":"Collector","floor":33,"turns":3},{"damage":0,"enemies":"3 Darklings","floor":35,"turns":5},{"damage":0,"enemies":"3 Shapes","floor":36,"turns":3},{"damage":16,"enemies":"3 Darklings","floor":37,"turns":4},{"damage":0,"enemies":"Sphere and 2 Shapes","floor":39,"turns":5},{"damage":0,"enemies":"Giant Head","floor":41,"turns":7},{"damage":0,"enemies":"Writhing Mass","floor":42,"turns":6},{"damage":36,"enemies":"Reptomancer","floor":46,"turns":5},{"damage":8,"enemies":"3 Darklings","floor":48,"turns":6},{"damage":14,"enemies":"Awakened One","floor":50,"turns":12}],"seed_played":"5911308174844756175","potions_obtained":[{"floor":1,"key":"Regen Potion"},{"floor":16,"key":"Block Potion"},{"floor":18,"key":"SkillPotion"},{"floor":29,"key":"Swift Potion"},{"floor":30,"key":"FearPotion"},{"floor":31,"key":"Swift Potion"},{"floor":33,"key":"Block Potion"},{"floor":37,"key":"SkillPotion"},{"floor":39,"key":"Fire Potion"},{"floor":41,"key":"GamblersBrew"}],"is_trial":false,"path_per_floor":["M","?","M","M","$","R","E","R","T","R","?","E","M","?","R","B",null,"M","$","?","M","M","R","E","M","T","?","?","?","E","M","R","B",null,"M","M","M","?","M","R","E","M","T","?","?","E","?","M","R","B",null],"character_chosen":"THE_SILENT","items_purchased":["DollysMirror"],"campfire_rested":2,"item_purchase_floors":[19],"current_hp_per_floor":[65,53,50,50,50,50,21,21,21,21,44,18,16,16,37,14,70,64,64,64,59,56,56,37,22,22,45,45,31,34,40,40,48,70,70,70,58,58,70,70,70,76,76,76,76,48,48,56,76,68],"gold":0,"neow_bonus":"RANDOM_COLORLESS","is_prod":false,"is_daily":false,"chose_seed":false,"campfire_upgraded":5,"win_rate":0,"timestamp":1555987373,"path_taken":["M","?","M","M","$","R","E","R","T","R","?","E","M","?","R","BOSS","M","$","?","M","M","R","E","M","T","?","?","?","E","M","R","BOSS","M","M","M","?","M","R","E","M","T","?","?","E","?","M","R","BOSS"],"build_version":"2019-01-23","purchased_purges":1,"victory":true,"max_hp_per_floor":[70,70,70,70,70,70,70,70,70,70,70,70,70,70,70,70,70,70,70,70,70,70,70,70,70,70,70,70,70,70,70,70,70,70,70,70,70,70,70,70,70,76,76,76,76,76,76,76,76,76],"card_choices":[{"not_picked":["Prepared","Dagger Throw"],"picked":"Dodge and Roll","floor":1},{"not_picked":["Quick Slash","Predator"],"picked":"Cloak And Dagger","floor":3},{"not_picked":["PiercingWail","Dash"],"picked":"Catalyst","floor":4},{"not_picked":["Prepared","Slice"],"picked":"PiercingWail","floor":7},{"not_picked":["Blade Dance","Heel Hook"],"picked":"Noxious Fumes+1","floor":12},{"not_picked":["Heel Hook","Flying Knee","Predator"],"picked":"SKIP","floor":13},{"not_picked":["Wraith Form v2+1","Venomology"],"picked":"Envenom+1","floor":16},{"not_picked":["Heel Hook","Calculated Gamble+1"],"picked":"Noxious Fumes+1","floor":18},{"not_picked":["Sucker Punch","Flying Knee","Terror"],"picked":"SKIP","floor":21},{"not_picked":["Outmaneuver","Distraction","Deflect"],"picked":"SKIP","floor":22},{"not_picked":["Endless Agony+1","Tactician","Riddle With Holes"],"picked":"SKIP","floor":24},{"not_picked":["Poisoned Stab+1","Die Die Die"],"picked":"Catalyst+1","floor":25},{"not_picked":["Poisoned Stab","Outmaneuver"],"picked":"PiercingWail","floor":29},{"not_picked":["Sucker Punch","Escape Plan+1"],"picked":"After Image+1","floor":30},{"not_picked":["Sucker Punch+1","Expertise"],"picked":"Noxious Fumes+1","floor":31},{"not_picked":["Burst","A Thousand Cuts+1"],"picked":"Die Die Die","floor":33},{"not_picked":["Deflect+1","Quick Slash"],"picked":"Noxious Fumes+1","floor":35},{"not_picked":["Poisoned Stab","Riddle With Holes","Eviscerate+1"],"picked":"SKIP","floor":36},{"not_picked":["Bane","Sucker Punch+1"],"picked":"After Image+1","floor":37},{"not_picked":["Dagger Spray","Acrobatics"],"picked":"Dodge and Roll+1","floor":39},{"not_picked":["Catalyst","Accuracy+1"],"picked":"Footwork+1","floor":41},{"not_picked":["Outmaneuver+1","Skewer"],"picked":"Cloak And Dagger","floor":42},{"not_picked":["Prepared+1","Dash"],"picked":"Leg Sweep","floor":46},{"not_picked":["Acrobatics+1","Infinite Blades+1"],"picked":"Cloak And Dagger+1","floor":48}],"player_experience":126942,"relics_obtained":[{"floor":7,"key":"Matryoshka"},{"floor":9,"key":"Juzu Bracelet"},{"floor":9,"key":"Frozen Egg 2"},{"floor":12,"key":"Turnip"},{"floor":24,"key":"Oddly Smooth Stone"},{"floor":26,"key":"Whetstone"},{"floor":29,"key":"Bird Faced Urn"},{"floor":29,"key":"Bottled Lightning"},{"floor":30,"key":"FossilizedHelix"},{"floor":41,"key":"Darkstone Periapt"},{"floor":43,"key":"Anchor"},{"floor":46,"key":"Blue Candle"}],"event_choices":[{"damage_healed":0,"gold_gain":0,"player_choice":"Success","damage_taken":12,"relics_obtained":["Mercury Hourglass"],"max_hp_gain":0,"max_hp_loss":0,"event_name":"Scrap Ooze","floor":2,"gold_loss":0},{"damage_healed":23,"gold_gain":0,"player_choice":"Banana","damage_taken":0,"max_hp_gain":0,"max_hp_loss":0,"event_name":"Big Fish","floor":11,"gold_loss":0},{"damage_healed":0,"gold_gain":0,"player_choice":"Grow","damage_taken":0,"max_hp_gain":0,"max_hp_loss":0,"event_name":"Living Wall","floor":14,"gold_loss":0,"cards_upgraded":["Catalyst"]},{"damage_healed":0,"gold_gain":0,"player_choice":"Inject Mutagens","damage_taken":0,"relics_obtained":["MutagenicStrength"],"max_hp_gain":0,"max_hp_loss":0,"event_name":"Drug Dealer","floor":20,"gold_loss":0},{"damage_healed":23,"gold_gain":0,"player_choice":"Heal","damage_taken":0,"max_hp_gain":0,"max_hp_loss":0,"event_name":"The Library","floor":27,"gold_loss":0},{"cards_removed":["Strike_G"],"damage_healed":0,"gold_gain":0,"player_choice":"Purged","damage_taken":0,"max_hp_gain":0,"max_hp_loss":0,"event_name":"Purifier","floor":28,"gold_loss":0},{"damage_healed":0,"gold_gain":0,"player_choice":"Fight","damage_taken":0,"max_hp_gain":0,"max_hp_loss":0,"event_name":"Colosseum","floor":29,"gold_loss":0},{"damage_healed":0,"gold_gain":0,"player_choice":"Fought Nobs","damage_taken":0,"max_hp_gain":0,"max_hp_loss":0,"event_name":"Colosseum","floor":29,"gold_loss":0},{"damage_healed":0,"gold_gain":0,"player_choice":"Gave Potion","damage_taken":0,"relics_obtained":["Vajra"],"max_hp_gain":0,"max_hp_loss":0,"event_name":"WeMeetAgain","floor":38,"gold_loss":0},{"damage_healed":0,"gold_gain":100,"player_choice":"Pray","damage_taken":0,"max_hp_gain":0,"max_hp_loss":0,"event_name":"Golden Shrine","floor":44,"gold_loss":0},{"cards_removed":["Die Die Die"],"damage_healed":0,"gold_gain":0,"player_choice":"Removed Attack","damage_taken":0,"max_hp_gain":0,"max_hp_loss":0,"event_name":"Falling","floor":45,"gold_loss":0},{"damage_healed":0,"gold_gain":0,"player_choice":"Paid","damage_taken":0,"relics_obtained":["Red Mask"],"max_hp_gain":0,"max_hp_loss":0,"event_name":"Tomb of Lord Red Mask","floor":47,"gold_loss":0}],"is_beta":false,"boss_relics":[{"not_picked":["Coffee Dripper","Pandora\u0027s Box"],"picked":"Ectoplasm"},{"not_picked":["Calling Bell","Empty Cage"],"picked":"Fusion Hammer"}],"items_purged_floors":[5],"is_endless":false,"potions_floor_spawned":[1,16,18,29,30,31,33,37,39,41,42],"ascension_level":1}