{"gold_per_floor":[360,373,383,396,238,238,194,219,219,250,250,250,77,109,109,182,182,201,14,14,14,26,26,61,84,96,108,120,145,177,189,201,213],"floor_reached":33,"playtime":1597,"items_purged":["Writhe","Strike_B"],"score":566,"play_id":"32b7d4ab-0a85-4e89-9ad6-c89523d2f4be","local_time":"20181027050808","is_ascension_mode":true,"campfire_choices":[{"floor":6.0,"key":"REST"},{"data":"Defragment","floor":12.0,"key":"SMITH"},{"data":"Buffer","floor":15.0,"key":"SMITH"},{"floor":23.0,"key":"REST"},{"floor":28,"key":"REST"},{"floor":32,"key":"REST"}],"neow_cost":"CURSE","seed_source_timestamp":68208533323868,"circlet_count":0,"master_deck":["Strike_B","Strike_B","Strike_B","Defend_B","Defend_B","Defend_B","Defend_B","Zap","Dualcast","AscendersBane","Defragment+1","Compile Driver","Go for the Eyes","Conserve Battery","Chill","Static Discharge","Streamline","Steam","Buffer+1","Auto Shields","Buffer","Capacitor","Melter","Coolheaded","Glacier","Storm","Storm","Chill","Stack","Defragment","Stack"],"special_seed":0,"relics":["Cracked Core","Vajra","Mummified Hand","Thread and Needle","Boot","Orrery","MawBank","Matryoshka"],"potions_floor_usage":[24,33,33],"damage_taken":[{"damage":7.0,"enemies":"Cultist","floor":1.0,"turns":4.0},{"damage":7.0,"enemies":"Jaw Worm","floor":2.0,"turns":4.0},{"damage":10.0,"enemies":"Small Slimes","floor":3.0,"turns":3.0},{"damage":9.0,"enemies":"Looter","floor":4.0,"turns":3.0},{"damage":12.0,"enemies":"3 Sentries","floor":8.0,"turns":7.0},{"damage":7.0,"enemies":"Lagavulin","floor":10.0,"turns":7.0},{"damage":24.0,"enemies":"Gremlin Nob","floor":14.0,"turns":5.0},{"damage":24.0,"enemies":"Slime Boss","floor":16.0,"turns":11.0},{"damage":12.0,"enemies":"Shell Parasite","floor":18.0,"turns":5.0},{"damage":3.0,"enemies":"3 Byrds","floor":22.0,"turns":5.0},{"damage":28,"enemies":"Book of Stabbing","floor":24,"turns":5},{"damage":0,"enemies":"Snecko","floor":25,"turns":6},{"damage":10,"enemies":"Snake Plant","floor":29,"turns":5},{"damage":10,"enemies":"Centurion and Healer","floor":30,"turns":8},{"damage":53,"enemies":"Collector","floor":33,"turns":10}],"seed_played":"5390807624908375038","potions_obtained":[{"floor":1.0,"key":"Fire Potion"},{"floor":3.0,"key":"EssenceOfSteel"},{"floor":10.0,"key":"FearPotion"},{"floor":16.0,"key":"EssenceOfSteel"},{"floor":22.0,"key":"Explosive Potion"},{"floor":24,"key":"Weak Potion"}],"is_trial":false,"path_per_floor":["M","M","M","M","$","R","$","E","T","E","?","R","$","E","R","B",null,"M","$","?","?","M","R","E","M","T","$","R","M","M","?","R"],"character_chosen":"DEFECT","items_purchased":["Chill","Static Discharge","Buffer","Storm"],"campfire_rested":4,"item_purchase_floors":[5,7,13,19],"current_hp_per_floor":[57,50,40,31,31,52,52,40,40,33,56,56,56,32,32,8,55,43,43,43,23,20,42,14,14,14,14,36,26,16,16,38,0],"gold":213,"neow_bonus":"TWO_FIFTY_GOLD","is_prod":false,"is_daily":false,"chose_seed":false,"campfire_upgraded":2,"win_rate":0,"timestamp":1540642088,"path_taken":["M","M","M","M","$","R","$","E","T","E","?","R","$","E","R","BOSS","M","$","?","?","M","R","E","M","T","$","R","M","M","?","R","BOSS"],"build_version":"2018-10-25v2","purchased_purges":2,"victory":false,"max_hp_per_floor":[71,71,71,71,71,71,71,71,71,71,71,71,71,71,71,71,71,71,71,71,76,76,76,76,76,76,76,76,76,76,76,76,76],"card_choices":[{"not_picked":["Consume","Tempest"],"picked":"Defragment","floor":1.0},{"not_picked":["Rebound","Skim"],"picked":"Compile Driver","floor":2.0},{"not_picked":["Conserve Battery","Sunder"],"picked":"Go for the Eyes","floor":3.0},{"not_picked":["Force Field","Compile Driver"],"picked":"Conserve Battery","floor":4.0},{"not_picked":["Rebound","Machine Learning"],"picked":"Streamline","floor":8.0},{"not_picked":["Leap","Barrage"],"picked":"Steam","floor":10.0},{"not_picked":["Redo","Doom and Gloom"],"picked":"Auto Shields","floor":14.0},{"not_picked":["Amplify","All For One"],"picked":"Buffer","floor":16.0},{"not_picked":["Go for the Eyes","Auto Shields"],"picked":"Capacitor","floor":17.0},{"not_picked":["Go for the Eyes","Streamline"],"picked":"Melter","floor":17.0},{"not_picked":["Genetic Algorithm","Rip and Tear"],"picked":"Coolheaded","floor":17.0},{"not_picked":["Turbo","Ball Lightning"],"picked":"Glacier","floor":17.0},{"not_picked":["Beam Cell","Sweeping Beam+1"],"picked":"Storm","floor":18.0},{"not_picked":["Multi-Cast","Hologram"],"picked":"Chill","floor":22.0},{"not_picked":["Double Energy+1","Sweeping Beam+1"],"picked":"Stack","floor":24},{"not_picked":["Rip and Tear","Glacier+1"],"picked":"Defragment","floor":25},{"not_picked":["Steam","Hyperbeam"],"picked":"Stack","floor":29},{"not_picked":["Steam","Lockon","Double Energy"],"picked":"SKIP","floor":30}],"player_experience":665622,"relics_obtained":[{"floor":8.0,"key":"Vajra"},{"floor":9.0,"key":"Mummified Hand"},{"floor":10.0,"key":"Thread and Needle"},{"floor":14.0,"key":"Boot"},{"floor":24,"key":"MawBank"},{"floor":26,"key":"Matryoshka"}],"event_choices":[{"damage_healed":23.0,"max_hp_gain":0.0,"max_hp_loss":0.0,"gold_gain":0.0,"event_name":"Big Fish","player_choice":"Banana","floor":11.0,"gold_loss":0.0,"damage_taken":0.0},{"damage_healed":0.0,"max_hp_gain":5.0,"max_hp_loss":0.0,"gold_gain":0.0,"event_name":"Forgotten Altar","player_choice":"Shed Blood","floor":21.0,"gold_loss":0.0,"damage_taken":25.0},{"damage_healed":0,"gold_gain":0,"player_choice":"Ignored","damage_taken":0,"max_hp_gain":0,"max_hp_loss":0,"event_name":"Vampires","floor":31,"gold_loss":0}],"is_beta":false,"boss_relics":[{"not_picked":["Tiny House","Runic Dome"],"picked":"Orrery"}],"items_purged_floors":[5,19],"is_endless":false,"potions_floor_spawned":[1,3,10,16,22,24,29],"killed_by":"Collector","ascension_level":20}