{"gold_per_floor":[112,27,46,46,59,59,90,105,105,134,152,166,166,191,191,268,268,284,316,335,335,352,352,0,0,0,25,25,25],"floor_reached":29,"playtime":925,"items_purged":["Writhe"],"score":526,"play_id":"f5dc3f69-6e52-448b-b246-4db4c78c88b6","local_time":"20190223213815","is_ascension_mode":true,"campfire_choices":[{"data":"Combust","floor":6.0,"key":"SMITH"},{"data":"Bash","floor":13,"key":"SMITH"},{"data":"Inflame","floor":15,"key":"SMITH"},{"floor":23,"key":"REST"},{"data":"Fiend Fire","floor":25,"key":"SMITH"}],"neow_cost":"NONE","seed_source_timestamp":2334106576744909,"circlet_count":0,"master_deck":["AscendersBane","Strike_R","Strike_R","Strike_R","Strike_R","Strike_R","Defend_R","Defend_R","Defend_R","Defend_R","Bash+1","Combust+1","Rupture","Iron Wave","Uppercut","Anger","Shrug It Off","Inflame+1","Fiend Fire+1","Juggernaut","Feel No Pain","Shrug It Off","Pummel+1","Feed"],"special_seed":0,"relics":["Burning Blood","NeowsBlessing","Ice Cream","Bottled Tornado","Sundial","Blue Candle","Velvet Choker","Red Mask","Dream Catcher","Self Forming Clay","Kunai","Red Skull"],"potions_floor_usage":[10,10,19,27],"damage_taken":[{"damage":0.0,"enemies":"Jaw Worm","floor":1.0,"turns":1.0},{"damage":0.0,"enemies":"2 Louse","floor":3.0,"turns":1.0},{"damage":0.0,"enemies":"Small Slimes","floor":5.0,"turns":1.0},{"damage":20.0,"enemies":"Lagavulin","floor":7.0,"turns":7.0},{"damage":4.0,"enemies":"Looter","floor":8.0,"turns":4.0},{"damage":5,"enemies":"Gremlin Nob","floor":10,"turns":3},{"damage":3,"enemies":"2 Fungi Beasts","floor":11,"turns":3},{"damage":8,"enemies":"Red Slaver","floor":12,"turns":4},{"damage":10,"enemies":"Lagavulin","floor":14,"turns":6},{"damage":40,"enemies":"The Guardian","floor":16,"turns":10},{"damage":20,"enemies":"2 Thieves","floor":18,"turns":4},{"damage":27,"enemies":"Masked Bandits","floor":19,"turns":4},{"damage":11,"enemies":"Chosen","floor":20,"turns":4},{"damage":12,"enemies":"3 Cultists","floor":22,"turns":4},{"damage":35,"enemies":"Book of Stabbing","floor":27,"turns":4},{"damage":0,"enemies":"Gremlin Leader","floor":29,"turns":1}],"seed_played":"-6925894039017752141","potions_obtained":[{"floor":3.0,"key":"Poison Potion"},{"floor":7.0,"key":"FearPotion"},{"floor":14,"key":"AttackPotion"},{"floor":16,"key":"EssenceOfSteel"},{"floor":27,"key":"Fire Potion"}],"is_trial":false,"path_per_floor":["M","$","M","$","M","R","E","M","T","E","M","M","R","E","R","B",null,"M","?","M","?","M","R","$","R","T","E","$","E"],"character_chosen":"IRONCLAD","items_purchased":["Combust","Self Forming Clay"],"campfire_rested":1,"item_purchase_floors":[2,24],"current_hp_per_floor":[74,74,75,75,75,75,61,63,63,64,67,65,65,61,61,27,63,49,28,23,23,17,39,39,39,39,10,10,10],"gold":25,"neow_bonus":"THREE_ENEMY_KILL","is_prod":false,"is_daily":false,"chose_seed":false,"campfire_upgraded":4,"win_rate":0,"timestamp":1550986695,"path_taken":["M","$","M","$","M","R","E","M","T","E","M","M","R","E","R","BOSS","M","?","M","?","M","R","$","R","T","E","?","E"],"build_version":"2019-02-06","purchased_purges":1,"victory":false,"max_hp_per_floor":[75,75,75,75,75,75,75,75,75,75,75,75,75,75,75,75,75,75,75,75,75,75,75,75,75,75,75,75,75],"card_choices":[{"not_picked":["Body Slam","Rage","Intimidate"],"picked":"SKIP","floor":1.0},{"not_picked":["Burning Pact","Thunderclap"],"picked":"Rupture","floor":3.0},{"not_picked":["Seeing Red","Thunderclap"],"picked":"Iron Wave","floor":5.0},{"not_picked":["Wild Strike","Combust","Headbutt"],"picked":"SKIP","floor":7.0},{"not_picked":["Body Slam","Dark Embrace"],"picked":"Uppercut","floor":8.0},{"not_picked":["Rampage","Seeing Red"],"picked":"Anger","floor":10},{"not_picked":["Body Slam","Entrench"],"picked":"Shrug It Off","floor":11},{"not_picked":["Clothesline","Body Slam"],"picked":"Inflame","floor":12},{"not_picked":["Burning Pact","Sword Boomerang"],"picked":"Fiend Fire","floor":14},{"not_picked":["Berserk","Dark Embrace"],"picked":"Juggernaut","floor":16},{"not_picked":["Searing Blow","Warcry"],"picked":"Feel No Pain","floor":18},{"not_picked":["Searing Blow+1","Havoc"],"picked":"Shrug It Off","floor":19},{"not_picked":["Flame Barrier","Wild Strike+1"],"picked":"Pummel+1","floor":20},{"not_picked":["Iron Wave","Perfected Strike+1","Wild Strike"],"picked":"SKIP","floor":22},{"not_picked":["Flex","Sword Boomerang"],"picked":"Feed","floor":27}],"player_experience":1226114,"relics_obtained":[{"floor":7.0,"key":"Ice Cream"},{"floor":9.0,"key":"Bottled Tornado"},{"floor":10,"key":"Sundial"},{"floor":14,"key":"Blue Candle"},{"floor":19,"key":"Red Mask"},{"floor":26,"key":"Kunai"},{"floor":27,"key":"Red Skull"}],"event_choices":[{"damage_healed":0,"gold_gain":0,"player_choice":"Fought Bandits","damage_taken":0,"max_hp_gain":0,"max_hp_loss":0,"event_name":"Masked Bandits","floor":19,"gold_loss":0},{"damage_healed":0,"gold_gain":0,"player_choice":"Opened","damage_taken":0,"relics_obtained":["Dream Catcher"],"max_hp_gain":0,"max_hp_loss":0,"event_name":"The Mausoleum","floor":21,"gold_loss":0,"cards_obtained":["Writhe"]}],"is_beta":true,"boss_relics":[{"not_picked":["Tiny House","Ectoplasm"],"picked":"Velvet Choker"}],"items_purged_floors":[24],"is_endless":false,"potions_floor_spawned":[3,7,14,16,18,27],"killed_by":"Gremlin Leader","ascension_level":20}