{"gold_per_floor":[212,222,237,207,220,220,0,0,0,0,35,54,71,71,71,149,149,168,182,182,199,37,37,67,67,94,123,73,73,130,130,130,130],"floor_reached":33,"playtime":1536,"items_purged":["Writhe"],"score":590,"play_id":"3b9a3079-a8c5-4120-b8f6-7990cf8f262a","local_time":"20190422145452","is_ascension_mode":true,"campfire_choices":[{"data":"Armaments","floor":6,"key":"SMITH"},{"data":"Shockwave","floor":8,"key":"SMITH"},{"data":"Disarm","floor":10,"key":"SMITH"},{"floor":15,"key":"REST"},{"data":"Metallicize","floor":23,"key":"SMITH"},{"data":"Flame Barrier","floor":25,"key":"SMITH"},{"data":"Offering","floor":32,"key":"SMITH"}],"neow_cost":"NONE","seed_source_timestamp":841743035664100,"circlet_count":0,"master_deck":["AscendersBane","Strike_R+1","Strike_R","Strike_R","Strike_R","Strike_R","Defend_R","Defend_R","Defend_R","Defend_R","Bash+1","Iron Wave","Armaments+1","Shockwave+1","Disarm+1","Feel No Pain","Metallicize+1","Pommel Strike","Offering+1","Flame Barrier+1","Shrug It Off"],"relics":["Burning Blood","Sling","Meat on the Bone","StoneCalendar","Cursed Key","FossilizedHelix","Vajra","Mango","Orichalcum","Smiling Mask","Tiny Chest"],"potions_floor_usage":[16,16,16,21,33],"damage_taken":[{"damage":6,"enemies":"Cultist","floor":1,"turns":3},{"damage":9,"enemies":"Jaw Worm","floor":2,"turns":5},{"damage":0,"enemies":"Small Slimes","floor":3,"turns":3},{"damage":6,"enemies":"Looter","floor":4,"turns":4},{"damage":10,"enemies":"2 Fungi Beasts","floor":5,"turns":4},{"damage":22,"enemies":"Gremlin Nob","floor":11,"turns":5},{"damage":19,"enemies":"Exordium Wildlife","floor":12,"turns":6},{"damage":21,"enemies":"Looter","floor":13,"turns":4},{"damage":12,"enemies":"Hexaghost","floor":16,"turns":9},{"damage":23,"enemies":"Shell Parasite","floor":18,"turns":5},{"damage":43,"enemies":"2 Thieves","floor":19,"turns":5},{"damage":0,"enemies":"Chosen and Byrds","floor":21,"turns":7},{"damage":11,"enemies":"Book of Stabbing","floor":24,"turns":6},{"damage":41,"enemies":"Slavers","floor":27,"turns":6},{"damage":0,"enemies":"Book of Stabbing","floor":30,"turns":5},{"damage":75,"enemies":"Champ","floor":33,"turns":13}],"seed_played":"-1224385614821868628","potions_obtained":[{"floor":5,"key":"LiquidBronze"},{"floor":11,"key":"GamblersBrew"},{"floor":12,"key":"EntropicBrew"},{"floor":18,"key":"SkillPotion"}],"is_trial":false,"path_per_floor":["M","M","M","M","M","R","$","R","T","R","E","M","M","?","R","B",null,"M","M","?","M","$","R","E","R","T","E","$","?","E","?","R","B"],"character_chosen":"IRONCLAD","items_purchased":["Sling","Vajra"],"campfire_rested":1,"item_purchase_floors":[7,22],"current_hp_per_floor":[68,65,71,71,67,67,67,67,67,67,51,50,47,24,46,52,69,52,27,27,45,45,45,66,66,66,43,43,43,61,61,61,0],"gold":130,"neow_bonus":"HUNDRED_GOLD","is_prod":false,"is_daily":false,"chose_seed":false,"campfire_upgraded":6,"win_rate":0,"timestamp":1555937692,"path_taken":["M","M","M","?","M","R","$","R","T","R","E","?","M","?","R","BOSS","M","M","?","M","$","R","E","R","T","E","$","?","E","?","R","BOSS"],"build_version":"2019-01-23","purchased_purges":1,"victory":false,"max_hp_per_floor":[75,75,75,75,75,75,75,75,75,75,75,75,75,75,75,75,75,75,75,75,75,75,75,89,89,89,89,89,89,89,89,89,89],"card_choices":[{"not_picked":["Flex","Burning Pact"],"picked":"Iron Wave","floor":1},{"not_picked":["Anger","Rampage","Power Through"],"picked":"SKIP","floor":2},{"not_picked":["Corruption","Intimidate"],"picked":"Armaments","floor":3},{"not_picked":["Corruption","Anger"],"picked":"Shockwave","floor":4},{"not_picked":["Warcry","Flex"],"picked":"Disarm","floor":5},{"not_picked":["Exhume","Dual Wield"],"picked":"Feel No Pain","floor":11},{"not_picked":["Cleave","Uppercut"],"picked":"Metallicize","floor":12},{"not_picked":["Anger","Body Slam"],"picked":"Pommel Strike","floor":13},{"not_picked":["Feed","Fiend Fire"],"picked":"Offering","floor":16},{"not_picked":["Iron Wave","Anger","Flex"],"picked":"SKIP","floor":18},{"not_picked":["Flex","Burning Pact+1","Clothesline"],"picked":"SKIP","floor":19},{"not_picked":["Armaments","Perfected Strike","Searing Blow"],"picked":"SKIP","floor":21},{"not_picked":["Uppercut","Armaments"],"picked":"Flame Barrier","floor":24},{"not_picked":["Body Slam","Twin Strike","Brutality"],"picked":"SKIP","floor":27},{"not_picked":["Hemokinesis","Warcry","Infernal Blade"],"picked":"SKIP","floor":30}],"player_experience":278401,"relics_obtained":[{"floor":9,"key":"Meat on the Bone"},{"floor":11,"key":"StoneCalendar"},{"floor":24,"key":"Mango"},{"floor":26,"key":"Orichalcum"},{"floor":27,"key":"Smiling Mask"},{"floor":30,"key":"Tiny Chest"}],"event_choices":[{"damage_healed":0,"gold_gain":0,"player_choice":"Entered Light","damage_taken":23,"max_hp_gain":0,"max_hp_loss":0,"event_name":"Shining Light","floor":14,"gold_loss":0,"cards_upgraded":["Bash","Strike_R"]},{"damage_healed":0,"gold_gain":0,"player_choice":"Opened","damage_taken":0,"relics_obtained":["FossilizedHelix"],"max_hp_gain":0,"max_hp_loss":0,"event_name":"The Mausoleum","floor":20,"gold_loss":0,"cards_obtained":["Writhe"]},{"cards_removed":["Doubt"],"damage_healed":0,"gold_gain":0,"player_choice":"Elegance","damage_taken":0,"max_hp_gain":0,"max_hp_loss":0,"event_name":"Back to Basics","floor":29,"gold_loss":0},{"damage_healed":0,"gold_gain":0,"player_choice":"Read","damage_taken":0,"max_hp_gain":0,"max_hp_loss":0,"event_name":"The Library","floor":31,"gold_loss":0,"cards_obtained":["Shrug It Off"]}],"is_beta":false,"boss_relics":[{"not_picked":["Fusion Hammer","Calling Bell"],"picked":"Cursed Key"}],"items_purged_floors":[28],"is_endless":false,"potions_floor_spawned":[5,11,12,18],"killed_by":"Champ","ascension_level":16}