{"gold_per_floor":[118,118,118,193,22,22,39,39,111,144,58,87,97,125,125,202,252,268,268,283,283,295,295,305,338,338,349,173,187,99,119,119,196,196,207,226,275,0,0,0,0,0,27,27],"floor_reached":44,"playtime":1738,"items_purged":["Strike_G","Strike_G"],"score":1088,"play_id":"141ea307-5848-4f4f-93ae-d52abda70f3a","local_time":"20190420040953","is_ascension_mode":true,"campfire_choices":[{"data":"Poisoned Stab","floor":6.0,"key":"SMITH"},{"data":"Catalyst","floor":8.0,"key":"SMITH"},{"data":"Poisoned Stab","floor":15.0,"key":"SMITH"},{"data":"Footwork","floor":23.0,"key":"SMITH"},{"data":"Catalyst","floor":32.0,"key":"SMITH"},{"data":"Ghostly","floor":40,"key":"SMITH"},{"data":"Ghostly","floor":42,"key":"SMITH"}],"neow_cost":"NONE","seed_source_timestamp":23067007456259,"circlet_count":0,"master_deck":["AscendersBane","Defend_G","Defend_G","Defend_G","Defend_G","Defend_G","Strike_G+1","Strike_G+1","Survivor","Neutralize+1","Cloak And Dagger","Catalyst+1","Poisoned Stab+1","Flying Knee+1","Catalyst+1","Footwork+1","Poisoned Stab+1","Envenom","Deadly Poison","Ghostly+1","Ghostly","Ghostly+1","Adrenaline","Deflect","Blur","After Image","Crippling Poison","Noxious Fumes","Acrobatics","Crippling Poison","Decay"],"special_seed":0,"relics":["Ring of the Snake","NeowsBlessing","Matryoshka","Meat on the Bone","Mercury Hourglass","Pantograph","Tiny House","Dodecahedron","Whetstone","Singing Bowl","Cursed Key","Turnip","Membership Card","Red Mask","Orichalcum"],"potions_floor_usage":[37,44],"damage_taken":[{"damage":0.0,"enemies":"2 Louse","floor":1.0,"turns":1.0},{"damage":0.0,"enemies":"Jaw Worm","floor":7.0,"turns":1.0},{"damage":0.0,"enemies":"Gremlin Nob","floor":10.0,"turns":1.0},{"damage":33.0,"enemies":"3 Sentries","floor":12.0,"turns":17.0},{"damage":0.0,"enemies":"Small Slimes","floor":13.0,"turns":2.0},{"damage":8.0,"enemies":"Lagavulin","floor":14.0,"turns":7.0},{"damage":8.0,"enemies":"The Guardian","floor":16.0,"turns":9.0},{"damage":9.0,"enemies":"Shell Parasite","floor":18.0,"turns":6.0},{"damage":6.0,"enemies":"3 Byrds","floor":20.0,"turns":6.0},{"damage":10.0,"enemies":"Cultist and Chosen","floor":22.0,"turns":6.0},{"damage":6.0,"enemies":"Snake Plant","floor":24.0,"turns":3.0},{"damage":2.0,"enemies":"Gremlin Leader","floor":25.0,"turns":4.0},{"damage":18.0,"enemies":"3 Cultists","floor":27.0,"turns":8.0},{"damage":8.0,"enemies":"Centurion and Healer","floor":29.0,"turns":8.0},{"damage":10.0,"enemies":"Snake Plant","floor":31.0,"turns":4.0},{"damage":0.0,"enemies":"Collector","floor":33.0,"turns":5.0},{"damage":8.0,"enemies":"Orb Walker","floor":35.0,"turns":4.0},{"damage":1.0,"enemies":"3 Shapes","floor":36.0,"turns":5.0},{"damage":26,"enemies":"2 Orb Walkers","floor":37,"turns":6},{"damage":21,"enemies":"Reptomancer","floor":44,"turns":3}],"seed_played":"-8720691166561291880","potions_obtained":[{"floor":7.0,"key":"PowerPotion"},{"floor":10.0,"key":"SpeedPotion"},{"floor":12.0,"key":"Dexterity Potion"},{"floor":22.0,"key":"SteroidPotion"},{"floor":27.0,"key":"SkillPotion"},{"floor":36.0,"key":"Poison Potion"}],"is_trial":false,"path_per_floor":["M","?","?","?","$","R","M","R","T","E","$","E","M","E","R","B",null,"M","?","M","?","M","R","M","E","T","M","$","M","$","M","R","B",null,"M","M","?","$","?","R","?","R","T","E"],"character_chosen":"THE_SILENT","items_purchased":["Catalyst","Poisoned Stab","Catalyst","Crippling Poison","Noxious Fumes","Membership Card","Crippling Poison"],"campfire_rested":0,"item_purchase_floors":[5,5,11,28,30,38,38],"current_hp_per_floor":[59,59,52,41,41,41,41,41,41,41,41,20,32,36,36,53,68,59,35,29,23,25,25,19,29,29,25,25,31,31,23,23,43,43,37,36,24,24,24,24,17,17,17,0],"gold":27,"neow_bonus":"THREE_ENEMY_KILL","is_prod":false,"is_daily":false,"chose_seed":false,"campfire_upgraded":7,"win_rate":0,"timestamp":1555758593,"path_taken":["M","?","?","?","?","R","M","R","T","E","$","E","M","E","R","BOSS","M","?","M","?","M","R","M","E","T","?","$","M","$","M","R","BOSS","M","M","?","$","?","R","?","R","T","E"],"build_version":"2019-04-04","purchased_purges":2,"victory":false,"max_hp_per_floor":[66,66,66,66,66,66,66,66,66,66,66,66,66,66,66,66,71,71,35,35,35,35,35,35,35,35,37,37,39,39,41,41,43,43,45,45,47,47,47,47,47,47,47,47],"card_choices":[{"not_picked":["Slice","Setup"],"picked":"Cloak And Dagger","floor":1.0},{"not_picked":["Choke","Infinite Blades","Calculated Gamble"],"picked":"SKIP","floor":7.0},{"not_picked":["Cloak And Dagger","Blade Dance"],"picked":"Flying Knee","floor":10.0},{"not_picked":["Caltrops","Grand Finale","Slice"],"picked":"SKIP","floor":12.0},{"not_picked":["Poisoned Stab","Dodge and Roll"],"picked":"Footwork","floor":13.0},{"not_picked":["Backstab","Unload"],"picked":"Poisoned Stab","floor":14.0},{"not_picked":["Phantasmal Killer","Bullet Time"],"picked":"Envenom","floor":16.0},{"not_picked":["Slice","Dagger Spray"],"picked":"Deadly Poison","floor":18.0},{"not_picked":["Underhanded Strike","Predator"],"picked":"Adrenaline","floor":20.0},{"not_picked":["Cloak And Dagger","Quick Slash"],"picked":"Deflect","floor":22.0},{"not_picked":["Dagger Spray","Endless Agony"],"picked":"Blur","floor":24.0},{"not_picked":["Infinite Blades","Poisoned Stab"],"picked":"After Image","floor":25.0},{"not_picked":["Sucker Punch","Blade Dance","Setup"],"picked":"Singing Bowl","floor":27.0},{"not_picked":["Slice","Cloak And Dagger","Flechettes"],"picked":"Singing Bowl","floor":29.0},{"not_picked":["Endless Agony","Poisoned Stab","Flying Knee"],"picked":"Singing Bowl","floor":31.0},{"not_picked":["Phantasmal Killer","Unload","Venomology"],"picked":"Singing Bowl","floor":33.0},{"not_picked":["Flying Knee","Setup+1","Slice"],"picked":"Singing Bowl","floor":35.0},{"not_picked":["Quick Slash","Deadly Poison"],"picked":"Acrobatics","floor":36.0},{"not_picked":["Dodge and Roll","Quick Slash","Poisoned Stab"],"picked":"Singing Bowl","floor":37}],"player_experience":1420145,"relics_obtained":[{"floor":9.0,"key":"Matryoshka"},{"floor":10.0,"key":"Meat on the Bone"},{"floor":12.0,"key":"Mercury Hourglass"},{"floor":14.0,"key":"Pantograph"},{"floor":25.0,"key":"Dodecahedron"},{"floor":26.0,"key":"Whetstone"},{"floor":26.0,"key":"Singing Bowl"},{"floor":37,"key":"Turnip"},{"floor":43,"key":"Orichalcum"}],"event_choices":[{"damage_healed":0.0,"max_hp_gain":0.0,"max_hp_loss":0.0,"gold_gain":0.0,"event_name":"Living Wall","player_choice":"Grow","floor":2.0,"gold_loss":0.0,"damage_taken":0.0,"cards_upgraded":["Neutralize"]},{"cards_removed":["Strike_G"],"damage_healed":0.0,"max_hp_gain":0.0,"max_hp_loss":0.0,"gold_gain":0.0,"event_name":"Golden Wing","player_choice":"Card Removal","floor":3.0,"gold_loss":0.0,"damage_taken":7.0},{"damage_healed":0.0,"max_hp_gain":0.0,"max_hp_loss":0.0,"gold_gain":75.0,"event_name":"World of Goop","player_choice":"Gather Gold","floor":4.0,"gold_loss":0.0,"damage_taken":11.0},{"damage_healed":0.0,"max_hp_gain":0.0,"max_hp_loss":36.0,"gold_gain":0.0,"event_name":"Ghosts","player_choice":"Became a Ghost","floor":19.0,"gold_loss":0.0,"damage_taken":0.0,"cards_obtained":["Ghostly","Ghostly","Ghostly"]},{"damage_healed":0.0,"max_hp_gain":0.0,"max_hp_loss":0.0,"gold_gain":0.0,"event_name":"Knowing Skull","player_choice":"","floor":21.0,"potions_obtained":[],"gold_loss":0.0,"damage_taken":6.0,"cards_obtained":[]},{"damage_healed":0,"gold_gain":0,"player_choice":"Fight","damage_taken":0,"max_hp_gain":0,"max_hp_loss":0,"event_name":"Mysterious Sphere","floor":37,"gold_loss":0},{"damage_healed":0,"gold_gain":0,"player_choice":"Paid","damage_taken":0,"relics_obtained":["Red Mask"],"max_hp_gain":0,"max_hp_loss":0,"event_name":"Tomb of Lord Red Mask","floor":39,"gold_loss":0},{"damage_healed":0,"gold_gain":0,"player_choice":"Damaged","damage_taken":7,"max_hp_gain":0,"max_hp_loss":0,"event_name":"Wheel of Change","floor":41,"gold_loss":0}],"is_beta":true,"boss_relics":[{"not_picked":["Fusion Hammer","HoveringKite"],"picked":"Tiny House"},{"not_picked":["Orrery","Calling Bell"],"picked":"Cursed Key"}],"items_purged_floors":[5,28],"is_endless":false,"potions_floor_spawned":[7,10,12,22,27,36],"killed_by":"Reptomancer","ascension_level":20}