{"path_per_floor":["M","?","$","M","?","R","M","M","T","M","M","M","E","M","R","B",null,"M","?","T","$","M","R","E","$","T","?","E"],"character_chosen":"IRONCLAD","items_purchased":["Happy Flower","Pommel Strike","True Grit","Shrug It Off"],"gold_per_floor":[119,194,41,61,61,61,77,92,92,112,127,139,164,178,178,276,276,291,216,216,48,62,62,92,43,43,43,101],"floor_reached":29,"campfire_rested":1,"playtime":1791,"current_hp_per_floor":[72,61,61,57,57,57,52,58,58,63,69,67,63,62,62,7,72,35,35,35,35,25,46,7,7,7,31,21],"items_purged":["Strike_R"],"gold":101,"score":265,"play_id":"27b59882-0fe3-455d-bf3e-6050374b47d6","local_time":"20180306003324","is_prod":false,"is_daily":false,"is_ascension_mode":false,"campfire_upgraded":2,"timestamp":1520314404,"path_taken":["M","?","$","M","?","R","M","?","T","M","M","M","E","M","R","BOSS","M","?","?","$","M","R","E","$","T","?","E","M"],"build_version":"2018-03-01-PROD1","purchased_purges":1,"victory":false,"master_deck":["Strike_R","Defend_R","Defend_R","Defend_R","Bash","Fire Breathing+1","Dramatic Entrance","Bash","Flex","Whirlwind","Armaments+1","Juggernaut","Thunderclap+1","Body Slam+1","Limit Break+1","Pommel Strike","Pommel Strike","True Grit","Headbutt+1","Power Through","Shrug It Off","True Grit+1"],"max_hp_per_floor":[72,72,72,72,72,72,72,72,72,72,72,72,72,72,72,72,72,72,72,72,72,72,72,72,72,72,72,72],"relics":["Burning Blood","Happy Flower","Ginger","Ancient Tea Set","Astrolabe","Bird Faced Urn","Lantern","Gremlin Horn","Tiny Chest"],"card_choices":[{"not_picked":["Clash","Warcry"],"picked":"Flex"},{"not_picked":["Rampage","Carnage"],"picked":"Whirlwind"},{"not_picked":["Sword Boomerang","Feel No Pain"],"picked":"Armaments"},{"not_picked":["Bludgeon","Pummel"],"picked":"Armaments"},{"not_picked":["Brutality","Demon Form"],"picked":"Juggernaut"},{"not_picked":["Corruption","Anger"],"picked":"Pommel Strike"},{"not_picked":["Ghostly Armor","Perfected Strike"],"picked":"Headbutt"},{"not_picked":["Armaments","Flame Barrier"],"picked":"Power Through"},{"not_picked":["Cleave","Flex"],"picked":"True Grit"}],"player_experience":50651,"potions_floor_usage":[13,13,24,28,28,29],"damage_taken":[{"damage":6,"enemies":"2 Louse","floor":1,"turns":3},{"damage":10,"enemies":"Small Slimes","floor":4,"turns":3},{"damage":11,"enemies":"Jaw Worm","floor":7,"turns":3},{"damage":0,"enemies":"Large Slime","floor":8,"turns":5},{"damage":1,"enemies":"Gremlin Gang","floor":10,"turns":3},{"damage":0,"enemies":"Exordium Wildlife","floor":11,"turns":4},{"damage":8,"enemies":"Red Slaver","floor":12,"turns":4},{"damage":10,"enemies":"Gremlin Nob","floor":13,"turns":3},{"damage":7,"enemies":"Blue Slaver","floor":14,"turns":3},{"damage":61,"enemies":"The Guardian","floor":16,"turns":11},{"damage":43,"enemies":"Chosen","floor":18,"turns":7},{"damage":20,"enemies":"2 Thieves","floor":22,"turns":3},{"damage":62,"enemies":"Slavers","floor":24,"turns":7},{"damage":18,"enemies":"Book of Stabbing","floor":28,"turns":5},{"damage":28,"enemies":"Cultist and Chosen","floor":29,"turns":4}],"event_choices":[{"event_name":"World of Goop","player_choice":"Gather Gold","floor":2,"damage_taken":0},{"event_name":"Match and Keep!","player_choice":"2 cards matched","floor":5,"damage_taken":0},{"event_name":"Beggar","player_choice":"Gave Gold","floor":19,"damage_taken":0},{"event_name":"The Library","player_choice":"Heal","floor":27,"damage_taken":0}],"boss_relics":[{"not_picked":["Eternal Feather","Sozu"],"picked":"Astrolabe"}],"potions_floor_spawned":[7,8,12,13,18,28],"seed_played":"-9128441303471284770","killed_by":"Cultist and Chosen","ascension_level":0,"is_trial":false}