{"gold_per_floor":[210,35,48,64,77,94,124,147,182,194,238,250,273,301,313,429,441,463,492,514,526,555,567,606,618,657,669,701,492,506,605,605,605],"floor_reached":33,"playtime":2900,"items_purged":["Strike_R"],"score":297,"play_id":"c65fa00e-21f8-4d3f-baa6-b1611cad8b4c","local_time":"20190421125713","is_ascension_mode":true,"campfire_choices":[{"data":"Bash","floor":12.0,"key":"SMITH"},{"data":"Metallicize","floor":15.0,"key":"SMITH"},{"floor":23.0,"key":"REST"},{"floor":25.0,"key":"REST"},{"floor":27.0,"key":"REST"},{"floor":32,"key":"REST"}],"neow_cost":"NONE","seed_source_timestamp":0,"circlet_count":0,"master_deck":["Strike_R","Strike_R","Strike_R","Strike_R","Defend_R","Defend_R","Defend_R","Defend_R","Bash+1","Clothesline","Shrug It Off","Corruption+1","Metallicize+1","Fiend Fire","Pommel Strike","Flame Barrier","Ghostly Armor","Combust","Iron Wave","Limit Break","True Grit+1","Spot Weakness+1","Blood for Blood","Headbutt","Armaments","Shrug It Off","Shrug It Off"],"special_seed":0,"relics":["Burning Blood","Pen Nib","MawBank","Art of War","Dream Catcher","Fusion Hammer","Blood Vial","PreservedInsect","Orichalcum"],"potions_floor_usage":[],"damage_taken":[{"damage":6.0,"enemies":"Jaw Worm","floor":1.0,"turns":4.0},{"damage":4.0,"enemies":"Cultist","floor":3.0,"turns":3.0},{"damage":1.0,"enemies":"2 Louse","floor":4.0,"turns":4.0},{"damage":9.0,"enemies":"Blue Slaver","floor":5.0,"turns":6.0},{"damage":4.0,"enemies":"Looter","floor":6.0,"turns":4.0},{"damage":28.0,"enemies":"Gremlin Nob","floor":7.0,"turns":5.0},{"damage":0.0,"enemies":"3 Louse","floor":8.0,"turns":4.0},{"damage":21.0,"enemies":"Lagavulin","floor":11.0,"turns":9.0},{"damage":3.0,"enemies":"Exordium Thugs","floor":13.0,"turns":5.0},{"damage":17.0,"enemies":"Gremlin Gang","floor":14.0,"turns":9.0},{"damage":37.0,"enemies":"Hexaghost","floor":16.0,"turns":12.0},{"damage":9.0,"enemies":"Shell Parasite","floor":18.0,"turns":7.0},{"damage":14.0,"enemies":"3 Byrds","floor":19.0,"turns":4.0},{"damage":15.0,"enemies":"Centurion and Healer","floor":20.0,"turns":7.0},{"damage":16.0,"enemies":"Cultist and Chosen","floor":22.0,"turns":6.0},{"damage":50.0,"enemies":"Gremlin Leader","floor":24.0,"turns":6.0},{"damage":10.0,"enemies":"Snecko","floor":28.0,"turns":6.0},{"damage":26.0,"enemies":"Snake Plant","floor":30.0,"turns":5.0},{"damage":73,"enemies":"Automaton","floor":33,"turns":8}],"seed_played":"5160654322713919332","potions_obtained":[{"floor":3.0,"key":"SpeedPotion"},{"floor":4.0,"key":"EntropicBrew"},{"floor":6.0,"key":"SpeedPotion"},{"floor":7.0,"key":"AttackPotion"},{"floor":13.0,"key":"SteroidPotion"},{"floor":24.0,"key":"Block Potion"}],"is_trial":false,"path_per_floor":["M","$","M","M","M","M","E","M","T","?","E","R","M","M","R","B",null,"M","M","M","?","M","R","E","R","T","R","M","$","M","?","R","B"],"character_chosen":"IRONCLAD","items_purchased":["Shrug It Off","Pen Nib","Orichalcum"],"campfire_rested":4,"item_purchase_floors":[2,2,29],"current_hp_per_floor":[80,80,80,80,77,79,57,63,63,63,48,48,51,40,40,9,80,77,69,60,45,35,60,16,41,41,66,64,64,46,46,71,0],"gold":605,"neow_bonus":"HUNDRED_GOLD","is_prod":false,"is_daily":false,"chose_seed":false,"campfire_upgraded":2,"win_rate":0,"timestamp":1555831633,"path_taken":["M","$","M","M","M","M","E","M","T","?","E","R","M","M","R","BOSS","M","?","M","?","M","R","E","R","T","R","M","$","M","?","R","BOSS"],"build_version":"2019-01-23","purchased_purges":1,"victory":false,"max_hp_per_floor":[80,80,80,80,80,80,80,80,80,80,80,80,80,80,80,80,80,80,80,80,85,85,85,85,85,85,85,85,85,85,85,85,85],"card_choices":[{"not_picked":["Iron Wave","Thunderclap"],"picked":"Clothesline","floor":1.0},{"not_picked":["Armaments","Twin Strike"],"picked":"Corruption","floor":3.0},{"not_picked":["Inflame","Combust"],"picked":"Metallicize","floor":4.0},{"not_picked":["Wild Strike","Havoc"],"picked":"Fiend Fire","floor":5.0},{"not_picked":["Thunderclap","Body Slam","Clash"],"picked":"SKIP","floor":6.0},{"not_picked":["Body Slam","Inflame"],"picked":"Pommel Strike","floor":7.0},{"not_picked":["Clash","Twin Strike"],"picked":"Flame Barrier","floor":8.0},{"not_picked":["Battle Trance","Exhume"],"picked":"Ghostly Armor","floor":11.0},{"not_picked":["Body Slam","Clash"],"picked":"Combust","floor":13.0},{"not_picked":["Searing Blow","Fire Breathing"],"picked":"Iron Wave","floor":14.0},{"not_picked":["Exhume","Dark Embrace"],"picked":"Limit Break","floor":16.0},{"not_picked":["Reckless Charge","Havoc+1","Wild Strike"],"picked":"SKIP","floor":18.0},{"not_picked":["Hemokinesis","Thunderclap+1"],"picked":"True Grit+1","floor":19.0},{"not_picked":["Havoc+1","Anger"],"picked":"Spot Weakness+1","floor":20.0},{"not_picked":["Sword Boomerang+1","Flex"],"picked":"Blood for Blood","floor":22.0},{"not_picked":["Searing Blow","Clothesline+1"],"picked":"Headbutt","floor":23.0},{"not_picked":["Dropkick+1","Bludgeon","Flex"],"picked":"SKIP","floor":24.0},{"not_picked":["Bloodletting","Pommel Strike"],"picked":"Armaments","floor":25.0},{"not_picked":["True Grit","Hemokinesis","Dropkick"],"picked":"SKIP","floor":28.0},{"not_picked":["Flame Barrier","Warcry"],"picked":"Shrug It Off","floor":30},{"not_picked":["Cleave+1","Pummel"],"picked":"Shrug It Off","floor":32}],"player_experience":93693,"relics_obtained":[{"floor":7.0,"key":"MawBank"},{"floor":9.0,"key":"Art of War"},{"floor":11.0,"key":"Dream Catcher"},{"floor":24.0,"key":"Blood Vial"},{"floor":26.0,"key":"PreservedInsect"}],"event_choices":[{"damage_healed":0.0,"max_hp_gain":0.0,"max_hp_loss":0.0,"gold_gain":0.0,"event_name":"Upgrade Shrine","player_choice":"Upgraded","floor":10.0,"gold_loss":0.0,"damage_taken":0.0,"cards_upgraded":["Corruption"]},{"damage_healed":0.0,"max_hp_gain":5.0,"max_hp_loss":0.0,"gold_gain":0.0,"event_name":"Forgotten Altar","player_choice":"Shed Blood","floor":21.0,"gold_loss":0.0,"damage_taken":20.0},{"damage_healed":0,"gold_gain":99,"player_choice":"Stole From Cult","damage_taken":0,"max_hp_gain":0,"max_hp_loss":0,"event_name":"Nest","floor":31,"gold_loss":0}],"is_beta":false,"boss_relics":[{"not_picked":["Eternal Feather","Runic Pyramid"],"picked":"Fusion Hammer"}],"items_purged_floors":[29],"is_endless":false,"potions_floor_spawned":[3,4,6,7,13,19,24,30],"killed_by":"Automaton","ascension_level":1}