{"gold_per_floor":[363,363,120,80,149,182,182,182,229,229,245,259,334,365,365,468,468,485,509,73,73,99,134,134,147,147,147,177,188,214,214,214,309,309,326,326,346,363,377,377,407,407,407,453,465,494,506,478,490,502],"floor_reached":51,"playtime":1672,"items_purged":["Clumsy","Defend_R"],"score":867,"play_id":"60d99b62-480b-45b6-afd4-cdf1d6cb8585","local_time":"20190423132740","is_ascension_mode":false,"campfire_choices":[{"data":"Perfected Strike","floor":8,"key":"SMITH"},{"data":"Bash","floor":10,"key":"SMITH"},{"data":"Armaments","floor":15,"key":"SMITH"},{"data":"Shockwave","floor":24,"key":"SMITH"},{"data":"Immolate","floor":27,"key":"SMITH"},{"data":"Flame Barrier","floor":32,"key":"SMITH"},{"data":"Demon Form","floor":40,"key":"SMITH"},{"data":"Inflame","floor":42,"key":"SMITH"},{"data":"Spot Weakness","floor":47,"key":"SMITH"},{"data":"Defend_R","floor":49,"key":"SMITH"}],"neow_cost":"CURSE","seed_source_timestamp":959145938504700,"circlet_count":0,"master_deck":["Strike_R","Strike_R","Strike_R","Strike_R","Strike_R","Defend_R+1","Defend_R","Perfected Strike+1","Wild Strike","Armaments+1","Uppercut+1","Flame Barrier+1","Inflame+1","Spot Weakness+1","Twin Strike","Shockwave+1","Immolate+1","Uppercut+1","Feel No Pain+1","Perfected Strike+1","Exhume","Cleave+1","Demon Form+1","Headbutt","Metallicize+1","Iron Wave+1","Pommel Strike+1","Headbutt+1"],"relics":["Burning Blood","WingedGreaves","Potion Belt","Thread and Needle","Snecko Eye","Orichalcum","Kunai","Bag of Marbles","Bottled Lightning","Darkstone Periapt","Ancient Tea Set","Velvet Choker","Happy Flower","MawBank","Centennial Puzzle"],"potions_floor_usage":[6,28,44,50,50,50],"damage_taken":[{"damage":8,"enemies":"Jaw Worm","floor":1,"turns":4},{"damage":22,"enemies":"3 Sentries","floor":6,"turns":6},{"damage":0,"enemies":"Cultist","floor":11,"turns":2},{"damage":0,"enemies":"Small Slimes","floor":12,"turns":3},{"damage":22,"enemies":"Lagavulin","floor":14,"turns":7},{"damage":32,"enemies":"The Guardian","floor":16,"turns":11},{"damage":13,"enemies":"2 Thieves","floor":18,"turns":2},{"damage":10,"enemies":"Slavers","floor":23,"turns":3},{"damage":0,"enemies":"Shell Parasite","floor":25,"turns":4},{"damage":2,"enemies":"Book of Stabbing","floor":28,"turns":3},{"damage":0,"enemies":"Snecko","floor":29,"turns":2},{"damage":0,"enemies":"Gremlin Leader","floor":30,"turns":3},{"damage":41,"enemies":"Champ","floor":33,"turns":8},{"damage":0,"enemies":"3 Darklings","floor":35,"turns":3},{"damage":0,"enemies":"Orb Walker","floor":37,"turns":3},{"damage":0,"enemies":"Maw","floor":38,"turns":6},{"damage":0,"enemies":"4 Shapes","floor":39,"turns":6},{"damage":20,"enemies":"Giant Head","floor":41,"turns":7},{"damage":0,"enemies":"Nemesis","floor":44,"turns":3},{"damage":0,"enemies":"3 Darklings","floor":46,"turns":2},{"damage":7,"enemies":"Time Eater","floor":50,"turns":5}],"seed_played":"8147679188380095592","potions_obtained":[{"floor":1,"key":"SteroidPotion"},{"floor":11,"key":"EssenceOfSteel"},{"floor":14,"key":"Ancient Potion"},{"floor":18,"key":"Energy Potion"},{"floor":28,"key":"Fire Potion"},{"floor":29,"key":"Fire Potion"},{"floor":33,"key":"Block Potion"},{"floor":44,"key":"PowerPotion"},{"floor":46,"key":"Swift Potion"}],"is_trial":false,"path_per_floor":["M","?","$","$","?","E","?","R","T","R","M","M","?","E","R","B",null,"M","T","$","?","T","E","R","M","T","R","E","M","E","?","R","B",null,"M","?","M","M","M","R","E","R","T","E","?","M","R","?","R","B",null],"character_chosen":"IRONCLAD","items_purchased":["Armaments","Uppercut","Flame Barrier","Inflame","Feel No Pain","Kunai"],"campfire_rested":0,"item_purchase_floors":[3,3,3,4,20,20],"current_hp_per_floor":[78,78,78,78,78,62,62,62,62,62,68,74,66,50,50,24,80,73,73,73,58,58,54,54,60,60,60,64,70,76,76,76,41,85,85,85,85,85,85,85,71,71,71,77,77,83,83,83,83,82],"gold":514,"neow_bonus":"TWO_FIFTY_GOLD","is_prod":false,"is_daily":false,"chose_seed":false,"campfire_upgraded":10,"win_rate":1,"timestamp":1556051260,"path_taken":["M","?","?","$","?","E","?","R","T","R","M","?","?","E","R","BOSS","M","?","$","?","?","E","R","?","T","R","E","M","E","?","R","BOSS","M","?","M","?","M","R","E","R","T","E","?","M","R","?","R","BOSS"],"build_version":"2019-01-23","purchased_purges":2,"victory":true,"max_hp_per_floor":[80,80,80,80,80,80,80,80,80,80,80,80,80,80,80,80,80,80,80,80,85,85,85,85,85,85,85,85,85,85,85,85,85,85,85,85,85,85,85,85,85,85,85,85,85,85,85,85,85,85],"card_choices":[{"not_picked":["Dual Wield","Headbutt"],"picked":"Perfected Strike","floor":1},{"not_picked":["Armaments","Fire Breathing"],"picked":"Spot Weakness","floor":6},{"not_picked":["Ghostly Armor","Heavy Blade"],"picked":"Twin Strike","floor":11},{"not_picked":["Searing Blow","Flex","Clash"],"picked":"SKIP","floor":12},{"not_picked":["Sword Boomerang","Carnage"],"picked":"Shockwave","floor":14},{"not_picked":["Offering","Impervious"],"picked":"Immolate","floor":16},{"not_picked":["Pommel Strike","Battle Trance"],"picked":"Uppercut+1","floor":18},{"not_picked":["Body Slam","Armaments"],"picked":"Perfected Strike+1","floor":23},{"not_picked":["Armaments","Infernal Blade","Twin Strike"],"picked":"SKIP","floor":25},{"not_picked":["Wild Strike+1","Pommel Strike+1"],"picked":"Exhume","floor":28},{"not_picked":["Perfected Strike","Body Slam","Cleave+1"],"picked":"SKIP","floor":29},{"not_picked":["Perfected Strike","Body Slam"],"picked":"Cleave+1","floor":29},{"not_picked":["Iron Wave","Havoc","Entrench"],"picked":"SKIP","floor":30},{"not_picked":["Reaper","Bludgeon"],"picked":"Demon Form","floor":33},{"not_picked":["Bloodletting","Fire Breathing+1"],"picked":"Headbutt","floor":35},{"not_picked":["Seeing Red+1","Inflame"],"picked":"Metallicize+1","floor":37},{"not_picked":["Clothesline","Twin Strike+1"],"picked":"Iron Wave+1","floor":38},{"not_picked":["Iron Wave","Berserk"],"picked":"Pommel Strike+1","floor":39},{"not_picked":["Sword Boomerang+1","Infernal Blade","Sever Soul"],"picked":"SKIP","floor":41},{"not_picked":["Twin Strike","Pummel+1"],"picked":"Headbutt","floor":44},{"not_picked":["Pummel","Sword Boomerang+1","Twin Strike"],"picked":"SKIP","floor":46}],"player_experience":536277,"relics_obtained":[{"floor":6,"key":"WingedGreaves"},{"floor":9,"key":"Potion Belt"},{"floor":14,"key":"Thread and Needle"},{"floor":19,"key":"Orichalcum"},{"floor":22,"key":"Bag of Marbles"},{"floor":26,"key":"Bottled Lightning"},{"floor":28,"key":"Darkstone Periapt"},{"floor":30,"key":"Ancient Tea Set"},{"floor":41,"key":"Happy Flower"},{"floor":43,"key":"MawBank"},{"floor":44,"key":"Centennial Puzzle"}],"event_choices":[{"damage_healed":0,"gold_gain":0,"cards_transformed":["Defend_R"],"player_choice":"Transformed","damage_taken":0,"max_hp_gain":0,"max_hp_loss":0,"event_name":"Transmorgrifier","floor":2,"gold_loss":0,"cards_obtained":["Wild Strike"]},{"damage_healed":0,"gold_gain":69,"player_choice":"Gained Gold","damage_taken":0,"max_hp_gain":0,"max_hp_loss":0,"event_name":"Golden Wing","floor":5,"gold_loss":0},{"damage_healed":0,"gold_gain":0,"player_choice":"Upgraded","damage_taken":0,"max_hp_gain":0,"max_hp_loss":0,"event_name":"Upgrade Shrine","floor":7,"gold_loss":0,"cards_upgraded":["Uppercut"]},{"damage_healed":0,"gold_gain":75,"player_choice":"Touch","damage_taken":8,"max_hp_gain":0,"max_hp_loss":0,"event_name":"FaceTrader","floor":13,"gold_loss":0},{"damage_healed":0,"gold_gain":0,"player_choice":"Shed Blood","damage_taken":20,"max_hp_gain":5,"max_hp_loss":0,"event_name":"Forgotten Altar","floor":21,"gold_loss":0},{"damage_healed":0,"gold_gain":0,"player_choice":"Ignored","damage_taken":0,"max_hp_gain":0,"max_hp_loss":0,"event_name":"Beggar","floor":31,"gold_loss":0},{"damage_healed":0,"gold_gain":0,"player_choice":"Ignored","damage_taken":0,"max_hp_gain":0,"max_hp_loss":0,"event_name":"NoteForYourself","floor":36,"gold_loss":0},{"cards_removed":["Bash"],"damage_healed":0,"gold_gain":0,"player_choice":"Removed Attack","damage_taken":0,"max_hp_gain":0,"max_hp_loss":0,"event_name":"Falling","floor":45,"gold_loss":0},{"damage_healed":0,"gold_gain":0,"player_choice":"Upgraded Two","damage_taken":0,"max_hp_gain":0,"max_hp_loss":0,"event_name":"Designer","floor":48,"gold_loss":40,"cards_upgraded":["Headbutt","Feel No Pain"]}],"is_beta":false,"boss_relics":[{"not_picked":["Coffee Dripper","Cursed Key"],"picked":"Snecko Eye"},{"not_picked":["White Beast Statue","Runic Cube"],"picked":"Velvet Choker"}],"items_purged_floors":[3,20],"is_endless":false,"potions_floor_spawned":[1,11,14,18,28,29,33,38,44,46],"ascension_level":0}