{"gold_per_floor":[369,444,44,56,75,75,103,123,123,123,182,20,20,20,20,96,146,165,178,178,228,246,246,246,246,246,246,30,40,40,52,52,127,127,127],"floor_reached":35,"playtime":1206,"items_purged":["Normality"],"score":726,"play_id":"9baa32f8-49fd-4583-b5ad-9c38564abffb","local_time":"20190218021451","is_ascension_mode":true,"campfire_choices":[{"data":"Coolheaded","floor":6.0,"key":"SMITH"},{"floor":10.0,"key":"REST"},{"floor":15.0,"key":"REST"},{"data":"Reboot","floor":23.0,"key":"SMITH"},{"data":"Master of Strategy","floor":25.0,"key":"SMITH"},{"data":"Coolheaded","floor":27.0,"key":"SMITH"},{"floor":32,"key":"REST"}],"neow_cost":"CURSE","seed_source_timestamp":1993582507067405,"circlet_count":0,"master_deck":["AscendersBane","Strike_B+1","Strike_B+1","Strike_B+1","Strike_B+1","Defend_B+1","Defend_B+1","Defend_B+1","Defend_B+1","Zap","Dualcast","Flash of Steel","Gash","Master of Strategy+1","Coolheaded+1","Coolheaded+1","Gash","Gash","Steam","Parasite","Reboot+1","Cold Snap","FTL","Conserve Battery","FTL","Capacitor+1","Seek"],"special_seed":0,"relics":["Cracked Core","Shuriken","Cables","Tiny Chest","Tiny House","Frozen Egg 2","Sozu"],"potions_floor_usage":[31,33],"damage_taken":[{"damage":3.0,"enemies":"Small Slimes","floor":1.0,"turns":3.0},{"damage":0.0,"enemies":"2 Louse","floor":4.0,"turns":2.0},{"damage":7.0,"enemies":"Jaw Worm","floor":5.0,"turns":2.0},{"damage":31.0,"enemies":"Lagavulin","floor":7.0,"turns":8.0},{"damage":9.0,"enemies":"Exordium Thugs","floor":8.0,"turns":3.0},{"damage":9.0,"enemies":"Gremlin Nob","floor":11.0,"turns":3.0},{"damage":4.0,"enemies":"The Guardian","floor":16.0,"turns":12.0},{"damage":27.0,"enemies":"Shell Parasite","floor":18.0,"turns":7.0},{"damage":0.0,"enemies":"Spheric Guardian","floor":19.0,"turns":3.0},{"damage":2.0,"enemies":"3 Cultists","floor":22.0,"turns":6.0},{"damage":23,"enemies":"Shelled Parasite and Fungi","floor":29,"turns":7},{"damage":8,"enemies":"Snake Plant","floor":31,"turns":6},{"damage":20,"enemies":"Champ","floor":33,"turns":15},{"damage":0,"enemies":"3 Darklings","floor":35,"turns":1}],"seed_played":"-5623347261864158361","potions_obtained":[{"floor":4.0,"key":"SteroidPotion"},{"floor":11.0,"key":"SkillPotion"},{"floor":19.0,"key":"FocusPotion"}],"is_trial":false,"path_per_floor":["M","?","$","M","M","R","E","M","T","R","E","$","?","$","R","B",null,"M","M","?","?","M","R","?","R","T","R","$","M","?","M","R","B",null,"M"],"character_chosen":"DEFECT","items_purchased":["Flash of Steel","Gash","Master of Strategy","Gash","Steam","SteroidPotion","FTL","Conserve Battery","FocusPotion"],"campfire_rested":3,"item_purchase_floors":[3,3,3,12,12,12,28,28,28],"current_hp_per_floor":[61,50,50,50,43,43,12,3,3,24,15,15,32,32,53,49,71,44,44,44,37,35,35,35,35,35,35,35,12,12,4,26,6,59,59],"gold":127,"neow_bonus":"TWO_FIFTY_GOLD","is_prod":false,"is_daily":false,"chose_seed":false,"campfire_upgraded":4,"win_rate":0,"timestamp":1550484891,"path_taken":["M","?","$","M","M","R","E","M","T","R","E","$","?","?","R","BOSS","M","M","?","?","?","R","?","R","T","R","$","M","?","?","R","BOSS","M"],"build_version":"2019-02-06","purchased_purges":1,"victory":false,"max_hp_per_floor":[71,71,71,71,71,71,71,71,71,71,71,71,71,71,71,71,76,76,76,76,76,76,76,76,76,76,76,76,76,76,76,76,76,76,76],"card_choices":[{"not_picked":["Compile Driver","Rebound","Turbo"],"picked":"SKIP","floor":1.0},{"not_picked":["Stack","Turbo","Loop"],"picked":"SKIP","floor":4.0},{"not_picked":["Auto Shields","Blizzard"],"picked":"Coolheaded","floor":5.0},{"not_picked":["Consume","Melter","Force Field"],"picked":"SKIP","floor":7.0},{"not_picked":["Lockon","Chaos"],"picked":"Coolheaded","floor":8.0},{"not_picked":["Thunder Strike","Blizzard"],"picked":"Gash","floor":11.0},{"not_picked":["Core Surge","Creative AI"],"picked":"Reboot","floor":16.0},{"not_picked":["Barrage","Redo"],"picked":"Cold Snap","floor":18.0},{"not_picked":["Sweeping Beam","Stack","Redo"],"picked":"SKIP","floor":19.0},{"not_picked":["Cold Snap+1","Thunder Strike","Sweeping Beam+1"],"picked":"SKIP","floor":22.0},{"not_picked":["Self Repair+1","Undo"],"picked":"FTL","floor":29},{"not_picked":["Sweeping Beam","Turbo"],"picked":"Capacitor+1","floor":31},{"not_picked":["Core Surge","Rainbow"],"picked":"Seek","floor":33}],"player_experience":1202867,"relics_obtained":[{"floor":7.0,"key":"Shuriken"},{"floor":9.0,"key":"Cables"},{"floor":11.0,"key":"Tiny Chest"},{"floor":26.0,"key":"Frozen Egg 2"}],"event_choices":[{"damage_healed":0.0,"max_hp_gain":0.0,"max_hp_loss":0.0,"gold_gain":75.0,"event_name":"World of Goop","player_choice":"Gather Gold","floor":2.0,"gold_loss":0.0,"damage_taken":11.0},{"damage_healed":17.0,"max_hp_gain":0.0,"max_hp_loss":0.0,"gold_gain":0.0,"event_name":"Mushrooms","player_choice":"Healed and dodged fight","floor":13.0,"gold_loss":0.0,"damage_taken":0.0,"cards_obtained":["Parasite"]},{"damage_healed":0.0,"max_hp_gain":0.0,"max_hp_loss":0.0,"gold_gain":0.0,"event_name":"Back to Basics","player_choice":"Simplicity","floor":20.0,"gold_loss":0.0,"damage_taken":0.0,"cards_upgraded":["Strike_B","Strike_B","Strike_B","Defend_B","Defend_B","Defend_B","Defend_B"]},{"damage_healed":0.0,"max_hp_gain":0.0,"max_hp_loss":0.0,"gold_gain":50.0,"event_name":"FaceTrader","player_choice":"Touch","floor":21.0,"gold_loss":0.0,"damage_taken":7.0},{"damage_healed":0.0,"max_hp_gain":0.0,"max_hp_loss":0.0,"gold_gain":0.0,"event_name":"The Mausoleum","player_choice":"Ignored","floor":24.0,"gold_loss":0.0,"damage_taken":0.0},{"damage_healed":0,"gold_gain":0,"player_choice":"Got Potions","damage_taken":0,"max_hp_gain":0,"max_hp_loss":0,"event_name":"Lab","floor":30,"gold_loss":0}],"is_beta":true,"boss_relics":[{"not_picked":["Black Star","Lizard Tail"],"picked":"Tiny House"},{"not_picked":["Velvet Choker","Runic Pyramid"],"picked":"Sozu"}],"items_purged_floors":[3],"is_endless":false,"potions_floor_spawned":[4,11,19],"killed_by":"3 Darklings","ascension_level":20}