{"gold_per_floor":[113,60,135,135,151,151,166,166,191,206,218,218,218,232,232,331,331,346,1,1,126,145,145,188,203,203,228,228,153,234,248,248,248],"floor_reached":33,"playtime":2176,"items_purged":[],"score":463,"play_id":"ad214e6b-0e02-4bea-9c8c-7c86c21c627d","local_time":"20190422142904","is_ascension_mode":true,"campfire_choices":[{"data":"Bash","floor":6,"key":"SMITH"},{"data":"Pommel Strike","floor":8,"key":"SMITH"},{"data":"Iron Wave","floor":13,"key":"SMITH"},{"data":"Shrug It Off","floor":15,"key":"SMITH"},{"data":"Shame","floor":23,"key":"PURGE"},{"data":"Clumsy","floor":28,"key":"PURGE"},{"data":"Clumsy","floor":32,"key":"PURGE"}],"neow_cost":"PERCENT_DAMAGE","seed_source_timestamp":839552347164900,"circlet_count":0,"master_deck":["AscendersBane","Strike_R","Strike_R","Strike_R","Strike_R","Defend_R","Defend_R","Defend_R","Defend_R","Bash+1","Shrug It Off","Pommel Strike+1","Iron Wave+1","Ghostly Armor","Headbutt","Shrug It Off+1","Reaper","Metallicize+1","Armaments","Limit Break"],"relics":["Burning Blood","FossilizedHelix","Paper Frog","Anchor","Golden Idol","Cursed Key","Thread and Needle","Mercury Hourglass","Peace Pipe","Molten Egg 2","Bag of Preparation","Art of War","Pantograph"],"potions_floor_usage":[16,16,18,27,33,33],"damage_taken":[{"damage":0,"enemies":"2 Louse","floor":1,"turns":3},{"damage":0,"enemies":"Cultist","floor":5,"turns":4},{"damage":0,"enemies":"Jaw Worm","floor":7,"turns":3},{"damage":10,"enemies":"Large Slime","floor":10,"turns":8},{"damage":0,"enemies":"Blue Slaver","floor":11,"turns":4},{"damage":0,"enemies":"3 Louse","floor":14,"turns":4},{"damage":24,"enemies":"The Guardian","floor":16,"turns":14},{"damage":17,"enemies":"Spheric Guardian","floor":18,"turns":14},{"damage":0,"enemies":"Colosseum Slavers","floor":21,"turns":6},{"damage":0,"enemies":"Colosseum Nobs","floor":21,"turns":8},{"damage":0,"enemies":"Chosen","floor":22,"turns":5},{"damage":10,"enemies":"Slavers","floor":24,"turns":10},{"damage":0,"enemies":"Snake Plant","floor":25,"turns":5},{"damage":0,"enemies":"Shelled Parasite and Fungi","floor":27,"turns":6},{"damage":9,"enemies":"3 Cultists","floor":31,"turns":7},{"damage":104,"enemies":"Collector","floor":33,"turns":16}],"seed_played":"481759102577512008","potions_obtained":[{"floor":5,"key":"Fire Potion"},{"floor":7,"key":"FearPotion"},{"floor":16,"key":"SpeedPotion"},{"floor":22,"key":"Regen Potion"},{"floor":25,"key":"Block Potion"},{"floor":27,"key":"BloodPotion"},{"floor":31,"key":"GamblersBrew"}],"is_trial":false,"path_per_floor":["M","$","?","?","M","R","M","R","T","M","M","?","R","M","R","B",null,"M","$","?","?","M","R","E","M","T","M","R","?","T","M","R","B"],"character_chosen":"IRONCLAD","items_purchased":["Shrug It Off","Thread and Needle","Armaments"],"campfire_rested":0,"item_purchase_floors":[2,19,19],"current_hp_per_floor":[56,56,45,45,51,51,57,57,57,53,59,33,33,39,39,21,62,58,58,58,75,75,75,75,75,75,75,75,75,75,75,75,0],"gold":248,"neow_bonus":"ONE_RARE_RELIC","is_prod":false,"is_daily":false,"chose_seed":false,"campfire_upgraded":4,"win_rate":0,"timestamp":1555936144,"path_taken":["M","$","?","?","M","R","M","R","T","M","?","?","R","M","R","BOSS","M","$","?","?","M","R","E","M","T","M","R","?","?","M","R","BOSS"],"build_version":"2019-01-23","purchased_purges":0,"victory":false,"max_hp_per_floor":[75,75,75,75,75,75,75,75,75,75,75,75,75,75,75,75,75,75,75,75,75,75,75,75,75,75,75,75,75,75,75,75,75],"card_choices":[{"not_picked":["Clothesline","Rage"],"picked":"Armaments","floor":1},{"not_picked":["Iron Wave","Armaments"],"picked":"Pommel Strike","floor":5},{"not_picked":["Warcry","Fire Breathing"],"picked":"Iron Wave","floor":7},{"not_picked":["Shrug It Off","Warcry"],"picked":"Ghostly Armor","floor":10},{"not_picked":["Brutality","Bloodletting"],"picked":"Headbutt","floor":11},{"not_picked":["Havoc","Thunderclap"],"picked":"Shrug It Off","floor":14},{"not_picked":["Dark Embrace","Immolate"],"picked":"Reaper","floor":16},{"not_picked":["Iron Wave","Clothesline"],"picked":"Metallicize+1","floor":18},{"not_picked":["Rupture","Havoc","Headbutt+1"],"picked":"SKIP","floor":22},{"not_picked":["Twin Strike+1","Second Wind"],"picked":"Limit Break","floor":24},{"not_picked":["Combust","Headbutt+1","Twin Strike+1"],"picked":"SKIP","floor":25},{"not_picked":["Cleave+1","Thunderclap+1","Headbutt+1"],"picked":"SKIP","floor":27},{"not_picked":["Clash+1","Sever Soul+1","Wild Strike+1"],"picked":"SKIP","floor":31}],"player_experience":276225,"relics_obtained":[{"floor":9,"key":"Anchor"},{"floor":21,"key":"Peace Pipe"},{"floor":21,"key":"Molten Egg 2"},{"floor":24,"key":"Bag of Preparation"},{"floor":26,"key":"Art of War"},{"floor":30,"key":"Pantograph"}],"event_choices":[{"damage_healed":0,"gold_gain":75,"player_choice":"Gather Gold","damage_taken":11,"max_hp_gain":0,"max_hp_loss":0,"event_name":"World of Goop","floor":3,"gold_loss":0},{"cards_removed":["Armaments"],"damage_healed":0,"gold_gain":0,"player_choice":"Gave Card","damage_taken":0,"relics_obtained":["Paper Frog"],"max_hp_gain":0,"max_hp_loss":0,"event_name":"WeMeetAgain","floor":4,"gold_loss":0},{"damage_healed":0,"gold_gain":0,"player_choice":"Take Damage","damage_taken":26,"relics_obtained":["Golden Idol"],"max_hp_gain":0,"max_hp_loss":0,"event_name":"Golden Idol","floor":12,"gold_loss":0},{"damage_healed":0,"gold_gain":0,"player_choice":"Stole Relic","damage_taken":0,"relics_obtained":["Mercury Hourglass"],"max_hp_gain":0,"max_hp_loss":0,"event_name":"Addict","floor":20,"gold_loss":0,"cards_obtained":["Shame"]},{"damage_healed":0,"gold_gain":0,"player_choice":"Fight","damage_taken":0,"max_hp_gain":0,"max_hp_loss":0,"event_name":"Colosseum","floor":21,"gold_loss":0},{"damage_healed":0,"gold_gain":0,"player_choice":"Fought Nobs","damage_taken":0,"max_hp_gain":0,"max_hp_loss":0,"event_name":"Colosseum","floor":21,"gold_loss":0},{"cards_removed":["Strike_R"],"damage_healed":0,"gold_gain":0,"player_choice":"Gave Gold","damage_taken":0,"max_hp_gain":0,"max_hp_loss":0,"event_name":"Beggar","floor":29,"gold_loss":75}],"is_beta":false,"boss_relics":[{"not_picked":["Tiny House","Runic Cube"],"picked":"Cursed Key"}],"items_purged_floors":[],"is_endless":false,"potions_floor_spawned":[5,7,16,22,25,27,31],"killed_by":"Collector","ascension_level":16}