{"path_per_floor":["M","?","?","M","M","E","M","?","T","$","R","M","M","M","R","B",null,"M","M","?","M","T","R","E","$","T","R","M","R","M","M","R","B",null,"M","M","?","M","M","R","E","R","T","?","M","M","E","$","R","B"],"character_chosen":"THE_SILENT","items_purchased":["Prepared","Bandage Up","Paper Crane","Calipers"],"gold_per_floor":[116,116,116,130,143,187,206,206,283,185,185,210,230,246,246,376,376,400,416,416,431,458,458,491,42,42,42,61,61,79,98,98,197,197,208,223,223,240,254,254,289,289,289,289,307,318,351,39,39,39],"floor_reached":51,"campfire_rested":5,"playtime":7254,"current_hp_per_floor":[70,53,41,40,40,18,13,13,13,13,13,13,11,6,31,3,84,77,57,57,40,45,45,21,21,21,46,43,43,46,56,56,36,84,68,68,68,29,23,48,44,69,69,69,76,49,66,66,84,81],"items_purged":["Strike_G","Strike_G"],"gold":39,"play_id":"22f525a1-03e7-47c2-9a66-c1f7d528e824","is_prod":false,"is_daily":false,"is_ascension_mode":false,"campfire_upgraded":4,"path_taken":["M","?","?","M","M","E","M","?","T","$","R","?","M","M","R","BOSS","M","M","?","M","?","R","E","$","T","R","M","R","?","M","R","BOSS","M","?","?","M","?","R","E","R","T","?","M","M","E","$","R","BOSS"],"build_version":"2018-01-25-PROD3","purchased_purges":2,"victory":true,"master_deck":["Defend_G","Defend_G","Defend_G","Strike_G","Strike_G","Survivor","Neutralize+1","Prepared+1","Backflip","Heel Hook","Riddle With Holes","Prepared+1","Flying Knee","Flying Knee","Slice","Unload","Sucker Punch+1","Leg Sweep","Backflip","Acrobatics+1","Bandage Up+1","Quick Slash+1","Riddle With Holes+1","All Out Attack+1","Tools of the Trade","Outmaneuver+1","Finisher","Backflip+1","Prepared+1","Leg Sweep+1","Reflex+1"],"max_hp_per_floor":[70,70,70,70,70,84,84,84,84,84,84,84,84,84,84,84,84,84,84,84,84,84,84,84,84,84,84,84,84,84,84,84,84,84,84,84,84,84,84,84,84,84,84,84,84,84,84,84,84,84],"relics":["Ring of the Snake","Bloody Idol","Shuriken","Mango","Mummified Hand","Question Card","Bag of Preparation","Kunai","Paper Crane","Vajra","Velvet Choker","Darkstone Periapt","Torii","Matryoshka","Calipers"],"card_choices":[{"not_picked":["Dodge and Roll","Dash"],"picked":"Prepared"},{"not_picked":["Flechettes","Quick Slash"],"picked":"Backflip"},{"not_picked":["Bullet Time","Acrobatics"],"picked":"Heel Hook"},{"not_picked":["Escape Plan","Riddle With Holes"],"picked":"Flying Knee"},{"not_picked":["Slice","Bane"],"picked":"Flying Knee"},{"not_picked":["Outmaneuver","Underhanded Strike"],"picked":"Slice"},{"not_picked":["Venomology","Burst"],"picked":"Unload"},{"not_picked":["Choke","Heel Hook","Leg Sweep"],"picked":"Sucker Punch"},{"not_picked":["PiercingWail","Crippling Poison","Bane"],"picked":"Leg Sweep"},{"not_picked":["Poisoned Stab","Deadly Poison","Deflect"],"picked":"Backflip"},{"not_picked":["Prepared","PiercingWail","Catalyst"],"picked":"Acrobatics"},{"not_picked":["PiercingWail","Dagger Throw","Terror"],"picked":"Quick Slash"},{"not_picked":["Dagger Throw","Flying Knee","Escape Plan"],"picked":"Riddle With Holes"},{"not_picked":["Underhanded Strike","Dash","Malaise"],"picked":"All Out Attack"},{"not_picked":["Burst","After Image","Wraith Form"],"picked":"Tools of the Trade"},{"not_picked":["Crippling Poison","Dagger Spray","Dodge and Roll"],"picked":"Outmaneuver"},{"not_picked":["Dodge and Roll","Corpse Explosion","Dagger Spray"],"picked":"Finisher"},{"not_picked":["Prepared","Acrobatics","Choke"],"picked":"Backflip"},{"not_picked":["Bane","Dodge and Roll","Dagger Spray"],"picked":"Prepared"},{"not_picked":["Bane","Dash","Backflip"],"picked":"Leg Sweep"},{"not_picked":["Masterful Stab","Endless Agony","Terror"],"picked":"Reflex"}],"player_experience":32329,"potions_floor_usage":[46,47,50],"damage_taken":[{"damage":0.0,"enemies":"2 Louse","floor":1.0,"turns":4.0},{"damage":1.0,"enemies":"Cultist","floor":4.0,"turns":5.0},{"damage":0.0,"enemies":"Small Slimes","floor":5.0,"turns":3.0},{"damage":36.0,"enemies":"Gremlin Nob","floor":6.0,"turns":7.0},{"damage":5.0,"enemies":"2 Fungi Beasts","floor":7.0,"turns":3.0},{"damage":0.0,"enemies":"Red Slaver","floor":12.0,"turns":3.0},{"damage":2.0,"enemies":"Large Slime","floor":13.0,"turns":5.0},{"damage":5.0,"enemies":"Exordium Thugs","floor":14.0,"turns":4.0},{"damage":28.0,"enemies":"The Guardian","floor":16.0,"turns":9.0},{"damage":7.0,"enemies":"3 Byrds","floor":18.0,"turns":5.0},{"damage":20.0,"enemies":"2 Thieves","floor":19.0,"turns":4.0},{"damage":22.0,"enemies":"Snecko","floor":21.0,"turns":7.0},{"damage":29.0,"enemies":"Book of Stabbing","floor":24.0,"turns":7.0},{"damage":12.0,"enemies":"Chosen and Byrds","floor":28.0,"turns":6.0},{"damage":8.0,"enemies":"3 Cultists","floor":30.0,"turns":5.0},{"damage":1.0,"enemies":"Snecko","floor":31.0,"turns":5.0},{"damage":31.0,"enemies":"Champ","floor":33.0,"turns":9.0},{"damage":27.0,"enemies":"3 Shapes","floor":35.0,"turns":5.0},{"damage":11.0,"enemies":"3 Darklings","floor":36.0,"turns":4.0},{"damage":50.0,"enemies":"4 Shapes","floor":38.0,"turns":11.0},{"damage":17.0,"enemies":"Maw","floor":39.0,"turns":8.0},{"damage":15.0,"enemies":"Giant Head","floor":41.0,"turns":9.0},{"damage":4,"enemies":"3 Darklings","floor":45,"turns":5},{"damage":47,"enemies":"Sphere and 2 Shapes","floor":46,"turns":6},{"damage":9,"enemies":"Nemesis","floor":47,"turns":7},{"damage":3,"enemies":"Time Eater","floor":50,"turns":11}],"event_choices":[{"event_name":"Golden Idol","player_choice":"Take Damage","floor":2.0,"damage_taken":0.0},{"event_name":"Scrap Ooze","player_choice":"success","floor":3.0,"damage_taken":12.0},{"event_name":"Transmorgrifier","player_choice":"Transform","floor":8.0,"damage_taken":0.0},{"event_name":"Forgotten Altar","player_choice":"Gave Idol","floor":20.0,"damage_taken":0.0},{"event_name":"Bonfire Elementals","player_choice":"BASIC","floor":37.0,"damage_taken":0.0},{"event_name":"Purifier","player_choice":"One Purge","floor":44.0,"damage_taken":0.0}],"boss_relics":[],"potions_floor_spawned":[4,6,12,14,18,19,30,33,41,46],"seed_played":"-6473214848023954571","ascension_level":0,"is_trial":false}