{"gold_per_floor":[114,114,189,208,223,223,5,5,59,59,75,75,102,120,120,225,225,245,245,259,159,179,179,29,61,84,84,101,101,101,121,121,226,226,237,112,130,141,141,141,152,152,152,152,166,166,184,199,199,199],"floor_reached":51,"playtime":1382,"items_purged":["Strike_R","Strike_R","Strike_R"],"score":719,"play_id":"e9ff425b-b260-4c54-96ed-88e2c8714d2c","local_time":"20181029213442","is_ascension_mode":false,"campfire_choices":[{"data":"Bash","floor":6,"key":"SMITH"},{"data":"Flex","floor":10,"key":"SMITH"},{"data":"Sword Boomerang","floor":12,"key":"SMITH"},{"data":"Armaments","floor":15,"key":"SMITH"},{"data":"Heavy Blade","floor":23,"key":"SMITH"},{"data":"J.A.X.","floor":27,"key":"SMITH"},{"data":"Feed","floor":29,"key":"SMITH"},{"data":"Double Tap","floor":32,"key":"SMITH"},{"data":"Limit Break","floor":40,"key":"SMITH"},{"data":"Battle Trance","floor":42,"key":"SMITH"},{"data":"Shrug It Off","floor":44,"key":"SMITH"},{"data":"Immolate","floor":49,"key":"SMITH"}],"neow_cost":"NONE","seed_source_timestamp":157601431853715,"circlet_count":0,"master_deck":["Strike_R","Defend_R","Defend_R+1","Defend_R","Defend_R+1","Bash+1","Armaments+1","Headbutt","Sword Boomerang+1","Flex+1","Feed+1","Battle Trance+1","Cleave","Shrug It Off+1","Immolate+1","J.A.X.+1","Heavy Blade+1","Flex+1","Shrug It Off+1","Double Tap+1","Limit Break+1","Warcry+1","Shockwave+1","Shrug It Off+1","Impervious"],"relics":["Burning Blood","Blood Vial","Bronze Scales","Darkstone Periapt","Sozu","War Paint","Strawberry","Omamori","Potion Belt","Black Star","Ornamental Fan"],"potions_floor_usage":[25],"damage_taken":[{"damage":7,"enemies":"Jaw Worm","floor":1,"turns":6},{"damage":3,"enemies":"Small Slimes","floor":4,"turns":4},{"damage":1,"enemies":"2 Louse","floor":5,"turns":4},{"damage":2,"enemies":"Blue Slaver","floor":11,"turns":2},{"damage":13,"enemies":"Lagavulin","floor":13,"turns":4},{"damage":11,"enemies":"Exordium Wildlife","floor":14,"turns":4},{"damage":39,"enemies":"The Guardian","floor":16,"turns":10},{"damage":5,"enemies":"3 Byrds","floor":18,"turns":3},{"damage":9,"enemies":"2 Thieves","floor":20,"turns":3},{"damage":14,"enemies":"Snake Plant","floor":22,"turns":3},{"damage":13,"enemies":"Book of Stabbing","floor":25,"turns":4},{"damage":1,"enemies":"3 Cultists","floor":28,"turns":3},{"damage":4,"enemies":"Snecko","floor":31,"turns":4},{"damage":84,"enemies":"Automaton","floor":33,"turns":9},{"damage":15,"enemies":"3 Darklings","floor":35,"turns":3},{"damage":8,"enemies":"Orb Walker","floor":37,"turns":2},{"damage":3,"enemies":"Transient","floor":38,"turns":5},{"damage":29,"enemies":"Jaw Worm Horde","floor":41,"turns":2},{"damage":44,"enemies":"Spire Growth","floor":45,"turns":4},{"damage":3,"enemies":"Writhing Mass","floor":47,"turns":3},{"damage":16,"enemies":"Sphere and 2 Shapes","floor":48,"turns":3},{"damage":42,"enemies":"Awakened One","floor":50,"turns":8}],"seed_played":"-6014517002550357787","potions_obtained":[{"floor":1,"key":"Block Potion"},{"floor":13,"key":"EssenceOfSteel"},{"floor":14,"key":"Weak Potion"}],"is_trial":false,"path_per_floor":["M","?","?","M","M","R","$","T","T","R","M","R","E","M","R","B",null,"M","?","M","$","M","R","$","E","T","R","M","R","?","M","R","B",null,"M","$","M","M","?","R","M","R","T","R","M","?","M","M","R","B"],"character_chosen":"IRONCLAD","items_purchased":["Feed","War Paint"],"campfire_rested":0,"item_purchase_floors":[7,24],"current_hp_per_floor":[79,84,73,76,81,81,81,81,81,81,88,88,81,82,82,54,95,95,95,95,95,89,89,89,91,91,91,101,101,101,105,105,33,112,103,103,107,112,112,112,91,91,91,91,55,101,101,95,95,61],"gold":199,"neow_bonus":"THREE_CARDS","is_prod":false,"is_daily":false,"chose_seed":false,"campfire_upgraded":12,"win_rate":0,"timestamp":1540874082,"path_taken":["M","?","?","M","M","R","$","?","T","R","M","R","E","M","R","BOSS","M","?","M","$","M","R","$","E","T","R","M","R","?","M","R","BOSS","M","$","M","?","?","R","M","R","T","R","?","?","M","M","R","BOSS"],"build_version":"2018-10-29v2","purchased_purges":3,"victory":true,"max_hp_per_floor":[80,85,85,85,85,85,85,85,85,85,88,88,88,92,92,95,95,95,95,98,98,98,98,98,105,105,105,108,108,108,108,108,112,112,112,112,116,116,116,116,116,116,116,116,116,101,101,105,105,105],"card_choices":[{"not_picked":["Cleave","Sword Boomerang"],"picked":"Armaments","floor":0},{"not_picked":["Hemokinesis","Clothesline"],"picked":"Headbutt","floor":1},{"not_picked":["Sever Soul","Rampage"],"picked":"Sword Boomerang","floor":4},{"not_picked":["Dropkick","Rupture"],"picked":"Flex","floor":5},{"not_picked":["Anger","Power Through"],"picked":"Battle Trance","floor":11},{"not_picked":["Warcry","Sentinel"],"picked":"Cleave","floor":13},{"not_picked":["Headbutt","Clothesline"],"picked":"Shrug It Off","floor":14},{"not_picked":["Brutality","Feed"],"picked":"Immolate","floor":16},{"not_picked":["Sword Boomerang+1","Bloodletting","Fire Breathing"],"picked":"SKIP","floor":18},{"not_picked":["Clash","Wild Strike+1","Twin Strike"],"picked":"SKIP","floor":20},{"not_picked":["Shockwave+1","Battle Trance"],"picked":"Heavy Blade","floor":22},{"not_picked":["Hemokinesis+1","Uppercut"],"picked":"Flex+1","floor":25},{"not_picked":["Thunderclap+1","Armaments"],"picked":"Shrug It Off+1","floor":28},{"not_picked":["Havoc","Anger"],"picked":"Double Tap","floor":31},{"not_picked":["Juggernaut","Immolate"],"picked":"Limit Break","floor":33},{"not_picked":["Anger","Heavy Blade+1"],"picked":"Warcry+1","floor":35},{"not_picked":["Clothesline","Sentinel+1","Pommel Strike+1"],"picked":"SKIP","floor":37},{"not_picked":["Perfected Strike","Whirlwind","Evolve"],"picked":"SKIP","floor":38},{"not_picked":["Thunderclap","Reckless Charge+1","Intimidate"],"picked":"SKIP","floor":41},{"not_picked":["Heavy Blade","Carnage+1"],"picked":"Shockwave+1","floor":45},{"not_picked":["Metallicize+1","Havoc"],"picked":"Shrug It Off+1","floor":47},{"not_picked":["Shrug It Off+1","Wild Strike"],"picked":"Impervious","floor":48}],"player_experience":835038,"relics_obtained":[{"floor":8,"key":"Blood Vial"},{"floor":9,"key":"Bronze Scales"},{"floor":13,"key":"Darkstone Periapt"},{"floor":25,"key":"Strawberry"},{"floor":26,"key":"Omamori"},{"floor":43,"key":"Ornamental Fan"}],"event_choices":[{"damage_healed":0,"gold_gain":0,"player_choice":"Donut","damage_taken":0,"max_hp_gain":5,"max_hp_loss":0,"event_name":"Big Fish","floor":2,"gold_loss":0},{"damage_healed":0,"gold_gain":75,"player_choice":"Gather Gold","damage_taken":11,"max_hp_gain":0,"max_hp_loss":0,"event_name":"World of Goop","floor":3,"gold_loss":0},{"damage_healed":0,"gold_gain":0,"player_choice":"Obtain J.A.X.","damage_taken":0,"max_hp_gain":0,"max_hp_loss":0,"event_name":"Drug Dealer","floor":19,"gold_loss":0,"cards_obtained":["J.A.X."]},{"damage_healed":0,"gold_gain":0,"player_choice":"Gave Potion","damage_taken":0,"relics_obtained":["Potion Belt"],"max_hp_gain":0,"max_hp_loss":0,"event_name":"WeMeetAgain","floor":30,"gold_loss":0},{"cards_removed":["Strike_R"],"damage_healed":0,"gold_gain":0,"player_choice":"Offered Basic","damage_taken":0,"max_hp_gain":0,"max_hp_loss":0,"event_name":"Bonfire Elementals","floor":39,"gold_loss":0},{"damage_healed":101,"gold_gain":0,"player_choice":"Heal","damage_taken":0,"max_hp_gain":0,"max_hp_loss":15,"event_name":"The Moai Head","floor":46,"gold_loss":0}],"is_beta":true,"boss_relics":[{"not_picked":["Snecko Eye","Runic Pyramid"],"picked":"Sozu"},{"not_picked":["Calling Bell","White Beast Statue"],"picked":"Black Star"}],"items_purged_floors":[7,21,36],"is_endless":false,"potions_floor_spawned":[1,13,14,18,20,35,41,47],"ascension_level":0}