{"path_per_floor":["M","M","$","M","M","E","R","E","T","$","R","M","E","M","R","B",null,"M","M","$","?"],"character_chosen":"THE_SILENT","items_purchased":["Bandage Up","Bouncing Flask"],"gold_per_floor":[112,123,24,35,46,74,74,101,101,23,23,41,75,94,94,192,192,208,226,151,151],"floor_reached":22,"campfire_rested":2,"playtime":1818,"current_hp_per_floor":[70,68,68,61,47,21,42,28,28,28,28,32,9,9,30,49,70,68,38,38,38],"items_purged":["Strike_G"],"gold":151,"play_id":"490c707a-ec49-4e81-99b5-0b1db843ad50","is_prod":false,"is_daily":false,"campfire_rituals":0,"campfire_upgraded":1,"is_hardmode":false,"path_taken":["M","?","?","M","?","E","R","E","T","$","R","M","E","M","R","BOSS","M","M","$","?","?"],"build_version":"2018-01-18-PROD4","purchased_purges":1,"victory":false,"master_deck":["Defend_G","Defend_G","Defend_G","Defend_G","Defend_G","Strike_G","Strike_G","Strike_G","Strike_G","Survivor","Neutralize","Noxious Fumes","Outmaneuver","Bandage Up","Poisoned Stab","Deadly Poison","Calculated Gamble","Backstab","Bouncing Flask","All Out Attack","Outmaneuver","Poisoned Stab","Die Die Die","Bouncing Flask","Bane"],"max_hp_per_floor":[70,70,70,70,70,70,70,70,70,70,70,70,70,70,70,70,70,70,70,70,70],"relics":["Ring of the Snake","Pantograph","Bag of Preparation","Frozen Egg","Ancient Tea Set","The Specimen"],"campfire_meditates":0,"card_choices":[{"not_picked":["Dodge and Roll","Acrobatics"],"picked":"Noxious Fumes"},{"not_picked":["Sucker Punch","Deflect"],"picked":"Outmaneuver"},{"not_picked":["Flying Knee","Quick Slash"],"picked":"Poisoned Stab"},{"not_picked":["Dodge and Roll","Flechettes"],"picked":"Deadly Poison"},{"not_picked":["Deflect","Dodge and Roll"],"picked":"Calculated Gamble"},{"not_picked":["Deflect","Masterful Stab"],"picked":"Backstab"},{"not_picked":["Dodge and Roll","Eviscerate"],"picked":"All Out Attack"},{"not_picked":["Flechettes","Dagger Throw"],"picked":"Outmaneuver"},{"not_picked":["Deflect","Backflip"],"picked":"Poisoned Stab"},{"not_picked":["Glass Knife","Wraith Form"],"picked":"Die Die Die"},{"not_picked":["Malaise","Slice"],"picked":"Bouncing Flask"},{"not_picked":["Backstab","Flying Knee"],"picked":"Bane"}],"player_experience":23829,"potions_floor_usage":[6,16,18],"damage_taken":[{"damage":0.0,"enemies":"Blue Slaver","floor":1.0,"turns":7.0},{"damage":2.0,"enemies":"2 Louse","floor":2.0,"turns":3.0},{"damage":11,"enemies":"Jaw Worm","floor":4,"turns":5},{"damage":18,"enemies":"Lots of Slimes","floor":5,"turns":6},{"damage":30,"enemies":"Gremlin Nob","floor":6,"turns":4},{"damage":18,"enemies":"Lagavulin","floor":8,"turns":6},{"damage":0,"enemies":"Looter","floor":12,"turns":4},{"damage":27,"enemies":"Gremlin Nob","floor":13,"turns":4},{"damage":4,"enemies":"3 Louse","floor":14,"turns":3},{"damage":24,"enemies":"The Guardian","floor":16,"turns":7},{"damage":6,"enemies":"3 Byrds","floor":18,"turns":4},{"damage":34,"enemies":"2 Thieves","floor":19,"turns":4},{"damage":52,"enemies":"Chosen and Byrds","floor":22,"turns":7}],"event_choices":[{"event_name":"Drug Dealer","player_choice":"Ignored","floor":21,"damage_taken":0}],"boss_relics":[{"not_picked":["Ectoplasm","Lizard Tail"],"picked":"The Specimen"}],"potions_floor_spawned":[1,12,14,16],"seed_played":"2403643534333950201","killed_by":"Chosen and Byrds","is_trial":false}