{"gold_per_floor":[116,116,126,201,252,283,283,311,334,351,371,371,404,417,417,491,491,509,94,104,104,104,104,119,145,171,217,229,241,282,344,356,447,459,484,496,528,557,356,356,390,390,390,25,25,45,45,63,63,63,63],"floor_reached":51,"playtime":2335,"items_purged":["Strike_B","Strike_B","Strike_B+1"],"score":1727,"play_id":"aad6b126-b912-49b6-bd4a-5fa7edfb9951","local_time":"20190118222838","is_ascension_mode":true,"campfire_choices":[{"data":"Coolheaded","floor":7.0,"key":"SMITH"},{"data":"Ball Lightning","floor":12.0,"key":"SMITH"},{"data":"Hologram","floor":15.0,"key":"SMITH"},{"data":"Zap","floor":23.0,"key":"SMITH"},{"data":"Seek","floor":28.0,"key":"SMITH"},{"data":"Sunder","floor":32.0,"key":"SMITH"},{"data":"Hyperbeam","floor":40.0,"key":"SMITH"},{"data":"Hologram","floor":45.0,"key":"SMITH"},{"floor":47.0,"key":"REST"},{"floor":49.0,"key":"RECALL"}],"neow_cost":"NONE","seed_source_timestamp":133121190729855,"circlet_count":0,"master_deck":["AscendersBane","Defend_B","Defend_B","Defend_B","Defend_B","Zap+1","Dualcast","Gash+1","Undo","Coolheaded+1","Gash","Self Repair","Ball Lightning+1","Reboot","Hologram+1","All For One","Turbo+1","Necronomicurse","Streamline","Streamline","Seek+1","Sunder+1","Decay","BootSequence","Hyperbeam+1","Gash","Hologram+1","Chill","Streamline+1","Scrape","Master of Strategy","Secret Technique","Finesse","Seek+1","Skim+1","Gash+1","Steam+1"],"special_seed":0,"relics":["Cracked Core","NeowsBlessing","Oddly Smooth Stone","DataDisk","Sundial","Whetstone","Boot","Philosopher\u0027s Stone","FossilizedHelix","Necronomicon","Dream Catcher","MawBank","Potion Belt","The Courier","Orrery","Regal Pillow","Omamori","DollysMirror"],"potions_floor_usage":[51,51,51],"damage_taken":[{"damage":0.0,"enemies":"Jaw Worm","floor":1.0,"turns":1.0},{"damage":0.0,"enemies":"Small Slimes","floor":3.0,"turns":1.0},{"damage":0.0,"enemies":"Gremlin Nob","floor":6.0,"turns":1.0},{"damage":34.0,"enemies":"3 Sentries","floor":8.0,"turns":9.0},{"damage":0.0,"enemies":"Cultist","floor":10.0,"turns":3.0},{"damage":2.0,"enemies":"Looter","floor":11.0,"turns":3.0},{"damage":7.0,"enemies":"Lagavulin","floor":13.0,"turns":6.0},{"damage":0.0,"enemies":"2 Fungi Beasts","floor":14.0,"turns":2.0},{"damage":7.0,"enemies":"Slime Boss","floor":16.0,"turns":8.0},{"damage":0.0,"enemies":"Chosen","floor":18.0,"turns":4.0},{"damage":0.0,"enemies":"2 Thieves","floor":20.0,"turns":3.0},{"damage":0.0,"enemies":"3 Cultists","floor":24.0,"turns":4.0},{"damage":0.0,"enemies":"Gremlin Leader","floor":25.0,"turns":5.0},{"damage":20.0,"enemies":"Book of Stabbing","floor":27.0,"turns":4.0},{"damage":0.0,"enemies":"Gremlin Leader","floor":30.0,"turns":5.0},{"damage":16.0,"enemies":"Champ","floor":33.0,"turns":8.0},{"damage":0.0,"enemies":"3 Darklings","floor":35.0,"turns":1.0},{"damage":0.0,"enemies":"3 Shapes","floor":37.0,"turns":4.0},{"damage":33.0,"enemies":"Maw","floor":38.0,"turns":7.0},{"damage":0.0,"enemies":"Nemesis","floor":41.0,"turns":5.0},{"damage":0.0,"enemies":"Jaw Worm Horde","floor":46.0,"turns":2.0},{"damage":0.0,"enemies":"Spire Growth","floor":48.0,"turns":2.0},{"damage":62,"enemies":"Awakened One","floor":50,"turns":9},{"damage":16,"enemies":"Donu and Deca","floor":51,"turns":2}],"seed_played":"-7880223143931261331","potions_obtained":[{"floor":6.0,"key":"Strength Potion"},{"floor":8.0,"key":"Swift Potion"},{"floor":10.0,"key":"Fire Potion"},{"floor":16.0,"key":"Fire Potion"},{"floor":24.0,"key":"Ancient Potion"},{"floor":27.0,"key":"Strength Potion"},{"floor":33.0,"key":"Ancient Potion"},{"floor":37.0,"key":"SpeedPotion"},{"floor":38.0,"key":"Ancient Potion"},{"floor":41.0,"key":"SkillPotion"},{"floor":48.0,"key":"GamblersBrew"}],"is_trial":false,"path_per_floor":["M","?","M","?","T","E","R","E","T","M","M","R","E","M","R","B",null,"M","$","M","?","?","R","M","E","T","E","R","?","E","?","R","B",null,"M","?","M","M","$","R","E","?","T","$","R","M","R","M","R","B","B"],"character_chosen":"DEFECT","items_purchased":["FossilizedHelix","Regal Pillow","DollysMirror","SteroidPotion","PowerPotion"],"campfire_rested":1,"item_purchase_floors":[19,39,44,44,44],"current_hp_per_floor":[64,69,69,58,58,58,58,24,24,24,22,22,22,29,29,29,64,71,71,76,55,55,55,55,62,62,49,49,49,56,56,56,47,69,69,69,76,50,50,50,57,47,47,47,47,47,76,76,76,14,0],"gold":63,"neow_bonus":"THREE_ENEMY_KILL","is_prod":false,"is_daily":false,"chose_seed":false,"campfire_upgraded":8,"win_rate":0,"timestamp":1547879318,"path_taken":["M","?","M","?","?","E","R","E","T","M","?","R","E","M","R","BOSS","M","$","M","?","?","R","?","E","T","E","R","?","E","?","R","BOSS","M","?","?","M","$","R","E","?","T","$","R","M","R","M","R","BOSS","BOSS"],"build_version":"2019-01-17","purchased_purges":3,"victory":false,"max_hp_per_floor":[71,76,76,76,76,76,76,76,76,76,76,76,76,76,76,76,76,76,76,76,76,76,76,76,76,76,76,76,76,76,76,76,76,76,76,76,76,76,76,76,76,76,76,76,76,76,76,76,76,76,76],"card_choices":[{"not_picked":["Redo","Cold Snap"],"picked":"Gash","floor":1.0},{"not_picked":["BootSequence","Redo"],"picked":"Undo","floor":3.0},{"not_picked":["Machine Learning","Leap"],"picked":"Coolheaded","floor":6.0},{"not_picked":["Cold Snap","Sweeping Beam"],"picked":"Gash","floor":8.0},{"not_picked":["Barrage","Redo"],"picked":"Self Repair","floor":10.0},{"not_picked":["Compile Driver","Sweeping Beam"],"picked":"Ball Lightning","floor":11.0},{"not_picked":["White Noise","Self Repair"],"picked":"Reboot","floor":13.0},{"not_picked":["Cold Snap","Auto Shields"],"picked":"Hologram","floor":14.0},{"not_picked":["Amplify","Buffer"],"picked":"All For One","floor":16.0},{"not_picked":["Stack+1","Fusion+1","Redo"],"picked":"SKIP","floor":18.0},{"not_picked":["Leap","FTL"],"picked":"Turbo+1","floor":20.0},{"not_picked":["Stack","Auto Shields"],"picked":"Streamline","floor":24.0},{"not_picked":["Coolheaded","Leap"],"picked":"Seek","floor":25.0},{"not_picked":["Hologram","Buffer"],"picked":"Sunder","floor":27.0},{"not_picked":["Ball Lightning+1","Conserve Battery"],"picked":"BootSequence","floor":30.0},{"not_picked":["Echo Form","Amplify"],"picked":"Hyperbeam","floor":33.0},{"not_picked":["Defragment","Cold Snap"],"picked":"Gash","floor":34.0},{"not_picked":["Redo","Turbo+1"],"picked":"Hologram","floor":35.0},{"not_picked":["Stack+1","Barrage"],"picked":"Streamline+1","floor":37.0},{"not_picked":["White Noise","Rebound+1"],"picked":"Scrape","floor":38.0},{"not_picked":["Electrodynamics","Compile Driver","Conserve Battery"],"picked":"SKIP","floor":41.0},{"not_picked":["Purity","Finesse"],"picked":"Master of Strategy","floor":42.0},{"not_picked":["PanicButton","Impatience"],"picked":"Secret Technique","floor":42.0},{"not_picked":["Impatience","HandOfGreed"],"picked":"Finesse","floor":42.0},{"not_picked":["Doom and Gloom+1","Reprogram"],"picked":"Skim+1","floor":46.0},{"not_picked":["Force Field","Rebound+1"],"picked":"Gash+1","floor":47.0},{"not_picked":["Doom and Gloom","Consume"],"picked":"Steam+1","floor":48.0}],"player_experience":978796,"relics_obtained":[{"floor":5.0,"key":"Oddly Smooth Stone"},{"floor":6.0,"key":"DataDisk"},{"floor":8.0,"key":"Sundial"},{"floor":9.0,"key":"Whetstone"},{"floor":13.0,"key":"Boot"},{"floor":21.0,"key":"Necronomicon"},{"floor":25.0,"key":"Dream Catcher"},{"floor":26.0,"key":"MawBank"},{"floor":27.0,"key":"Potion Belt"},{"floor":30.0,"key":"The Courier"},{"floor":41.0,"key":"Omamori"}],"event_choices":[{"damage_healed":0.0,"max_hp_gain":5.0,"max_hp_loss":0.0,"gold_gain":0.0,"event_name":"Big Fish","player_choice":"Donut","floor":2.0,"gold_loss":0.0,"damage_taken":0.0},{"damage_healed":0.0,"max_hp_gain":0.0,"max_hp_loss":0.0,"gold_gain":75.0,"event_name":"World of Goop","player_choice":"Gather Gold","floor":4.0,"gold_loss":0.0,"damage_taken":11.0},{"damage_healed":0.0,"max_hp_gain":0.0,"max_hp_loss":0.0,"gold_gain":0.0,"event_name":"Cursed Tome","player_choice":"Obtained Book","floor":21.0,"gold_loss":0.0,"damage_taken":21.0},{"damage_healed":0.0,"max_hp_gain":0.0,"max_hp_loss":0.0,"gold_gain":0.0,"event_name":"The Library","player_choice":"Read","floor":22.0,"gold_loss":0.0,"damage_taken":0.0,"cards_obtained":["Streamline"]},{"damage_healed":0.0,"max_hp_gain":0.0,"max_hp_loss":0.0,"gold_gain":0.0,"event_name":"Forgotten Altar","player_choice":"Smashed Altar","floor":29.0,"gold_loss":0.0,"damage_taken":0.0,"cards_obtained":["Decay"]},{"damage_healed":0.0,"max_hp_gain":0.0,"max_hp_loss":0.0,"gold_gain":100.0,"event_name":"The Joust","player_choice":"Bet on Murderer","floor":31.0,"gold_loss":50.0,"damage_taken":0.0},{"damage_healed":0.0,"max_hp_gain":0.0,"max_hp_loss":0.0,"gold_gain":0.0,"cards_transformed":["Strike_B"],"event_name":"Transmorgrifier","player_choice":"Transformed","floor":36.0,"gold_loss":0.0,"damage_taken":0.0,"cards_obtained":["Chill"]},{"damage_healed":0.0,"max_hp_gain":0.0,"max_hp_loss":0.0,"gold_gain":0.0,"event_name":"SensoryStone","player_choice":"Memory 3","floor":42.0,"gold_loss":0.0,"damage_taken":10.0}],"is_beta":true,"boss_relics":[{"not_picked":["Velvet Choker","Runic Pyramid"],"picked":"Philosopher\u0027s Stone"},{"not_picked":["FrozenCore","Black Star"],"picked":"Orrery"}],"items_purged_floors":[19,39,44],"is_endless":false,"potions_floor_spawned":[6,8,10,11,16,24,27,33,37,38,41,48],"killed_by":"Donu and Deca","ascension_level":20}