{"gold_per_floor":[112,128,128,141,153,153,180,24,78,113,129,129,184,199,199,277,277,293,312,312,17,31,31,48,83,83,83],"floor_reached":27,"playtime":1095,"items_purged":["Strike_B"],"score":490,"play_id":"bbb4a77e-91b4-4301-a65c-a9d884d0647e","local_time":"20190214194240","is_ascension_mode":true,"campfire_choices":[{"data":"Zap","floor":6.0,"key":"SMITH"},{"data":"Defragment","floor":12.0,"key":"SMITH"},{"data":"Consume","floor":15.0,"key":"SMITH"},{"floor":23.0,"key":"REST"}],"neow_cost":"NONE","seed_source_timestamp":1778431792980155,"circlet_count":0,"master_deck":["AscendersBane","Strike_B","Strike_B","Strike_B","Defend_B","Defend_B","Defend_B","Defend_B","Zap+1","Dualcast","Hyperbeam+1","Cold Snap","Consume+1","Ball Lightning","Rainbow","Capacitor","Hologram","Defragment+1","Reboot","Chill","Chill","Capacitor","Conserve Battery"],"special_seed":0,"relics":["Cracked Core","Letter Opener","Centennial Puzzle","Juzu Bracelet","Boot","Cursed Key","OrangePellets","Anchor"],"potions_floor_usage":[],"damage_taken":[{"damage":2.0,"enemies":"Jaw Worm","floor":1.0,"turns":2.0},{"damage":0.0,"enemies":"Cultist","floor":2.0,"turns":2.0},{"damage":0.0,"enemies":"Small Slimes","floor":4.0,"turns":2.0},{"damage":0.0,"enemies":"2 Fungi Beasts","floor":5.0,"turns":2.0},{"damage":11.0,"enemies":"3 Sentries","floor":7.0,"turns":3.0},{"damage":13.0,"enemies":"Lagavulin","floor":10.0,"turns":7.0},{"damage":0.0,"enemies":"Large Slime","floor":11.0,"turns":4.0},{"damage":10.0,"enemies":"Gremlin Nob","floor":13.0,"turns":3.0},{"damage":4.0,"enemies":"Looter","floor":14.0,"turns":2.0},{"damage":3.0,"enemies":"Hexaghost","floor":16.0,"turns":8.0},{"damage":7.0,"enemies":"Shell Parasite","floor":18.0,"turns":5.0},{"damage":4.0,"enemies":"Chosen","floor":19.0,"turns":4.0},{"damage":0.0,"enemies":"Snake Plant","floor":22.0,"turns":5.0},{"damage":8.0,"enemies":"Snecko","floor":24.0,"turns":5.0},{"damage":32.0,"enemies":"Book of Stabbing","floor":25.0,"turns":6.0},{"damage":12,"enemies":"Slavers","floor":27,"turns":1}],"seed_played":"-7569558629864733835","potions_obtained":[{"floor":1.0,"key":"Dexterity Potion"},{"floor":5.0,"key":"Weak Potion"},{"floor":19.0,"key":"SteroidPotion"},{"floor":24.0,"key":"Strength Potion"}],"is_trial":false,"path_per_floor":["M","M","?","M","M","R","E","$","T","E","M","R","?","M","R","B",null,"M","M","?","$","M","R","M","E","T","E"],"character_chosen":"DEFECT","items_purchased":["Capacitor","Capacitor","OrangePellets"],"campfire_rested":1,"item_purchase_floors":[8,21,21],"current_hp_per_floor":[62,62,62,62,62,62,51,51,51,38,38,38,28,24,24,21,59,52,48,28,28,28,50,42,10,10,0],"gold":83,"neow_bonus":"ONE_RANDOM_RARE_CARD","is_prod":false,"is_daily":false,"chose_seed":false,"campfire_upgraded":3,"win_rate":0,"timestamp":1550202160,"path_taken":["M","M","?","M","M","R","E","$","T","E","M","R","?","M","R","BOSS","M","M","?","$","M","R","M","E","T","E"],"build_version":"2019-02-06","purchased_purges":1,"victory":false,"max_hp_per_floor":[71,71,71,71,71,71,71,71,71,71,71,71,71,71,71,71,71,71,71,76,76,76,76,76,76,76,76],"card_choices":[{"not_picked":["Skim","Go for the Eyes","Streamline"],"picked":"SKIP","floor":1.0},{"not_picked":["Coolheaded","Redo"],"picked":"Cold Snap","floor":2.0},{"not_picked":["Tempest","Rip and Tear"],"picked":"Consume","floor":4.0},{"not_picked":["Barrage","Hyperbeam"],"picked":"Ball Lightning","floor":5.0},{"not_picked":["Steam","Barrage"],"picked":"Rainbow","floor":7.0},{"not_picked":["Cold Snap","Tempest"],"picked":"Hologram","floor":10.0},{"not_picked":["White Noise","Stack"],"picked":"Defragment","floor":11.0},{"not_picked":["Gash","Streamline","Sweeping Beam"],"picked":"SKIP","floor":14.0},{"not_picked":["Machine Learning","All For One"],"picked":"Reboot","floor":16.0},{"not_picked":["Redo","Beam Cell+1"],"picked":"Chill","floor":18.0},{"not_picked":["Aggregate","Ball Lightning"],"picked":"Chill","floor":19.0},{"not_picked":["Hello World","Beam Cell","Lockon+1"],"picked":"SKIP","floor":22.0},{"not_picked":["Rebound","Stack","Gash+1"],"picked":"SKIP","floor":24.0},{"not_picked":["Go for the Eyes","Leap"],"picked":"Conserve Battery","floor":25.0}],"player_experience":1161456,"relics_obtained":[{"floor":7.0,"key":"Letter Opener"},{"floor":9.0,"key":"Centennial Puzzle"},{"floor":10.0,"key":"Juzu Bracelet"},{"floor":25.0,"key":"Anchor"}],"event_choices":[{"damage_healed":0.0,"max_hp_gain":0.0,"max_hp_loss":0.0,"gold_gain":0.0,"event_name":"Accursed Blacksmith","player_choice":"Forge","floor":3.0,"gold_loss":0.0,"damage_taken":0.0,"cards_upgraded":["Hyperbeam"]},{"damage_healed":0.0,"max_hp_gain":0.0,"max_hp_loss":0.0,"gold_gain":0.0,"event_name":"Dead Adventurer","player_choice":"Searched \u00272\u0027 times","floor":13.0,"gold_loss":0.0,"damage_taken":0.0,"relics_obtained":["Boot"]},{"damage_healed":0.0,"max_hp_gain":5.0,"max_hp_loss":0.0,"gold_gain":0.0,"event_name":"Forgotten Altar","player_choice":"Shed Blood","floor":20.0,"gold_loss":0.0,"damage_taken":25.0}],"is_beta":true,"boss_relics":[{"not_picked":["White Beast Statue","Philosopher\u0027s Stone"],"picked":"Cursed Key"}],"items_purged_floors":[8],"is_endless":false,"potions_floor_spawned":[1,5,7,10,13,19,24],"killed_by":"Slavers","ascension_level":20}