{"gold_per_floor":[112,112,30,30,30,61,61,71,71,82,92,122,122,134,134,235,235,252,271,282,302,318,352,352,366,448,465,465],"floor_reached":28,"playtime":2884,"items_purged":[],"score":317,"play_id":"92a34d44-dd7f-4218-9f80-ea192ad315ce","local_time":"20190421073410","is_ascension_mode":true,"campfire_choices":[{"data":"Feed","floor":7,"key":"SMITH"},{"data":"Dual Wield","floor":13,"key":"SMITH"},{"data":"Rampage","floor":15,"key":"SMITH"},{"floor":24,"key":"REST"}],"neow_cost":"NONE","seed_source_timestamp":411456833192926,"circlet_count":0,"master_deck":["Strike_R","Strike_R+1","Strike_R","Strike_R","Strike_R","Defend_R","Defend_R","Defend_R+1","Defend_R","Bash","Impatience","Twin Strike","Metallicize","Feed+1","Power Through","Rampage+1","Dual Wield+1","Flame Barrier","Demon Form","Shrug It Off","Uppercut","Shrug It Off+1","Metallicize"],"relics":["Burning Blood","Thread and Needle","Boot","Dream Catcher","Sozu","Dodecahedron","Tiny Chest"],"potions_floor_usage":[16,23],"damage_taken":[{"damage":3,"enemies":"2 Louse","floor":1,"turns":3},{"damage":39,"enemies":"3 Sentries","floor":6,"turns":11},{"damage":7,"enemies":"Jaw Worm","floor":8,"turns":5},{"damage":4,"enemies":"Small Slimes","floor":10,"turns":5},{"damage":0,"enemies":"2 Fungi Beasts","floor":11,"turns":5},{"damage":8,"enemies":"Gremlin Nob","floor":12,"turns":6},{"damage":0,"enemies":"Red Slaver","floor":14,"turns":6},{"damage":27,"enemies":"The Guardian","floor":16,"turns":14},{"damage":14,"enemies":"3 Byrds","floor":18,"turns":9},{"damage":32,"enemies":"Chosen","floor":19,"turns":9},{"damage":20,"enemies":"Centurion and Healer","floor":20,"turns":9},{"damage":47,"enemies":"3 Cultists","floor":21,"turns":8},{"damage":5,"enemies":"Snecko","floor":22,"turns":7},{"damage":19,"enemies":"Slavers","floor":23,"turns":11},{"damage":3,"enemies":"Snake Plant","floor":25,"turns":6},{"damage":47,"enemies":"Shelled Parasite and Fungi","floor":27,"turns":7},{"damage":26,"enemies":"Cultist and Chosen","floor":28,"turns":6}],"seed_played":"-1556673215419621486","potions_obtained":[{"floor":6,"key":"SkillPotion"},{"floor":12,"key":"PowerPotion"},{"floor":16,"key":"FearPotion"}],"is_trial":false,"path_per_floor":["M","?","$","?","$","E","R","M","T","M","M","E","R","M","R","B",null,"M","M","M","M","M","E","R","M","T","M","M"],"character_chosen":"IRONCLAD","items_purchased":["Metallicize"],"campfire_rested":1,"item_purchase_floors":[3],"current_hp_per_floor":[80,64,64,64,64,31,31,34,34,40,50,48,48,58,58,37,96,92,70,64,23,28,19,55,58,58,21,0],"gold":465,"neow_bonus":"RANDOM_COLORLESS","is_prod":false,"is_daily":false,"chose_seed":false,"campfire_upgraded":3,"win_rate":0,"timestamp":1555812250,"path_taken":["M","?","$","?","?","E","R","M","T","M","M","E","R","M","R","BOSS","M","M","M","M","M","E","R","M","T","M","M"],"build_version":"2019-01-23","purchased_purges":0,"victory":false,"max_hp_per_floor":[80,80,80,80,80,80,80,84,84,88,92,92,92,96,96,96,96,100,104,112,112,116,120,120,120,120,124,128],"card_choices":[{"not_picked":["Combust","Second Wind"],"picked":"Twin Strike","floor":1},{"not_picked":["Thunderclap","True Grit"],"picked":"Feed","floor":6},{"not_picked":["Wild Strike","Feel No Pain"],"picked":"Power Through","floor":8},{"not_picked":["Body Slam","Cleave"],"picked":"Rampage","floor":10},{"not_picked":["Clash","Flex"],"picked":"Dual Wield","floor":11},{"not_picked":["Anger","Wild Strike"],"picked":"Flame Barrier","floor":12},{"not_picked":["Twin Strike","Clash","Havoc"],"picked":"SKIP","floor":14},{"not_picked":["Impervious","Offering"],"picked":"Demon Form","floor":16},{"not_picked":["Flex","Clothesline","Twin Strike"],"picked":"SKIP","floor":18},{"not_picked":["Wild Strike","Berserk","Flex+1"],"picked":"SKIP","floor":19},{"not_picked":["Anger","Power Through+1"],"picked":"Shrug It Off","floor":20},{"not_picked":["Wild Strike","Cleave"],"picked":"Uppercut","floor":21},{"not_picked":["Reaper","Sever Soul"],"picked":"Shrug It Off+1","floor":22},{"not_picked":["Sword Boomerang","Sever Soul"],"picked":"Metallicize","floor":23},{"not_picked":["Thunderclap+1","Heavy Blade","Perfected Strike"],"picked":"SKIP","floor":25},{"not_picked":["Demon Form","Inflame","Heavy Blade"],"picked":"SKIP","floor":27}],"player_experience":90809,"relics_obtained":[{"floor":6,"key":"Thread and Needle"},{"floor":9,"key":"Boot"},{"floor":12,"key":"Dream Catcher"},{"floor":23,"key":"Dodecahedron"},{"floor":26,"key":"Tiny Chest"}],"event_choices":[{"damage_healed":0,"gold_gain":0,"player_choice":"Entered Light","damage_taken":16,"max_hp_gain":0,"max_hp_loss":0,"event_name":"Shining Light","floor":2,"gold_loss":0,"cards_upgraded":["Strike_R","Defend_R"]},{"damage_healed":0,"gold_gain":0,"player_choice":"Ignored","damage_taken":0,"max_hp_gain":0,"max_hp_loss":0,"event_name":"Golden Idol","floor":4,"gold_loss":0}],"is_beta":false,"boss_relics":[{"not_picked":["Philosopher\u0027s Stone","Busted Crown"],"picked":"Sozu"}],"items_purged_floors":[],"is_endless":false,"potions_floor_spawned":[6,12,16,18,19,21,25],"killed_by":"Cultist and Chosen","ascension_level":1}