{"gold_per_floor":[117,117,31,31,31,31,74,74,74,108,131,175,190,211,211,302,302,315,315,231,146,196,196,6,6,6,22,22,22,37,71,83,194,206,241,253,124,124,124,124,124,159,159,179,179,304,87,87,87,87,87,87,87,31,62,62],"floor_reached":56,"playtime":2797,"items_purged":[],"score":1856,"play_id":"727e526b-80cc-465d-bdd5-6d2605d1c1b5","local_time":"20190222024036","is_ascension_mode":true,"campfire_choices":[{"data":"Zap","floor":6.0,"key":"SMITH"},{"data":"Genetic Algorithm","floor":8.0,"key":"SMITH"},{"data":"Beam Cell","floor":15.0,"key":"SMITH"},{"data":"Creative AI","floor":23,"key":"SMITH"},{"data":"Loop","floor":25,"key":"SMITH"},{"floor":28,"key":"REST"},{"data":"Seek","floor":32,"key":"SMITH"},{"floor":40,"key":"REST"},{"floor":41,"key":"REST"},{"floor":49,"key":"RECALL"},{"floor":53,"key":"REST"}],"neow_cost":"NONE","seed_source_timestamp":2253800857056374,"circlet_count":0,"master_deck":["AscendersBane","Defend_B","Defend_B","Defend_B","Zap+1","Dualcast","Genetic Algorithm+1","All For One","Capacitor","Gash","Sweeping Beam","Self Repair","Beam Cell+1","FTL","Creative AI+1","Core Surge+1","Melter+1","Genetic Algorithm+1","Defragment+1","Conserve Battery","Gash","Coolheaded","Loop+1","Chill","Skim","Seek+1","Amplify","Reinforced Body","Go for the Eyes","Undo","Violence","Dark Shackles","White Noise+1"],"special_seed":0,"relics":["Cracked Core","NeowsBlessing","Golden Idol","Mummified Hand","Shuriken","Happy Flower","Mercury Hourglass","Astrolabe","Blood Vial","WingedGreaves","MawBank","Nuclear Battery","Peace Pipe","Incense Burner","Centennial Puzzle","Sundial","Calipers"],"potions_floor_usage":[30,31,35,42,42,51,51,56],"damage_taken":[{"damage":0.0,"enemies":"Jaw Worm","floor":1.0,"turns":1.0},{"damage":0.0,"enemies":"Gremlin Nob","floor":7.0,"turns":1.0},{"damage":0.0,"enemies":"3 Sentries","floor":10.0,"turns":3.0},{"damage":9.0,"enemies":"2 Louse","floor":11.0,"turns":2.0},{"damage":10.0,"enemies":"Gremlin Nob","floor":12.0,"turns":3.0},{"damage":0.0,"enemies":"Cultist","floor":13.0,"turns":3.0},{"damage":0.0,"enemies":"Exordium Wildlife","floor":14.0,"turns":3.0},{"damage":27.0,"enemies":"Slime Boss","floor":16.0,"turns":7.0},{"damage":6.0,"enemies":"Spheric Guardian","floor":18.0,"turns":3.0},{"damage":21,"enemies":"3 Byrds","floor":27,"turns":4},{"damage":10,"enemies":"Snake Plant","floor":30,"turns":3},{"damage":16,"enemies":"Book of Stabbing","floor":31,"turns":4},{"damage":19,"enemies":"Champ","floor":33,"turns":8},{"damage":54,"enemies":"3 Darklings","floor":35,"turns":7},{"damage":23,"enemies":"Nemesis","floor":42,"turns":7},{"damage":0,"enemies":"3 Shapes","floor":44,"turns":7},{"damage":0,"enemies":"Mind Bloom Boss Battle","floor":46,"turns":8},{"damage":27,"enemies":"Donu and Deca","floor":50,"turns":11},{"damage":26,"enemies":"Awakened One","floor":51,"turns":22},{"damage":27,"enemies":"Shield and Spear","floor":55,"turns":17},{"damage":54,"enemies":"The Heart","floor":56,"turns":3}],"seed_played":"3542120075179184935","potions_obtained":[{"floor":7.0,"key":"EntropicBrew"},{"floor":11.0,"key":"Dexterity Potion"},{"floor":13.0,"key":"Energy Potion"},{"floor":14.0,"key":"FearPotion"},{"floor":27,"key":"PowerPotion"},{"floor":31,"key":"Fire Potion"},{"floor":33,"key":"Block Potion"},{"floor":42,"key":"GamblersBrew"}],"is_trial":false,"path_per_floor":["M","?","$","?","?","R","E","R","T","E","M","E","M","M","R","B",null,"M","?","$","?","?","R","$","R","T","M","R","$","M","E","R","B",null,"M","?","$","?","$","R","R","E","T","M","?","?","$","T","R","B","B",null,"R","$","E","B"],"character_chosen":"DEFECT","items_purchased":["Genetic Algorithm","Conserve Battery","Block Potion","Gash","Coolheaded","Loop","Reinforced Body","SkillPotion","Centennial Puzzle","Block Potion","PowerPotion"],"campfire_rested":4,"item_purchase_floors":[3,20,20,24,24,24,37,37,47,47,54],"current_hp_per_floor":[64,57,57,57,57,57,57,57,57,57,48,38,45,52,52,32,56,57,57,57,57,57,57,57,57,57,38,57,57,49,42,42,32,56,11,11,11,11,11,29,47,40,40,49,39,48,48,48,48,30,13,49,61,61,55,3],"gold":62,"neow_bonus":"THREE_ENEMY_KILL","is_prod":false,"is_daily":false,"chose_seed":false,"campfire_upgraded":6,"win_rate":0,"timestamp":1550832036,"path_taken":["M","?","$","?","?","R","E","R","T","E","M","E","?","M","R","BOSS","M","?","$","?","?","R","$","R","T","M","R","$","M","E","R","BOSS","M","?","$","?","?","R","R","E","T","?","?","?","$","?","R","BOSS","BOSS","R","$","E","BOSS"],"build_version":"2019-02-06","purchased_purges":0,"victory":false,"max_hp_per_floor":[71,71,71,64,64,64,64,64,64,64,64,64,64,64,64,64,64,64,64,64,64,64,64,64,64,64,64,64,64,64,64,64,64,64,64,61,61,61,61,61,61,61,61,61,61,61,61,61,61,61,61,61,61,61,61,61],"card_choices":[{"not_picked":["Compile Driver","Gash","Leap"],"picked":"SKIP","floor":1.0},{"not_picked":["Lockon","Turbo"],"picked":"Capacitor","floor":7.0},{"not_picked":["Rebound","Aggregate"],"picked":"Gash","floor":10.0},{"not_picked":["Sunder","Stack"],"picked":"Sweeping Beam","floor":11.0},{"not_picked":["Rainbow","Auto Shields"],"picked":"Self Repair","floor":12.0},{"not_picked":["Hologram","Undo"],"picked":"Beam Cell","floor":13.0},{"not_picked":["BootSequence","Steam"],"picked":"FTL","floor":14.0},{"not_picked":["Machine Learning","Meteor Strike"],"picked":"Creative AI","floor":16.0},{"not_picked":["Conserve Battery","Reinforced Body"],"picked":"Defragment+1","floor":18.0},{"not_picked":["Rip and Tear","Fusion"],"picked":"Chill","floor":27},{"not_picked":["Doom and Gloom","Sweeping Beam"],"picked":"Skim","floor":30},{"not_picked":["BootSequence","Ball Lightning"],"picked":"Seek","floor":31},{"not_picked":["Reboot","Buffer"],"picked":"Amplify","floor":33},{"not_picked":["Steam","Redo","Hello World"],"picked":"SKIP","floor":35},{"not_picked":["Steam","Compile Driver"],"picked":"Go for the Eyes","floor":42},{"not_picked":["Cold Snap","Sunder"],"picked":"Undo","floor":44},{"not_picked":["Thinking Ahead","Finesse"],"picked":"Violence","floor":45},{"not_picked":["Deep Breath","The Bomb"],"picked":"Dark Shackles","floor":45},{"not_picked":["Steam","Force Field"],"picked":"White Noise+1","floor":46},{"not_picked":["Barrage+1","Chaos","Force Field+1"],"picked":"SKIP","floor":55},{"not_picked":["Barrage+1","Chaos","Force Field+1"],"picked":"SKIP","floor":55}],"player_experience":1222786,"relics_obtained":[{"floor":7.0,"key":"Mummified Hand"},{"floor":9.0,"key":"Shuriken"},{"floor":10.0,"key":"Happy Flower"},{"floor":12.0,"key":"Mercury Hourglass"},{"floor":26,"key":"WingedGreaves"},{"floor":31,"key":"MawBank"},{"floor":42,"key":"Peace Pipe"},{"floor":46,"key":"Incense Burner"},{"floor":48,"key":"Sundial"},{"floor":55,"key":"Calipers"}],"event_choices":[{"cards_removed":["Strike_B"],"damage_healed":0.0,"max_hp_gain":0.0,"max_hp_loss":0.0,"gold_gain":0.0,"event_name":"Golden Wing","player_choice":"Card Removal","floor":2.0,"gold_loss":0.0,"damage_taken":7.0},{"damage_healed":0.0,"max_hp_gain":0.0,"max_hp_loss":7.0,"gold_gain":0.0,"event_name":"Golden Idol","player_choice":"Lose Max HP","floor":4.0,"gold_loss":0.0,"damage_taken":0.0,"relics_obtained":["Golden Idol"]},{"damage_healed":0.0,"max_hp_gain":0.0,"max_hp_loss":0.0,"gold_gain":0.0,"cards_transformed":["Strike_B"],"event_name":"Transmorgrifier","player_choice":"Transformed","floor":5.0,"gold_loss":0.0,"damage_taken":0.0,"cards_obtained":["All For One"]},{"damage_healed":0,"gold_gain":0,"player_choice":"Ignored","damage_taken":0,"max_hp_gain":0,"max_hp_loss":0,"event_name":"Cursed Tome","floor":19,"gold_loss":0},{"damage_healed":0,"gold_gain":0,"player_choice":"Obtained Relic","damage_taken":0,"relics_obtained":["Blood Vial"],"max_hp_gain":0,"max_hp_loss":0,"event_name":"Addict","floor":21,"gold_loss":85},{"damage_healed":0,"gold_gain":50,"player_choice":"Stole From Cult","damage_taken":0,"max_hp_gain":0,"max_hp_loss":0,"event_name":"Nest","floor":22,"gold_loss":0},{"damage_healed":0,"gold_gain":0,"player_choice":"Max HP","damage_taken":0,"max_hp_gain":0,"max_hp_loss":3,"event_name":"Winding Halls","floor":36,"gold_loss":0},{"damage_healed":0,"gold_gain":0,"player_choice":"Ignored","damage_taken":0,"max_hp_gain":0,"max_hp_loss":0,"event_name":"Tomb of Lord Red Mask","floor":38,"gold_loss":0},{"damage_healed":0,"gold_gain":0,"player_choice":"Memory 3","damage_taken":10,"max_hp_gain":0,"max_hp_loss":0,"event_name":"SensoryStone","floor":45,"gold_loss":0},{"damage_healed":0,"gold_gain":0,"player_choice":"Fight","damage_taken":0,"max_hp_gain":0,"max_hp_loss":0,"event_name":"MindBloom","floor":46,"gold_loss":0}],"is_beta":true,"boss_relics":[{"not_picked":["Cursed Key","Black Star"],"picked":"Astrolabe"},{"not_picked":["Philosopher\u0027s Stone","Runic Dome"],"picked":"Nuclear Battery"}],"items_purged_floors":[],"is_endless":false,"potions_floor_spawned":[7,11,13,14,16,27,31,33,42],"killed_by":"The Heart","ascension_level":20}