{"gold_per_floor":[112,187,187,5,17,42,42,75,75,86,118,129,129,149,149,226,226,245,70,88,88,88,88,108,108,134,161,181,198,198,224,224,295,295,314,414,414,143,160,189,189,208,208,222,236,252,287,303,303,303],"floor_reached":50,"playtime":2206,"items_purged":["Pain","Strike_G","Strike_G+1"],"score":1228,"play_id":"00b1f43b-350b-47d1-9fd8-512832e2f9ca","local_time":"20190213013730","is_ascension_mode":true,"campfire_choices":[{"data":"Deadly Poison","floor":7.0,"key":"SMITH"},{"data":"Glass Knife","floor":13.0,"key":"SMITH"},{"data":"Poisoned Stab","floor":15.0,"key":"SMITH"},{"data":"Noxious Fumes","floor":23.0,"key":"SMITH"},{"data":"Deadly Poison","floor":25.0,"key":"SMITH"},{"floor":30.0,"key":"REST"},{"data":"Leg Sweep","floor":32.0,"key":"SMITH"},{"data":"Footwork","floor":41.0,"key":"SMITH"},{"floor":49,"key":"RECALL"}],"neow_cost":"NONE","seed_source_timestamp":1669674840762005,"circlet_count":0,"master_deck":["AscendersBane","Defend_G+1","Defend_G+1","Defend_G+1","Defend_G+1","Defend_G+1","Strike_G+1","Survivor","Neutralize","Deadly Poison+1","Deadly Poison+1","Poisoned Stab+1","PiercingWail","Glass Knife+1","Backflip","Adrenaline","Noxious Fumes+1","Deflect+1","Leg Sweep+1","Backflip","Deflect","After Image","Master of Strategy","Footwork+1","Escape Plan","Footwork","PiercingWail+1","Leg Sweep+1","PiercingWail"],"special_seed":0,"relics":["Ring of the Snake","NeowsBlessing","WarpedTongs","Pear","Happy Flower","Boot","Velvet Choker","Potion Belt","Darkstone Periapt","Kunai","Empty Cage","The Specimen","Ancient Tea Set","Frozen Egg 2","Mercury Hourglass"],"potions_floor_usage":[50],"damage_taken":[{"damage":0.0,"enemies":"Cultist","floor":1.0,"turns":1.0},{"damage":0.0,"enemies":"Jaw Worm","floor":5.0,"turns":1.0},{"damage":0.0,"enemies":"Gremlin Nob","floor":6.0,"turns":1.0},{"damage":19.0,"enemies":"3 Sentries","floor":8.0,"turns":9.0},{"damage":0.0,"enemies":"Small Slimes","floor":10.0,"turns":3.0},{"damage":11.0,"enemies":"Gremlin Nob","floor":11.0,"turns":3.0},{"damage":0.0,"enemies":"3 Louse","floor":12.0,"turns":2.0},{"damage":7.0,"enemies":"Exordium Thugs","floor":14.0,"turns":5.0},{"damage":17.0,"enemies":"Slime Boss","floor":16.0,"turns":10.0},{"damage":11.0,"enemies":"Spheric Guardian","floor":18.0,"turns":4.0},{"damage":7.0,"enemies":"3 Byrds","floor":20.0,"turns":4.0},{"damage":12.0,"enemies":"Snecko","floor":24.0,"turns":5.0},{"damage":0.0,"enemies":"Slavers","floor":27.0,"turns":5.0},{"damage":0.0,"enemies":"Centurion and Healer","floor":28.0,"turns":6.0},{"damage":2.0,"enemies":"Snake Plant","floor":29.0,"turns":4.0},{"damage":1.0,"enemies":"Gremlin Leader","floor":31.0,"turns":6.0},{"damage":19.0,"enemies":"Automaton","floor":33.0,"turns":12.0},{"damage":0.0,"enemies":"3 Shapes","floor":35.0,"turns":5.0},{"damage":10.0,"enemies":"Mind Bloom Boss Battle","floor":36.0,"turns":10.0},{"damage":0.0,"enemies":"3 Darklings","floor":39.0,"turns":5.0},{"damage":9.0,"enemies":"Nemesis","floor":40.0,"turns":8.0},{"damage":20.0,"enemies":"Jaw Worm Horde","floor":42.0,"turns":5.0},{"damage":9.0,"enemies":"4 Shapes","floor":44.0,"turns":7.0},{"damage":12.0,"enemies":"Transient","floor":45.0,"turns":6.0},{"damage":2.0,"enemies":"Maw","floor":46.0,"turns":9.0},{"damage":3.0,"enemies":"Giant Head","floor":47.0,"turns":14.0},{"damage":7,"enemies":"Sphere and 2 Shapes","floor":48,"turns":6},{"damage":13,"enemies":"Awakened One","floor":50,"turns":3}],"seed_played":"-4389472159203265248","potions_obtained":[{"floor":1.0,"key":"Poison Potion"},{"floor":6.0,"key":"Block Potion"},{"floor":16.0,"key":"Dexterity Potion"},{"floor":20.0,"key":"SkillPotion"},{"floor":27.0,"key":"Fire Potion"},{"floor":29.0,"key":"SpeedPotion"},{"floor":33.0,"key":"GhostInAJar"},{"floor":35.0,"key":"FearPotion"},{"floor":45.0,"key":"Regen Potion"},{"floor":47.0,"key":"Swift Potion"}],"is_trial":false,"path_per_floor":["M","?","?","$","M","E","R","E","T","M","E","M","R","M","R","B",null,"M","$","M","?","?","R","M","R","T","E","M","M","R","E","R","B",null,"M","?","?","$","M","E","R","M","T","M","M","M","E","M","R","B"],"character_chosen":"THE_SILENT","items_purchased":["Deadly Poison","Poisoned Stab","Noxious Fumes","Footwork","SpeedPotion"],"campfire_rested":1,"item_purchase_floors":[4,4,19,38,38],"current_hp_per_floor":[59,48,48,48,48,58,58,39,39,39,28,28,28,21,21,4,58,47,47,40,40,40,40,28,28,28,28,28,26,48,47,47,28,64,64,54,54,54,54,45,45,25,25,16,4,17,14,7,7,0],"gold":303,"neow_bonus":"THREE_ENEMY_KILL","is_prod":false,"is_daily":false,"chose_seed":false,"campfire_upgraded":7,"win_rate":0,"timestamp":1550050650,"path_taken":["M","?","?","$","M","E","R","E","T","?","E","M","R","M","R","BOSS","M","$","M","?","?","R","M","R","T","E","M","?","R","E","R","BOSS","M","?","?","?","M","E","R","M","T","M","M","M","E","M","R","BOSS"],"build_version":"2019-02-06","purchased_purges":3,"victory":false,"max_hp_per_floor":[66,66,66,66,66,76,76,76,76,76,76,76,76,76,76,76,76,76,76,76,76,76,76,76,76,76,76,76,76,76,76,76,76,76,76,76,76,76,76,76,76,76,76,76,76,76,76,76,76,76],"card_choices":[{"not_picked":["Catalyst","Slice"],"picked":"Deadly Poison","floor":1.0},{"not_picked":["Backflip","Dodge and Roll"],"picked":"PiercingWail","floor":5.0},{"not_picked":["Accuracy","Cloak And Dagger","Dagger Throw"],"picked":"SKIP","floor":6.0},{"not_picked":["Dagger Spray","Bullet Time"],"picked":"Glass Knife","floor":8.0},{"not_picked":["Skewer","Slice","Infinite Blades"],"picked":"SKIP","floor":10.0},{"not_picked":["Flechettes","Quick Slash","Setup"],"picked":"SKIP","floor":11.0},{"not_picked":["Sucker Punch","Choke"],"picked":"Backflip","floor":12.0},{"not_picked":["Acrobatics","Dagger Throw","Outmaneuver"],"picked":"SKIP","floor":14.0},{"not_picked":["After Image","Envenom"],"picked":"Adrenaline","floor":16.0},{"not_picked":["Endless Agony","Poisoned Stab","Prepared"],"picked":"SKIP","floor":18.0},{"not_picked":["Masterful Stab","Cloak And Dagger"],"picked":"Deflect+1","floor":20.0},{"not_picked":["Slice+1","Flying Knee"],"picked":"Leg Sweep","floor":24.0},{"not_picked":["Underhanded Strike","Reflex","Bane"],"picked":"SKIP","floor":27.0},{"not_picked":["Dagger Spray","Deflect"],"picked":"Backflip","floor":28.0},{"not_picked":["Terror","Blur"],"picked":"Deflect","floor":29.0},{"not_picked":["Choke","Bullet Time","Acrobatics"],"picked":"SKIP","floor":31.0},{"not_picked":["Venomology","Doppelganger"],"picked":"After Image","floor":33.0},{"not_picked":["Slice","Quick Slash","Underhanded Strike"],"picked":"SKIP","floor":35.0},{"not_picked":["Magnetism","Enlightenment"],"picked":"Master of Strategy","floor":37.0},{"not_picked":["Heel Hook+1","Outmaneuver"],"picked":"Escape Plan","floor":39.0},{"not_picked":["Dagger Spray","Concentrate"],"picked":"Footwork","floor":40.0},{"not_picked":["Outmaneuver+1","Deflect"],"picked":"PiercingWail+1","floor":42.0},{"not_picked":["Poisoned Stab","Flying Knee","Prepared"],"picked":"SKIP","floor":44.0},{"not_picked":["Slice","Prepared"],"picked":"Leg Sweep+1","floor":45.0},{"not_picked":["Backflip","Backstab"],"picked":"PiercingWail","floor":46.0},{"not_picked":["Blade Dance","Choke","Dagger Throw+1"],"picked":"SKIP","floor":47.0},{"not_picked":["A Thousand Cuts+1","Masterful Stab+1","Leg Sweep"],"picked":"SKIP","floor":48}],"player_experience":1151926,"relics_obtained":[{"floor":6.0,"key":"Pear"},{"floor":8.0,"key":"Happy Flower"},{"floor":11.0,"key":"Boot"},{"floor":26.0,"key":"Potion Belt"},{"floor":27.0,"key":"Darkstone Periapt"},{"floor":31.0,"key":"Kunai"},{"floor":36.0,"key":"The Specimen"},{"floor":40.0,"key":"Ancient Tea Set"},{"floor":43.0,"key":"Frozen Egg 2"},{"floor":47.0,"key":"Mercury Hourglass"}],"event_choices":[{"damage_healed":0.0,"max_hp_gain":0.0,"max_hp_loss":0.0,"gold_gain":75.0,"event_name":"World of Goop","player_choice":"Gather Gold","floor":2.0,"gold_loss":0.0,"damage_taken":11.0},{"damage_healed":0.0,"max_hp_gain":0.0,"max_hp_loss":0.0,"gold_gain":0.0,"event_name":"Accursed Blacksmith","player_choice":"Rummage","floor":3.0,"gold_loss":0.0,"damage_taken":0.0,"relics_obtained":["WarpedTongs"],"cards_obtained":["Pain"]},{"damage_healed":0.0,"max_hp_gain":0.0,"max_hp_loss":0.0,"gold_gain":0.0,"event_name":"Vampires","player_choice":"Ignored","floor":21.0,"gold_loss":0.0,"damage_taken":0.0},{"damage_healed":0.0,"max_hp_gain":0.0,"max_hp_loss":0.0,"gold_gain":0.0,"event_name":"Back to Basics","player_choice":"Simplicity","floor":22.0,"gold_loss":0.0,"damage_taken":0.0,"cards_upgraded":["Defend_G","Defend_G","Defend_G","Defend_G","Defend_G","Strike_G","Strike_G","Strike_G","Strike_G"]},{"damage_healed":0.0,"max_hp_gain":0.0,"max_hp_loss":0.0,"gold_gain":0.0,"event_name":"MindBloom","player_choice":"Fight","floor":36.0,"gold_loss":0.0,"damage_taken":0.0},{"damage_healed":0.0,"max_hp_gain":0.0,"max_hp_loss":0.0,"gold_gain":0.0,"event_name":"SensoryStone","player_choice":"Memory 1","floor":37.0,"gold_loss":0.0,"damage_taken":0.0}],"is_beta":true,"boss_relics":[{"not_picked":["Eternal Feather","HoveringKite"],"picked":"Velvet Choker"},{"not_picked":["Cursed Key","Sozu"],"picked":"Empty Cage"}],"items_purged_floors":[4,19,38],"is_endless":false,"potions_floor_spawned":[1,6,16,20,27,29,33,35,40,45,47,48],"killed_by":"Awakened One","ascension_level":20}