{"gold_per_floor":[117,117,130,155,171,202,202,202,226,226,226,54,54,73,73,168,168,183,183,202,202,214,214,214,214,238,67,67,67,100,15,15,119,119,137,151,0,19,35,68,68,68,122,139,158,184,184,184,184,184],"floor_reached":50,"playtime":5725,"items_purged":["Strike_B","Writhe"],"score":691,"play_id":"de019354-f868-4d90-81f5-d0d5f362065c","local_time":"20190417190938","is_ascension_mode":false,"campfire_choices":[{"data":"Zap","floor":8,"key":"SMITH"},{"floor":11,"key":"DIG"},{"floor":15,"key":"DIG"},{"data":"Coolheaded","floor":23,"key":"SMITH"},{"data":"Defragment","floor":25,"key":"SMITH"},{"floor":29,"key":"DIG"},{"data":"Ghostly","floor":32,"key":"SMITH"},{"floor":41,"key":"DIG"},{"floor":47,"key":"DIG"},{"floor":49,"key":"REST"}],"neow_cost":"NONE","seed_source_timestamp":104723244864333,"circlet_count":0,"master_deck":["Strike_B","Strike_B","Defend_B+1","Defend_B","Defend_B","Defend_B+1","Zap+1","Dualcast","Redo+1","Cold Snap+1","Go for the Eyes","Coolheaded+1","Defragment+1","Steam","White Noise","Electrodynamics","Barrage+1","Leap","Coolheaded+1","Ghostly+1","Ghostly+1","Ghostly","Ghostly","Ghostly","Melter+1","Hologram+1","Multi-Cast","Ball Lightning+1","Compile Driver+1","Ball Lightning","BootSequence","Beam Cell","Skim"],"relics":["Cracked Core","NeowsBlessing","Happy Flower","StoneCalendar","Orichalcum","Shovel","Meat on the Bone","Potion Belt","Ancient Tea Set","Sozu","Juzu Bracelet","Nilry\u0027s Codex","Pen Nib","Gremlin Horn","Pocketwatch","Mango","Busted Crown","Red Mask","Bottled Flame","War Paint","Whetstone","Bag of Preparation","Boot"],"potions_floor_usage":[],"damage_taken":[{"damage":0,"enemies":"Jaw Worm","floor":1,"turns":1},{"damage":0,"enemies":"Cultist","floor":3,"turns":1},{"damage":0,"enemies":"2 Louse","floor":5,"turns":1},{"damage":14,"enemies":"Gremlin Nob","floor":6,"turns":4},{"damage":3,"enemies":"Blue Slaver","floor":14,"turns":3},{"damage":0,"enemies":"Slime Boss","floor":16,"turns":8},{"damage":19,"enemies":"2 Thieves","floor":18,"turns":3},{"damage":5,"enemies":"Shell Parasite","floor":20,"turns":5},{"damage":16,"enemies":"Shelled Parasite and Fungi","floor":22,"turns":6},{"damage":19,"enemies":"Slavers","floor":30,"turns":5},{"damage":0,"enemies":"Automaton","floor":33,"turns":10},{"damage":0,"enemies":"3 Darklings","floor":35,"turns":5},{"damage":0,"enemies":"3 Shapes","floor":36,"turns":4},{"damage":16,"enemies":"Spire Growth","floor":38,"turns":6},{"damage":18,"enemies":"Jaw Worm Horde","floor":39,"turns":4},{"damage":0,"enemies":"Giant Head","floor":40,"turns":8},{"damage":1,"enemies":"4 Shapes","floor":44,"turns":2},{"damage":28,"enemies":"Writhing Mass","floor":45,"turns":5},{"damage":0,"enemies":"Reptomancer","floor":46,"turns":5},{"damage":49,"enemies":"Awakened One","floor":50,"turns":11}],"seed_played":"2363583761284384557","potions_obtained":[{"floor":5,"key":"Strength Potion"},{"floor":14,"key":"AttackPotion"},{"floor":16,"key":"FairyPotion"}],"is_trial":false,"path_per_floor":["M","?","M","T","M","E","?","R","T","T","R","$","?","M","R","B",null,"M","?","M","?","M","R","?","R","T","$","?","R","E","?","R","B",null,"M","M","?","M","M","E","R","?","T","M","M","E","R","?","R","B"],"character_chosen":"DEFECT","items_purchased":["Defragment","Steam","Melter"],"campfire_rested":1,"item_purchase_floors":[12,12,27],"current_hp_per_floor":[75,75,75,75,75,61,61,61,61,61,61,61,61,58,58,58,75,56,56,51,35,31,31,31,31,31,31,31,31,24,38,38,38,51,51,51,51,35,29,29,29,29,29,28,17,29,29,29,44,0],"gold":184,"neow_bonus":"THREE_ENEMY_KILL","is_prod":false,"is_daily":false,"chose_seed":false,"campfire_upgraded":4,"win_rate":0.0,"timestamp":1555508378,"path_taken":["M","?","?","?","M","E","?","R","T","?","R","$","?","M","R","BOSS","M","?","M","?","M","R","?","R","T","$","?","R","E","?","R","BOSS","M","M","?","M","M","E","R","?","T","M","M","E","R","?","R","BOSS"],"build_version":"2019-01-23","purchased_purges":2,"victory":false,"max_hp_per_floor":[75,75,75,75,75,75,75,75,75,75,75,75,75,75,75,75,75,75,75,75,75,75,75,37,37,37,37,37,37,37,51,51,51,51,51,51,51,51,51,51,51,51,51,51,51,51,51,51,51,51],"card_choices":[{"not_picked":["Reinforced Body","Hologram"],"picked":"Redo","floor":1},{"not_picked":["Tempest","Stack"],"picked":"Cold Snap","floor":3},{"not_picked":["Steam","Streamline"],"picked":"Go for the Eyes","floor":5},{"not_picked":["Stack","Seek"],"picked":"Coolheaded","floor":6},{"not_picked":["Go for the Eyes","Steam"],"picked":"White Noise","floor":14},{"not_picked":["Seek","All For One"],"picked":"Electrodynamics","floor":16},{"not_picked":["Redo","Go for the Eyes+1"],"picked":"Barrage+1","floor":18},{"not_picked":["Glacier","Fusion"],"picked":"Leap","floor":20},{"not_picked":["Rip and Tear","Fusion"],"picked":"Coolheaded+1","floor":22},{"not_picked":["Scrape","Fission"],"picked":"Hologram+1","floor":30},{"not_picked":["Fission","All For One"],"picked":"Multi-Cast","floor":33},{"not_picked":[],"picked":"Ball Lightning+1","floor":35},{"not_picked":[],"picked":"Compile Driver+1","floor":36},{"not_picked":[],"picked":"Ball Lightning","floor":38},{"not_picked":[],"picked":"BootSequence","floor":39},{"not_picked":["Consume+1"],"picked":"SKIP","floor":40},{"not_picked":[],"picked":"Beam Cell","floor":44},{"not_picked":[],"picked":"Skim","floor":45},{"not_picked":["Leap+1"],"picked":"SKIP","floor":46}],"player_experience":7271,"relics_obtained":[{"floor":4,"key":"Happy Flower"},{"floor":6,"key":"StoneCalendar"},{"floor":9,"key":"Orichalcum"},{"floor":10,"key":"Shovel"},{"floor":11,"key":"Meat on the Bone"},{"floor":15,"key":"Ancient Tea Set"},{"floor":21,"key":"Nilry\u0027s Codex"},{"floor":26,"key":"Pen Nib"},{"floor":29,"key":"Gremlin Horn"},{"floor":30,"key":"Pocketwatch"},{"floor":40,"key":"Bottled Flame"},{"floor":41,"key":"War Paint"},{"floor":43,"key":"Whetstone"},{"floor":46,"key":"Bag of Preparation"},{"floor":47,"key":"Boot"}],"event_choices":[{"damage_healed":0,"gold_gain":0,"player_choice":"Forge","damage_taken":0,"max_hp_gain":0,"max_hp_loss":0,"event_name":"Accursed Blacksmith","floor":2,"gold_loss":0,"cards_upgraded":["Redo"]},{"damage_healed":0,"gold_gain":0,"player_choice":"Ignored","damage_taken":0,"max_hp_gain":0,"max_hp_loss":0,"event_name":"Liars Game","floor":7,"gold_loss":0},{"damage_healed":0,"gold_gain":0,"player_choice":"Gave Potion","damage_taken":0,"relics_obtained":["Potion Belt"],"max_hp_gain":0,"max_hp_loss":0,"event_name":"WeMeetAgain","floor":13,"gold_loss":0},{"damage_healed":0,"gold_gain":0,"player_choice":"Opened","damage_taken":0,"relics_obtained":["Juzu Bracelet"],"max_hp_gain":0,"max_hp_loss":0,"event_name":"The Mausoleum","floor":19,"gold_loss":0,"cards_obtained":["Writhe"]},{"damage_healed":0,"gold_gain":0,"player_choice":"Obtained Book","damage_taken":16,"max_hp_gain":0,"max_hp_loss":0,"event_name":"Cursed Tome","floor":21,"gold_loss":0},{"damage_healed":0,"gold_gain":0,"player_choice":"Became a Ghost","damage_taken":0,"max_hp_gain":0,"max_hp_loss":38,"event_name":"Ghosts","floor":24,"gold_loss":0,"cards_obtained":["Ghostly","Ghostly","Ghostly","Ghostly","Ghostly"]},{"damage_healed":0,"gold_gain":0,"player_choice":"Upgraded","damage_taken":0,"max_hp_gain":0,"max_hp_loss":0,"event_name":"Upgrade Shrine","floor":28,"gold_loss":0,"cards_upgraded":["Ghostly"]},{"damage_healed":0,"gold_gain":0,"player_choice":"Obtained Relic","damage_taken":0,"relics_obtained":["Mango"],"max_hp_gain":0,"max_hp_loss":0,"event_name":"Addict","floor":31,"gold_loss":85},{"damage_healed":0,"gold_gain":0,"player_choice":"Paid","damage_taken":0,"relics_obtained":["Red Mask"],"max_hp_gain":0,"max_hp_loss":0,"event_name":"Tomb of Lord Red Mask","floor":37,"gold_loss":151},{"cards_removed":["Strike_B"],"damage_healed":0,"gold_gain":0,"player_choice":"Removed Attack","damage_taken":0,"max_hp_gain":0,"max_hp_loss":0,"event_name":"Falling","floor":42,"gold_loss":0},{"damage_healed":0,"gold_gain":0,"player_choice":"Got Potions","damage_taken":0,"max_hp_gain":0,"max_hp_loss":0,"event_name":"Lab","floor":48,"gold_loss":0}],"is_beta":false,"boss_relics":[{"not_picked":["Tiny House","Astrolabe"],"picked":"Sozu"},{"not_picked":["Runic Dome","Orrery"],"picked":"Busted Crown"}],"items_purged_floors":[12,27],"is_endless":false,"potions_floor_spawned":[5,14,16,30,33,38,39,44,45],"killed_by":"Awakened One","ascension_level":0}