{"path_per_floor":["M","M","M","M","?","R","E","$","T","E","?","?","T","$","R","B",null,"M","?","?","?","?","R","$","R","T","E","?","?","?","M","R","B",null,"M","M","$","M","?","?","?","E","T","R","?","M","M","?","R"],"character_chosen":"THE_SILENT","items_purchased":["Toolbox","Crippling Poison","Bouncing Flask","Noxious Fumes","Dagger Throw","Ninja Scroll"],"gold_per_floor":[115,127,138,152,327,327,360,22,74,105,105,131,155,40,40,164,164,183,183,183,183,98,98,11,11,64,103,103,103,103,116,116,242,242,257,276,32,46,0,0,333,361,407,407,407,418,438,484,484],"floor_reached":50,"campfire_rested":5,"playtime":5655,"current_hp_per_floor":[70,70,70,68,68,68,64,64,64,44,44,25,25,25,59,34,65,44,44,44,28,28,62,62,62,62,29,29,29,29,28,62,2,65,64,64,64,64,64,54,54,47,47,65,65,32,32,29,63],"items_purged":["Doubt"],"gold":484,"play_id":"8017aec5-ac47-4123-b23f-fb49ad58ae43","is_prod":false,"is_daily":false,"campfire_rituals":0,"campfire_upgraded":2,"is_hardmode":false,"path_taken":["M","?","M","M","?","R","E","?","T","E","?","?","?","$","R","BOSS","M","?","?","?","?","R","$","R","T","E","?","?","?","M","R","BOSS","M","M","$","M","?","?","?","E","T","R","?","M","M","?","R","BOSS"],"build_version":"2018-01-18-PROD4","purchased_purges":1,"victory":false,"master_deck":["Defend_G","Defend_G","Defend_G","Defend_G","Defend_G","Strike_G","Strike_G","Strike_G","Strike_G","Survivor","Neutralize","Dagger Throw","Terror","Slice","Quick Slash","Poisoned Stab","Crippling Poison","Quick Slash","Deadly Poison","Bouncing Flask","Tools of the Trade","Parasite","All Out Attack","Flying Knee","Dagger Throw","Noxious Fumes","Dagger Throw","Backflip","Poisoned Stab","Deadly Poison","Adrenaline","Slice","Dagger Throw","Die Die Die","Madness","Madness","Poisoned Stab","Poisoned Stab","Poisoned Stab","Choke","Quick Slash","Noxious Fumes"],"max_hp_per_floor":[70,70,70,70,70,70,70,70,70,70,65,65,65,65,65,65,65,65,65,65,65,65,65,65,65,65,65,65,65,65,65,65,65,65,65,65,65,65,65,65,65,65,65,65,65,65,65,65,65],"relics":["Ring of the Snake","Snake Skull","Juzu Bracelet","Toolbox","Regal Pillow","Matryoshka","Odd Mushroom","Molten Egg","Orichalcum","Calling Bell","Oddly Smooth Stone","Dream Catcher","Bag of Marbles","Spirit Poop","Enchiridion","Shuriken","Tough Bandages","Lantern","Ornamental Fan","Sozu","Ninja Scroll","Red Mask","Sundial","Whetstone","Gambling Chip"],"campfire_meditates":0,"card_choices":[{"not_picked":["Dagger Spray","Prepared"],"picked":"Dagger Throw"},{"not_picked":["Riddle With Holes","Sucker Punch"],"picked":"Terror"},{"not_picked":["Acrobatics","PiercingWail"],"picked":"Slice"},{"not_picked":["Prepared","Dagger Throw"],"picked":"Quick Slash"},{"not_picked":["Night Terror","Malaise"],"picked":"Poisoned Stab"},{"not_picked":["Finisher","Caltrops"],"picked":"Quick Slash"},{"not_picked":["Dodge and Roll","Dagger Throw"],"picked":"Deadly Poison"},{"not_picked":["Glass Knife","Unload"],"picked":"Tools of the Trade"},{"not_picked":["Escape Plan","Quick Slash"],"picked":"All Out Attack"},{"not_picked":["Acrobatics","Predator"],"picked":"Dagger Throw"},{"not_picked":["Quick Slash","Doppelganger"],"picked":"Backflip"},{"not_picked":["Sucker Punch","Dagger Throw"],"picked":"Poisoned Stab"},{"not_picked":["Dodge and Roll","Outmaneuver"],"picked":"Deadly Poison"},{"not_picked":["A Thousand Cuts","After Image"],"picked":"Adrenaline"},{"not_picked":["Deflect","Skewer"],"picked":"Slice"},{"not_picked":["Sucker Punch","Dagger Spray"],"picked":"Dagger Throw"},{"not_picked":["Backflip","Outmaneuver"],"picked":"Die Die Die"},{"not_picked":["Outmaneuver","Deflect"],"picked":"Poisoned Stab"},{"not_picked":["Slice","Predator"],"picked":"Poisoned Stab"},{"not_picked":["Skewer","Dagger Throw"],"picked":"Poisoned Stab"},{"not_picked":["Dagger Spray","Blur"],"picked":"Choke"},{"not_picked":["Dodge and Roll","Dagger Spray"],"picked":"Quick Slash"},{"not_picked":["Doppelganger","Deflect"],"picked":"Noxious Fumes"}],"player_experience":11671,"potions_floor_usage":[7,7,7,33],"damage_taken":[{"damage":0,"enemies":"Blue Slaver","floor":1,"turns":6},{"damage":0,"enemies":"2 Louse","floor":2,"turns":3},{"damage":0,"enemies":"Jaw Worm","floor":3,"turns":4},{"damage":2,"enemies":"Large Slime","floor":4,"turns":9},{"damage":4,"enemies":"3 Sentries","floor":7,"turns":6},{"damage":20,"enemies":"Gremlin Nob","floor":10,"turns":4},{"damage":19,"enemies":"The Mushroom Lair","floor":12,"turns":5},{"damage":25,"enemies":"Slime Boss","floor":16,"turns":12},{"damage":21,"enemies":"2 Thieves","floor":18,"turns":5},{"damage":33,"enemies":"Slavers","floor":27,"turns":5},{"damage":1,"enemies":"Spheric Guardian","floor":31,"turns":3},{"damage":60,"enemies":"Automaton","floor":33,"turns":8},{"damage":1,"enemies":"3 Darklings","floor":35,"turns":4},{"damage":0,"enemies":"Orb Walker","floor":36,"turns":3},{"damage":0,"enemies":"Maw","floor":38,"turns":5},{"damage":7,"enemies":"Giant Head","floor":42,"turns":6},{"damage":33,"enemies":"4 Shapes","floor":46,"turns":3},{"damage":0,"enemies":"3 Darklings","floor":47,"turns":1},{"damage":3,"enemies":"Mysterious Sphere","floor":48,"turns":2},{"damage":71,"enemies":"Donu and Deca","floor":50,"turns":5}],"event_choices":[{"event_name":"Liars Game","player_choice":"agreed","floor":5,"damage_taken":0},{"event_name":"Golden Idol","player_choice":"Lose Max HP","floor":11,"damage_taken":0},{"event_name":"Mushrooms","player_choice":"Fought Mushrooms","floor":12,"damage_taken":0},{"event_name":"Bonfire Elementals","player_choice":"CURSE","floor":19,"damage_taken":0},{"event_name":"The Library","player_choice":"Read","floor":20,"damage_taken":0},{"event_name":"Cursed Tome","player_choice":"Obtained Book","floor":21,"damage_taken":0},{"event_name":"Addict","player_choice":"Obtained Relic","floor":22,"damage_taken":0},{"event_name":"Back to Basics","player_choice":"Simplicity","floor":28,"damage_taken":0},{"event_name":"Purifier","player_choice":"One Purge","floor":29,"damage_taken":0},{"event_name":"Vampires","player_choice":"Ignored","floor":30,"damage_taken":0},{"event_name":"Tomb of Lord Red Mask","player_choice":"Paid","floor":39,"damage_taken":0},{"event_name":"Winding Halls","player_choice":"Embrace Madness","floor":40,"damage_taken":0},{"event_name":"The Moai Head","player_choice":"Gave Idol","floor":41,"damage_taken":0},{"event_name":"Mysterious Sphere","player_choice":"Fight","floor":48,"damage_taken":0}],"boss_relics":[{"not_picked":["Orrery","Tiny House"],"picked":"Calling Bell"},{"not_picked":["Runic Pyramid","Astrolabe"],"picked":"Sozu"}],"potions_floor_spawned":[2,3,4,7,12,27,42,46,48],"seed_played":"-9102844114408465442","killed_by":"Donu and Deca","is_trial":false}