{"gold_per_floor":[114,189,201,201,201,201,244,244,244,244,258,282,295,60,60,154,154,169,30,30,30,48,48,73,87,133,58,58,79,79,79,79,79],"floor_reached":33,"playtime":1157,"items_purged":["Strike_R"],"score":490,"play_id":"efad8825-5da9-4b82-8519-305c5077accf","local_time":"20190304032113","is_ascension_mode":true,"campfire_choices":[{"data":"Clothesline","floor":6.0,"key":"SMITH"},{"floor":8.0,"key":"REST"},{"data":"Disarm","floor":10.0,"key":"SMITH"},{"data":"True Grit","floor":15.0,"key":"SMITH"},{"data":"Immolate","floor":23.0,"key":"SMITH"},{"floor":28.0,"key":"REST"},{"data":"Feel No Pain","floor":30.0,"key":"SMITH"},{"floor":32.0,"key":"REST"}],"neow_cost":"NONE","seed_source_timestamp":2845348354840871,"circlet_count":0,"master_deck":["AscendersBane","Strike_R","Strike_R","Strike_R","Strike_R","Defend_R","Defend_R","Defend_R","Defend_R","Bash+1","Clothesline+1","Disarm+1","Havoc","True Grit+1","Immolate+1","Feel No Pain+1","Offering","Warcry","Shockwave","Feel No Pain","Shrug It Off","Havoc+1","Feel No Pain","Shame"],"special_seed":0,"relics":["Burning Blood","Golden Idol","Strawberry","Dead Branch","Turnip","Orrery","WingedGreaves"],"potions_floor_usage":[33],"damage_taken":[{"damage":7.0,"enemies":"Small Slimes","floor":1.0,"turns":4.0},{"damage":7.0,"enemies":"Jaw Worm","floor":3.0,"turns":3.0},{"damage":40.0,"enemies":"Lagavulin","floor":7.0,"turns":6.0},{"damage":2.0,"enemies":"2 Louse","floor":11.0,"turns":3.0},{"damage":9.0,"enemies":"Exordium Thugs","floor":12.0,"turns":4.0},{"damage":10.0,"enemies":"Blue Slaver","floor":13.0,"turns":5.0},{"damage":37.0,"enemies":"The Guardian","floor":16.0,"turns":15.0},{"damage":0.0,"enemies":"Chosen","floor":18.0,"turns":9.0},{"damage":25.0,"enemies":"Spheric Guardian","floor":22.0,"turns":8.0},{"damage":24.0,"enemies":"Snecko","floor":24.0,"turns":8.0},{"damage":20.0,"enemies":"Cultist and Chosen","floor":25.0,"turns":5.0},{"damage":6.0,"enemies":"Sentry and Sphere","floor":29.0,"turns":5.0},{"damage":53,"enemies":"Automaton","floor":33,"turns":8}],"seed_played":"2363551854101292459","potions_obtained":[{"floor":7.0,"key":"BloodPotion"},{"floor":12.0,"key":"AttackPotion"},{"floor":18.0,"key":"FearPotion"},{"floor":24.0,"key":"Energy Potion"},{"floor":29.0,"key":"Strength Potion"}],"is_trial":false,"path_per_floor":["M","?","M","?","?","R","E","R","T","R","M","M","M","$","R","B",null,"M","$","?","?","M","R","M","M","T","$","R","M","R","?","R","B"],"character_chosen":"IRONCLAD","items_purchased":["Immolate","Feel No Pain","Feel No Pain","Shrug It Off","Feel No Pain"],"campfire_rested":3,"item_purchase_floors":[14,14,19,19,27],"current_hp_per_floor":[67,56,55,55,57,57,23,45,45,45,49,46,42,42,42,18,61,67,67,67,67,48,48,30,16,16,16,38,38,38,38,60,7],"gold":79,"neow_bonus":"UPGRADE_CARD","is_prod":false,"is_daily":false,"chose_seed":false,"campfire_upgraded":5,"win_rate":0,"timestamp":1551698473,"path_taken":["M","?","M","?","?","R","E","R","T","R","M","M","M","$","R","BOSS","M","$","?","?","M","R","M","M","T","$","R","M","R","?","R","BOSS"],"build_version":"2019-02-06","purchased_purges":1,"victory":false,"max_hp_per_floor":[75,75,75,68,75,75,75,75,75,75,75,75,75,75,75,75,75,75,75,75,75,75,75,75,75,75,75,75,75,75,75,75,75],"card_choices":[{"not_picked":["Havoc","True Grit"],"picked":"Clothesline","floor":1.0},{"not_picked":["Clothesline","Rampage"],"picked":"Disarm","floor":3.0},{"not_picked":["Pommel Strike","Dropkick"],"picked":"Havoc","floor":7.0},{"not_picked":["Sentinel","Evolve"],"picked":"True Grit","floor":11.0},{"not_picked":["Flex","Pommel Strike","Wild Strike"],"picked":"SKIP","floor":12.0},{"not_picked":["Perfected Strike","Rupture","Cleave"],"picked":"SKIP","floor":13.0},{"not_picked":["Perfected Strike","Rupture","Cleave"],"picked":"SKIP","floor":13.0},{"not_picked":["Demon Form","Berserk"],"picked":"Offering","floor":16.0},{"not_picked":["Hemokinesis","Rampage"],"picked":"Warcry","floor":17.0},{"not_picked":["Body Slam","Anger"],"picked":"Shockwave","floor":17.0},{"not_picked":["Dual Wield+1","Anger","Sword Boomerang"],"picked":"SKIP","floor":18.0},{"not_picked":["Brutality","Whirlwind","Burning Pact"],"picked":"SKIP","floor":22.0},{"not_picked":["Blood for Blood+1","Flex","Cleave+1"],"picked":"SKIP","floor":24.0},{"not_picked":["Perfected Strike","Warcry"],"picked":"Havoc+1","floor":25.0},{"not_picked":["Sword Boomerang","Flex","Fire Breathing"],"picked":"SKIP","floor":29.0}],"player_experience":1311604,"relics_obtained":[{"floor":7.0,"key":"Dead Branch"},{"floor":9.0,"key":"Turnip"}],"event_choices":[{"damage_healed":0.0,"max_hp_gain":0.0,"max_hp_loss":0.0,"gold_gain":75.0,"event_name":"World of Goop","player_choice":"Gather Gold","floor":2.0,"gold_loss":0.0,"damage_taken":11.0},{"damage_healed":0.0,"max_hp_gain":0.0,"max_hp_loss":7.0,"gold_gain":0.0,"event_name":"Golden Idol","player_choice":"Lose Max HP","floor":4.0,"gold_loss":0.0,"damage_taken":0.0,"relics_obtained":["Golden Idol"]},{"damage_healed":0.0,"max_hp_gain":0.0,"max_hp_loss":0.0,"gold_gain":0.0,"event_name":"Scrap Ooze","player_choice":"Success","floor":5.0,"gold_loss":0.0,"damage_taken":5.0,"relics_obtained":["Strawberry"]},{"damage_healed":0.0,"max_hp_gain":0.0,"max_hp_loss":0.0,"gold_gain":0.0,"event_name":"Vampires","player_choice":"Ignored","floor":20.0,"gold_loss":0.0,"damage_taken":0.0},{"damage_healed":0.0,"max_hp_gain":0.0,"max_hp_loss":0.0,"gold_gain":0.0,"event_name":"Beggar","player_choice":"Ignored","floor":21.0,"gold_loss":0.0,"damage_taken":0.0},{"damage_healed":0.0,"max_hp_gain":0.0,"max_hp_loss":0.0,"gold_gain":0.0,"event_name":"Addict","player_choice":"Stole Relic","floor":31.0,"gold_loss":0.0,"damage_taken":0.0,"relics_obtained":["WingedGreaves"],"cards_obtained":["Shame"]}],"is_beta":true,"boss_relics":[{"not_picked":["Coffee Dripper","White Beast Statue"],"picked":"Orrery"}],"items_purged_floors":[14],"is_endless":false,"potions_floor_spawned":[7,12,13,18,24,29],"killed_by":"Automaton","ascension_level":20}