{"gold_per_floor":[111,111,36,46,66,98,98,123,123,150,150,168,168,195,195,269,269,281,331,331,331,19,19,31,60,84,84,116,136,7,32,32,106,106,116,0,999,999,999,1026,1026,1061,1084,1116,1116,1116,1116,389,389,389,389,389,389,37,67,67],"floor_reached":57,"playtime":3319,"items_purged":["Strike_R"],"score":2782,"play_id":"ea862ce8-1fae-407f-a2ed-61ceffd2067f","local_time":"20190323015426","is_ascension_mode":true,"campfire_choices":[{"data":"Armaments","floor":7.0,"key":"SMITH"},{"floor":11.0,"key":"REST"},{"data":"Juggernaut","floor":13.0,"key":"SMITH"},{"data":"Combust","floor":15.0,"key":"SMITH"},{"floor":23.0,"key":"REST"},{"floor":27.0,"key":"REST"},{"floor":32.0,"key":"REST"},{"data":"Juggernaut","floor":41,"key":"SMITH"},{"floor":46,"key":"RECALL"},{"data":"Feel No Pain","floor":49,"key":"SMITH"},{"data":"Feel No Pain","floor":53,"key":"SMITH"}],"neow_cost":"NONE","seed_source_timestamp":365034508591749,"circlet_count":0,"master_deck":["AscendersBane","Strike_R","Strike_R","Defend_R","Defend_R","Defend_R","Defend_R","Bash","Uppercut","Iron Wave","Armaments+1","Juggernaut+1","Rampage","Battle Trance","Disarm","Combust+1","Feed","Shrug It Off","Corruption","Armaments+1","Dual Wield+1","Battle Trance+1","True Grit+1","Shrug It Off+1","Bludgeon","Sentinel+1","Juggernaut+1","Offering+1","Flame Barrier+1","Feel No Pain+1","Feel No Pain+1","Reaper"],"special_seed":0,"relics":["Burning Blood","Sundial","Ginger","Torii","Bottled Tornado","Bag of Marbles","Snecko Eye","Nilry\u0027s Codex","Toxic Egg 2","Potion Belt","Strawberry","Pen Nib","Omamori","Coffee Dripper","Red Mask","Pantograph","Bag of Preparation","Juzu Bracelet","Dream Catcher","DollysMirror","Oddly Smooth Stone","Self Forming Clay","Happy Flower"],"potions_floor_usage":[42,42,44,50,56,56,56,56],"damage_taken":[{"damage":31.0,"enemies":"Jaw Worm","floor":1.0,"turns":5.0},{"damage":4.0,"enemies":"Small Slimes","floor":4.0,"turns":4.0},{"damage":2.0,"enemies":"2 Louse","floor":5.0,"turns":3.0},{"damage":24.0,"enemies":"Gremlin Nob","floor":6.0,"turns":4.0},{"damage":17.0,"enemies":"Lagavulin","floor":8.0,"turns":8.0},{"damage":27.0,"enemies":"Gremlin Nob","floor":10.0,"turns":4.0},{"damage":13.0,"enemies":"Large Slime","floor":12.0,"turns":6.0},{"damage":1.0,"enemies":"Lagavulin","floor":14.0,"turns":7.0},{"damage":22.0,"enemies":"The Guardian","floor":16.0,"turns":9.0},{"damage":10.0,"enemies":"3 Byrds","floor":18.0,"turns":4.0},{"damage":19.0,"enemies":"Spheric Guardian","floor":24.0,"turns":4.0},{"damage":17.0,"enemies":"Book of Stabbing","floor":25.0,"turns":5.0},{"damage":19.0,"enemies":"Slavers","floor":28.0,"turns":4.0},{"damage":16.0,"enemies":"Snake Plant","floor":29.0,"turns":5.0},{"damage":22.0,"enemies":"Book of Stabbing","floor":31.0,"turns":4.0},{"damage":67.0,"enemies":"Automaton","floor":33.0,"turns":9.0},{"damage":10.0,"enemies":"3 Shapes","floor":35.0,"turns":5.0},{"damage":23,"enemies":"Reptomancer","floor":40,"turns":6},{"damage":33,"enemies":"Giant Head","floor":42,"turns":8},{"damage":19,"enemies":"Nemesis","floor":44,"turns":8},{"damage":79,"enemies":"Awakened One","floor":50,"turns":19},{"damage":35,"enemies":"Time Eater","floor":51,"turns":12},{"damage":4,"enemies":"Shield and Spear","floor":55,"turns":4},{"damage":76,"enemies":"The Heart","floor":56,"turns":13}],"seed_played":"-697059470666794889","potions_obtained":[{"floor":0.0,"key":"Strength Potion"},{"floor":0.0,"key":"Dexterity Potion"},{"floor":6.0,"key":"FearPotion"},{"floor":12.0,"key":"Block Potion"},{"floor":24.0,"key":"FearPotion"},{"floor":28.0,"key":"Strength Potion"},{"floor":29.0,"key":"Dexterity Potion"},{"floor":33.0,"key":"Swift Potion"},{"floor":44,"key":"Block Potion"},{"floor":55,"key":"PowerPotion"}],"is_trial":false,"path_per_floor":["M","?","?","M","M","E","R","E","T","E","R","M","R","E","R","B",null,"M","?","?","?","$","R","M","E","T","R","E","M","$","E","R","B",null,"M","?","?","?","T","E","R","E","T","E","?","R","?","$","R","B","B",null,"R","$","E","B",null],"character_chosen":"IRONCLAD","items_purchased":["Toxic Egg 2","Armaments+1","Shrug It Off+1","Bludgeon","Feel No Pain","DollysMirror","SpeedPotion","Regen Potion","Energy Potion","Oddly Smooth Stone","Ancient Potion","Self Forming Clay"],"campfire_rested":4,"item_purchase_floors":[22,22,30,30,48,48,48,48,48,48,54,54],"current_hp_per_floor":[43,68,68,70,74,56,56,45,45,24,46,39,39,44,44,28,63,59,59,38,38,38,60,47,40,47,72,63,53,53,41,69,8,73,73,73,73,73,73,56,56,29,29,19,19,19,83,83,83,25,21,68,68,68,74,21],"gold":67,"neow_bonus":"THREE_SMALL_POTIONS","is_prod":false,"is_daily":false,"chose_seed":false,"campfire_upgraded":6,"win_rate":0,"timestamp":1553331266,"path_taken":["M","?","?","M","M","E","R","E","T","E","R","M","R","E","R","BOSS","M","?","?","?","$","R","?","E","T","R","E","M","$","E","R","BOSS","M","?","?","?","?","E","R","E","T","E","?","R","?","$","R","BOSS","BOSS","R","$","E","BOSS"],"build_version":"2019-03-15","purchased_purges":1,"victory":true,"max_hp_per_floor":[75,75,75,75,75,75,75,75,75,75,75,75,75,75,75,75,75,75,75,75,75,75,75,75,79,86,86,90,90,90,94,94,94,94,98,98,98,98,98,98,98,98,98,101,101,101,83,83,83,83,83,83,83,83,87,87],"card_choices":[{"not_picked":["Clash","Seeing Red"],"picked":"Uppercut","floor":1.0},{"not_picked":["Fire Breathing","Headbutt"],"picked":"Iron Wave","floor":4.0},{"not_picked":["Havoc","Corruption"],"picked":"Armaments","floor":5.0},{"not_picked":["Corruption","Infernal Blade"],"picked":"Juggernaut","floor":6.0},{"not_picked":["Anger","Havoc"],"picked":"Rampage","floor":8.0},{"not_picked":["Rupture","Flex"],"picked":"Battle Trance","floor":10.0},{"not_picked":["Sever Soul","Flex"],"picked":"Disarm","floor":12.0},{"not_picked":["Perfected Strike","Warcry"],"picked":"Combust","floor":14.0},{"not_picked":["Double Tap","Reaper"],"picked":"Feed","floor":16.0},{"not_picked":["Reckless Charge","Battle Trance"],"picked":"Shrug It Off","floor":18.0},{"not_picked":["Metallicize","Twin Strike"],"picked":"Dual Wield+1","floor":24.0},{"not_picked":["Rampage","Flex+1"],"picked":"Battle Trance+1","floor":25.0},{"not_picked":["Body Slam","Flex+1","Havoc+1"],"picked":"SKIP","floor":28.0},{"not_picked":["Sever Soul","Twin Strike"],"picked":"True Grit+1","floor":29.0},{"not_picked":["Headbutt","Corruption"],"picked":"Sentinel+1","floor":31.0},{"not_picked":["Dark Embrace","Exhume+1"],"picked":"Juggernaut","floor":33.0},{"not_picked":["Inflame+1","Thunderclap","Clash"],"picked":"SKIP","floor":35.0},{"not_picked":["Iron Wave","Twin Strike"],"picked":"Offering+1","floor":40},{"not_picked":["Battle Trance+1","Power Through+1"],"picked":"Flame Barrier+1","floor":42},{"not_picked":["Hemokinesis+1","Perfected Strike","Heavy Blade"],"picked":"SKIP","floor":44},{"not_picked":["Twin Strike","Rampage+1"],"picked":"Reaper","floor":55}],"player_experience":1368090,"relics_obtained":[{"floor":6.0,"key":"Sundial"},{"floor":8.0,"key":"Ginger"},{"floor":9.0,"key":"Torii"},{"floor":10.0,"key":"Bottled Tornado"},{"floor":14.0,"key":"Bag of Marbles"},{"floor":20.0,"key":"Nilry\u0027s Codex"},{"floor":25.0,"key":"Potion Belt"},{"floor":26.0,"key":"Strawberry"},{"floor":28.0,"key":"Pen Nib"},{"floor":31.0,"key":"Omamori"},{"floor":40,"key":"Pantograph"},{"floor":42,"key":"Bag of Preparation"},{"floor":43,"key":"Juzu Bracelet"},{"floor":44,"key":"Dream Catcher"},{"floor":55,"key":"Happy Flower"}],"event_choices":[{"damage_healed":25.0,"max_hp_gain":0.0,"max_hp_loss":0.0,"gold_gain":0.0,"event_name":"Big Fish","player_choice":"Banana","floor":2.0,"gold_loss":0.0,"damage_taken":0.0},{"cards_removed":["Strike_R"],"damage_healed":0.0,"max_hp_gain":0.0,"max_hp_loss":0.0,"gold_gain":0.0,"event_name":"The Cleric","player_choice":"Card Removal","floor":3.0,"gold_loss":75.0,"damage_taken":0.0},{"damage_healed":0.0,"max_hp_gain":0.0,"max_hp_loss":0.0,"gold_gain":50.0,"event_name":"Nest","player_choice":"Stole From Cult","floor":19.0,"gold_loss":0.0,"damage_taken":0.0},{"damage_healed":0.0,"max_hp_gain":0.0,"max_hp_loss":0.0,"gold_gain":0.0,"event_name":"Cursed Tome","player_choice":"Obtained Book","floor":20.0,"gold_loss":0.0,"damage_taken":21.0},{"damage_healed":0.0,"max_hp_gain":0.0,"max_hp_loss":0.0,"gold_gain":0.0,"event_name":"The Library","player_choice":"Read","floor":21.0,"gold_loss":0.0,"damage_taken":0.0,"cards_obtained":["Corruption"]},{"damage_healed":0.0,"max_hp_gain":0.0,"max_hp_loss":0.0,"gold_gain":0.0,"event_name":"Tomb of Lord Red Mask","player_choice":"Paid","floor":36.0,"gold_loss":116.0,"damage_taken":0.0,"relics_obtained":["Red Mask"]},{"damage_healed":0.0,"max_hp_gain":0.0,"max_hp_loss":0.0,"gold_gain":999.0,"event_name":"MindBloom","player_choice":"Gold","floor":37.0,"gold_loss":0.0,"damage_taken":0.0,"cards_obtained":["Normality","Normality"]},{"damage_healed":0,"gold_gain":0,"player_choice":"Memory 1","damage_taken":0,"max_hp_gain":0,"max_hp_loss":0,"event_name":"SensoryStone","floor":38,"gold_loss":0},{"cards_removed":["Strike_R"],"damage_healed":0,"gold_gain":0,"player_choice":"Removed Attack","damage_taken":0,"max_hp_gain":0,"max_hp_loss":0,"event_name":"Falling","floor":45,"gold_loss":0},{"damage_healed":83,"gold_gain":0,"player_choice":"Heal","damage_taken":0,"max_hp_gain":0,"max_hp_loss":18,"event_name":"The Moai Head","floor":47,"gold_loss":0}],"is_beta":true,"boss_relics":[{"not_picked":["Empty Cage","Sozu"],"picked":"Snecko Eye"},{"not_picked":["Runic Cube","Mark of Pain"],"picked":"Coffee Dripper"}],"items_purged_floors":[48],"is_endless":false,"potions_floor_spawned":[4,6,12,14,24,28,29,33,35,44,55],"ascension_level":20}