{"gold_per_floor":[112,125,125,143,158,158,177,197,197,197,215,215,229,248,248,347,347,336,353,368,124,143,143,143],"floor_reached":24,"playtime":2091,"items_purged":[],"score":304,"play_id":"92be7c87-42cc-45d5-863b-a5c99c3597c8","local_time":"20190419212631","is_ascension_mode":true,"campfire_choices":[{"data":"Malaise","floor":6.0,"key":"SMITH"},{"data":"Backflip","floor":10.0,"key":"SMITH"},{"data":"Noxious Fumes","floor":15.0,"key":"SMITH"},{"floor":23,"key":"REST"}],"neow_cost":"NONE","seed_source_timestamp":0,"circlet_count":0,"master_deck":["AscendersBane","Survivor","Neutralize+1","Bane","Dagger Spray","Night Terror","Malaise+1","Dash","Backstab","Backflip+1","Crippling Poison","Backflip","Noxious Fumes+1","Burst","Flying Knee","Acrobatics","Dagger Throw","Flying Knee","Dodge and Roll","Masterful Stab","After Image","A Thousand Cuts","Predator","Catalyst","Cloak And Dagger","Dodge and Roll+1","Bane+1"],"special_seed":0,"relics":["Ring of the Snake","Strawberry","Pandora\u0027s Box","Molten Egg 2"],"potions_floor_usage":[24],"damage_taken":[{"damage":1.0,"enemies":"Small Slimes","floor":1.0,"turns":3.0},{"damage":1.0,"enemies":"Cultist","floor":2.0,"turns":5.0},{"damage":4.0,"enemies":"2 Louse","floor":4.0,"turns":4.0},{"damage":9.0,"enemies":"Lots of Slimes","floor":5.0,"turns":3.0},{"damage":5.0,"enemies":"Exordium Wildlife","floor":7.0,"turns":8.0},{"damage":1.0,"enemies":"Looter","floor":8.0,"turns":3.0},{"damage":6.0,"enemies":"Exordium Thugs","floor":11.0,"turns":6.0},{"damage":0.0,"enemies":"Red Slaver","floor":13.0,"turns":5.0},{"damage":0.0,"enemies":"Blue Slaver","floor":14.0,"turns":4.0},{"damage":30.0,"enemies":"Slime Boss","floor":16.0,"turns":10.0},{"damage":6.0,"enemies":"2 Thieves","floor":18.0,"turns":4.0},{"damage":10.0,"enemies":"Shell Parasite","floor":19.0,"turns":7.0},{"damage":14.0,"enemies":"Cultist and Chosen","floor":20.0,"turns":6.0},{"damage":9.0,"enemies":"Centurion and Healer","floor":22.0,"turns":9.0},{"damage":47,"enemies":"Slavers","floor":24,"turns":3}],"seed_played":"6779760819363297005","potions_obtained":[{"floor":1.0,"key":"AttackPotion"},{"floor":2.0,"key":"SkillPotion"},{"floor":5.0,"key":"Swift Potion"},{"floor":8.0,"key":"Fire Potion"},{"floor":11.0,"key":"FearPotion"},{"floor":16.0,"key":"Weak Potion"},{"floor":20.0,"key":"Strength Potion"}],"is_trial":false,"path_per_floor":["M","M","?","M","M","R","M","M","T","R","M","?","M","M","R","B",null,"M","M","M","$","M","R","E"],"character_chosen":"THE_SILENT","items_purchased":["Molten Egg 2"],"campfire_rested":1,"item_purchase_floors":[21],"current_hp_per_floor":[62,61,61,57,48,48,43,42,49,49,43,43,43,43,43,13,61,55,45,31,31,22,45,0],"gold":143,"neow_bonus":"UPGRADE_CARD","is_prod":false,"is_daily":false,"chose_seed":false,"campfire_upgraded":3,"win_rate":0,"timestamp":1555701991,"path_taken":["M","M","?","M","?","R","M","M","T","R","?","?","M","M","R","BOSS","M","M","?","$","M","R","E"],"build_version":"2019-01-23","purchased_purges":0,"victory":false,"max_hp_per_floor":[70,70,70,70,70,70,70,70,77,77,77,77,77,77,77,77,77,77,77,77,77,77,77,77],"card_choices":[{"not_picked":["Concentrate","Riddle With Holes"],"picked":"Bane","floor":1.0},{"not_picked":["Bane","Endless Agony"],"picked":"Dagger Spray","floor":2.0},{"not_picked":["Outmaneuver","Cloak And Dagger"],"picked":"Malaise","floor":4.0},{"not_picked":["Dodge and Roll","Slice"],"picked":"Dash","floor":5.0},{"not_picked":["Bane","Setup"],"picked":"Backstab","floor":7.0},{"not_picked":["Deflect","Prepared"],"picked":"Backflip","floor":8.0},{"not_picked":["Underhanded Strike","Unload"],"picked":"Crippling Poison","floor":11.0},{"not_picked":["Tactician","Dagger Spray"],"picked":"Backflip","floor":13.0},{"not_picked":["Bane","Quick Slash"],"picked":"Noxious Fumes","floor":14.0},{"not_picked":["After Image","Doppelganger"],"picked":"Burst","floor":16.0},{"not_picked":["Bane","Predator+1"],"picked":"Catalyst","floor":18.0},{"not_picked":["Well Laid Plans","Leg Sweep"],"picked":"Cloak And Dagger","floor":19.0},{"not_picked":["Dagger Spray","Expertise+1"],"picked":"Dodge and Roll+1","floor":20.0},{"not_picked":["Slice+1","Predator+1"],"picked":"Bane+1","floor":22}],"player_experience":669347,"relics_obtained":[{"floor":9.0,"key":"Strawberry"}],"event_choices":[{"damage_healed":0.0,"max_hp_gain":0.0,"max_hp_loss":0.0,"gold_gain":0.0,"cards_transformed":["Strike_G"],"event_name":"Transmorgrifier","player_choice":"Transformed","floor":3.0,"gold_loss":0.0,"damage_taken":0.0,"cards_obtained":["Night Terror"]},{"damage_healed":0.0,"max_hp_gain":0.0,"max_hp_loss":0.0,"gold_gain":0.0,"event_name":"The Woman in Blue","player_choice":"Bought 0 Potions","floor":12.0,"gold_loss":0.0,"damage_taken":0.0}],"is_beta":false,"boss_relics":[{"not_picked":["Coffee Dripper","Lizard Tail"],"picked":"Pandora\u0027s Box"}],"items_purged_floors":[],"is_endless":false,"potions_floor_spawned":[1,2,5,8,11,13,16,20],"killed_by":"Slavers","ascension_level":11}