{"gold_per_floor":[112,126,176,13,32,66,77,77,127,127,140,140,190,209,209,282,282],"floor_reached":17,"playtime":429,"items_purged":[],"score":314,"play_id":"ebafd22e-4c2f-4360-aa3e-dabb1ff1e48e","local_time":"20190131213444","is_ascension_mode":true,"campfire_choices":[{"data":"Zap","floor":8.0,"key":"SMITH"},{"data":"Dualcast","floor":10.0,"key":"SMITH"},{"data":"Beam Cell","floor":12.0,"key":"SMITH"},{"data":"Steam","floor":15.0,"key":"SMITH"}],"neow_cost":"NONE","seed_source_timestamp":791427020500296,"circlet_count":0,"master_deck":["AscendersBane","Strike_B","Defend_B","Defend_B","Defend_B","Defend_B","Zap+1","Dualcast+1","All For One","Ball Lightning","Coolheaded","Self Repair+1","Loop+1","Beam Cell+1","Steam+1","Thunder Strike","Reinforced Body+1","Machine Learning+1","Multi-Cast+1"],"special_seed":0,"relics":["Cracked Core","Vajra","Frozen Egg 2","Bag of Preparation","Astrolabe"],"potions_floor_usage":[16,16],"damage_taken":[{"damage":2.0,"enemies":"Cultist","floor":1.0,"turns":4.0},{"damage":0.0,"enemies":"2 Louse","floor":2.0,"turns":2.0},{"damage":2.0,"enemies":"Jaw Worm","floor":5.0,"turns":2.0},{"damage":27.0,"enemies":"Gremlin Nob","floor":6.0,"turns":4.0},{"damage":4.0,"enemies":"Looter","floor":7.0,"turns":3.0},{"damage":17.0,"enemies":"Gremlin Gang","floor":11.0,"turns":4.0},{"damage":3.0,"enemies":"Blue Slaver","floor":14.0,"turns":3.0},{"damage":16,"enemies":"Slime Boss","floor":16,"turns":7}],"seed_played":"-4719123765947954393","potions_obtained":[{"floor":1.0,"key":"Ancient Potion"},{"floor":7.0,"key":"Strength Potion"},{"floor":11.0,"key":"FearPotion"},{"floor":16,"key":"Weak Potion"}],"is_trial":false,"path_per_floor":["M","M","?","$","M","E","M","R","T","R","M","R","?","M","R","B",null],"character_chosen":"DEFECT","items_purchased":["Vajra"],"campfire_rested":0,"item_purchase_floors":[4],"current_hp_per_floor":[62,62,55,55,53,26,32,32,32,32,25,25,25,32,32,16,16],"gold":282,"neow_bonus":"ONE_RANDOM_RARE_CARD","is_prod":false,"is_daily":false,"chose_seed":false,"campfire_upgraded":4,"win_rate":0,"timestamp":1548999284,"path_taken":["M","M","?","$","M","E","M","R","T","R","?","R","?","M","R","BOSS"],"build_version":"2019-01-23","purchased_purges":0,"victory":false,"max_hp_per_floor":[71,71,71,71,71,71,71,71,71,71,71,71,71,71,71,71,71],"card_choices":[{"not_picked":["Reinforced Body","Steam"],"picked":"Ball Lightning","floor":1.0},{"not_picked":["White Noise","Loop"],"picked":"Coolheaded","floor":2.0},{"not_picked":["Lockon","Blizzard","Leap"],"picked":"SKIP","floor":5.0},{"not_picked":["White Noise","Rebound"],"picked":"Self Repair","floor":6.0},{"not_picked":["Consume","Steam Power"],"picked":"Loop+1","floor":7.0},{"not_picked":["Ball Lightning","Conserve Battery"],"picked":"Beam Cell","floor":11.0},{"not_picked":["Doom and Gloom","Barrage"],"picked":"Steam","floor":14.0},{"not_picked":["Rainbow","Multi-Cast"],"picked":"Thunder Strike","floor":16}],"player_experience":1048429,"relics_obtained":[{"floor":6.0,"key":"Frozen Egg 2"},{"floor":9.0,"key":"Bag of Preparation"}],"event_choices":[{"damage_healed":0.0,"max_hp_gain":0.0,"max_hp_loss":0.0,"gold_gain":50.0,"event_name":"FaceTrader","player_choice":"Touch","floor":3.0,"gold_loss":0.0,"damage_taken":7.0},{"damage_healed":0.0,"max_hp_gain":0.0,"max_hp_loss":0.0,"gold_gain":50.0,"event_name":"Golden Shrine","player_choice":"Pray","floor":13.0,"gold_loss":0.0,"damage_taken":0.0}],"is_beta":true,"boss_relics":[{"not_picked":["Sozu","Velvet Choker"],"picked":"Astrolabe"}],"items_purged_floors":[],"is_endless":false,"potions_floor_spawned":[1,7,11,14,16],"ascension_level":20}