{"gold_per_floor":[110,110,110,110,122,151,163,197,222,235,235,261,261,279,279,350,350,363,279,229,249,98,98,133,133,188,205,240,253,283,293,293,369,369,379,479,495,495,495,528,372,405,429,429,440,440,485,504,504,504,504,504,504,20,52,52],"floor_reached":56,"playtime":2525,"items_purged":["Strike_R","Strike_R+1","Strike_R+1"],"score":1996,"play_id":"1ea1c68c-73b0-498c-8af7-f58285551f63","local_time":"20190215234727","is_ascension_mode":true,"campfire_choices":[{"data":"Limit Break","floor":11.0,"key":"SMITH"},{"data":"Demon Form","floor":13.0,"key":"SMITH"},{"data":"Bash","floor":15.0,"key":"SMITH"},{"floor":23.0,"key":"REST"},{"data":"Shrug It Off","floor":32.0,"key":"SMITH"},{"floor":46.0,"key":"RECALL"},{"data":"Strike_R+1","floor":49.0,"key":"PURGE"},{"floor":53.0,"key":"REST"}],"neow_cost":"PERCENT_DAMAGE","seed_source_timestamp":1849105341827860,"circlet_count":0,"master_deck":["AscendersBane","Strike_R+1","Defend_R+1","Defend_R+1","Defend_R+1","Defend_R+1","Bash+1","Evolve","Limit Break+1","Demon Form+1","Headbutt","Shrug It Off+1","Sword Boomerang","Spot Weakness","Limit Break","True Grit+1","Battle Trance","Offering","Anger","Spot Weakness","True Grit+1","Flex","Headbutt","Sword Boomerang","Power Through"],"special_seed":0,"relics":["Burning Blood","Juzu Bracelet","Bronze Scales","Anchor","Odd Mushroom","Runic Dome","PreservedInsect","Dodecahedron","Bag of Preparation","Meat on the Bone","Art of War","Runic Pyramid","Peace Pipe","CultistMask","Strawberry","Ornamental Fan","Magic Flower","Frozen Eye","Pear"],"potions_floor_usage":[56,56],"damage_taken":[{"damage":7.0,"enemies":"Jaw Worm","floor":1.0,"turns":3.0},{"damage":0.0,"enemies":"2 Louse","floor":5.0,"turns":1.0},{"damage":10.0,"enemies":"3 Sentries","floor":6.0,"turns":4.0},{"damage":0.0,"enemies":"Cultist","floor":7.0,"turns":2.0},{"damage":27.0,"enemies":"Lagavulin","floor":8.0,"turns":6.0},{"damage":0.0,"enemies":"Blue Slaver","floor":10.0,"turns":3.0},{"damage":16.0,"enemies":"The Mushroom Lair","floor":12.0,"turns":4.0},{"damage":4.0,"enemies":"Red Slaver","floor":14.0,"turns":5.0},{"damage":22.0,"enemies":"Hexaghost","floor":16.0,"turns":6.0},{"damage":7.0,"enemies":"Chosen","floor":18.0,"turns":3.0},{"damage":33.0,"enemies":"3 Byrds","floor":21.0,"turns":3.0},{"damage":24.0,"enemies":"Slavers","floor":24.0,"turns":3.0},{"damage":15.0,"enemies":"Shelled Parasite and Fungi","floor":27.0,"turns":3.0},{"damage":18.0,"enemies":"Book of Stabbing","floor":28.0,"turns":3.0},{"damage":13.0,"enemies":"Snake Plant","floor":29.0,"turns":3.0},{"damage":10.0,"enemies":"Slavers","floor":30.0,"turns":2.0},{"damage":12.0,"enemies":"3 Cultists","floor":31.0,"turns":3.0},{"damage":33.0,"enemies":"Champ","floor":33.0,"turns":5.0},{"damage":22.0,"enemies":"3 Darklings","floor":35.0,"turns":3.0},{"damage":0.0,"enemies":"Mind Bloom Boss Battle","floor":36.0,"turns":3.0},{"damage":24.0,"enemies":"3 Shapes","floor":37.0,"turns":9.0},{"damage":6.0,"enemies":"Nemesis","floor":40.0,"turns":3.0},{"damage":11.0,"enemies":"Giant Head","floor":42.0,"turns":3.0},{"damage":31.0,"enemies":"Writhing Mass","floor":45.0,"turns":5.0},{"damage":33.0,"enemies":"2 Orb Walkers","floor":47.0,"turns":5.0},{"damage":18.0,"enemies":"Maw","floor":48.0,"turns":5.0},{"damage":58.0,"enemies":"Time Eater","floor":50.0,"turns":5.0},{"damage":19.0,"enemies":"Donu and Deca","floor":51.0,"turns":5.0},{"damage":30,"enemies":"Shield and Spear","floor":55,"turns":4},{"damage":111,"enemies":"The Heart","floor":56,"turns":5}],"seed_played":"-7680256052265287712","potions_obtained":[{"floor":1.0,"key":"Fruit Juice"},{"floor":5.0,"key":"Energy Potion"},{"floor":10.0,"key":"SteroidPotion"},{"floor":29.0,"key":"Poison Potion"},{"floor":36.0,"key":"SneckoOil"},{"floor":40.0,"key":"Block Potion"}],"is_trial":false,"path_per_floor":["M","?","?","?","M","E","M","E","T","M","R","?","R","M","R","B",null,"M","?","?","M","$","R","E","?","T","M","E","M","E","M","R","B",null,"M","?","M","?","?","E","$","E","T","?","M","R","?","M","R","B","B",null,"R","$","E","B"],"character_chosen":"IRONCLAD","items_purchased":["Battle Trance","Swift Potion","Strength Potion","BloodPotion","Frozen Eye"],"campfire_rested":2,"item_purchase_floors":[22,41,54,54,54],"current_hp_per_floor":[49,54,54,54,60,56,62,41,41,52,52,42,42,44,44,28,71,70,70,70,43,43,68,50,50,50,41,29,34,42,48,48,33,72,56,62,56,56,56,63,63,58,58,102,77,77,62,71,71,40,48,89,102,102,91,0],"gold":52,"neow_bonus":"THREE_RARE_CARDS","is_prod":false,"is_daily":false,"chose_seed":false,"campfire_upgraded":4,"win_rate":0,"timestamp":1550303247,"path_taken":["M","?","?","?","M","E","M","E","T","M","R","?","R","M","R","BOSS","M","?","?","M","$","R","E","?","T","M","E","M","E","M","R","BOSS","M","?","M","?","?","E","?","E","T","?","M","R","?","M","R","BOSS","BOSS","R","$","E","BOSS"],"build_version":"2019-02-06","purchased_purges":3,"victory":false,"max_hp_per_floor":[75,80,80,80,80,80,80,80,80,85,85,85,85,85,85,85,85,85,85,85,85,85,85,85,85,85,85,85,85,85,85,85,85,85,85,85,85,85,85,92,92,92,92,102,102,102,102,102,102,102,102,102,102,102,112,112],"card_choices":[{"not_picked":["Limit Break","Demon Form"],"picked":"Immolate","floor":0.0},{"not_picked":["Inflame","Ghostly Armor"],"picked":"Evolve","floor":1.0},{"not_picked":["Hemokinesis","True Grit","Seeing Red"],"picked":"SKIP","floor":5.0},{"not_picked":["Pommel Strike","Searing Blow"],"picked":"Demon Form","floor":6.0},{"not_picked":["Rupture","True Grit"],"picked":"Headbutt","floor":7.0},{"not_picked":["Ghostly Armor","Immolate"],"picked":"Shrug It Off","floor":8.0},{"not_picked":["Cleave","Armaments","Wild Strike"],"picked":"SKIP","floor":10.0},{"not_picked":["Twin Strike","Clash"],"picked":"Sword Boomerang","floor":12.0},{"not_picked":["Thunderclap","Battle Trance"],"picked":"Spot Weakness","floor":14.0},{"not_picked":["Demon Form","Bludgeon"],"picked":"Limit Break","floor":16.0},{"not_picked":["Sword Boomerang","Infernal Blade"],"picked":"True Grit","floor":18.0},{"not_picked":["Body Slam","Perfected Strike","Rupture+1"],"picked":"SKIP","floor":21.0},{"not_picked":["Perfected Strike","Cleave","Headbutt"],"picked":"SKIP","floor":24.0},{"not_picked":["Wild Strike","Shrug It Off"],"picked":"Offering","floor":27.0},{"not_picked":["Spot Weakness","Wild Strike"],"picked":"Anger","floor":28.0},{"not_picked":["Thunderclap","Whirlwind","Sentinel"],"picked":"SKIP","floor":29.0},{"not_picked":["Metallicize","Iron Wave","Clothesline"],"picked":"SKIP","floor":30.0},{"not_picked":["Double Tap","Sword Boomerang"],"picked":"Spot Weakness","floor":31.0},{"not_picked":["Blood for Blood","True Grit","Thunderclap"],"picked":"SKIP","floor":35.0},{"not_picked":["Blood for Blood","Thunderclap"],"picked":"True Grit","floor":35.0},{"not_picked":["Iron Wave","Armaments","Havoc"],"picked":"SKIP","floor":37.0},{"not_picked":["Berserk","Iron Wave"],"picked":"Flex","floor":40.0},{"not_picked":["Headbutt","Infernal Blade+1","Iron Wave+1"],"picked":"SKIP","floor":42.0},{"not_picked":["Infernal Blade+1","Iron Wave+1"],"picked":"Headbutt","floor":42.0},{"not_picked":["Thunderclap","Iron Wave","Spot Weakness"],"picked":"SKIP","floor":45.0},{"not_picked":["Sever Soul+1","Cleave"],"picked":"Sword Boomerang","floor":48.0},{"not_picked":["Spot Weakness","Fire Breathing"],"picked":"Power Through","floor":55}],"player_experience":1181142,"relics_obtained":[{"floor":6.0,"key":"Juzu Bracelet"},{"floor":8.0,"key":"Bronze Scales"},{"floor":9.0,"key":"Anchor"},{"floor":12.0,"key":"Odd Mushroom"},{"floor":24.0,"key":"Dodecahedron"},{"floor":26.0,"key":"Bag of Preparation"},{"floor":28.0,"key":"Meat on the Bone"},{"floor":30.0,"key":"Art of War"},{"floor":36.0,"key":"Peace Pipe"},{"floor":40.0,"key":"Strawberry"},{"floor":42.0,"key":"Ornamental Fan"},{"floor":47.0,"key":"Magic Flower"},{"floor":55,"key":"Pear"}],"event_choices":[{"damage_healed":0.0,"max_hp_gain":5.0,"max_hp_loss":0.0,"gold_gain":0.0,"event_name":"Big Fish","player_choice":"Donut","floor":2.0,"gold_loss":0.0,"damage_taken":0.0},{"damage_healed":0.0,"max_hp_gain":0.0,"max_hp_loss":0.0,"gold_gain":0.0,"event_name":"Living Wall","player_choice":"Grow","floor":3.0,"gold_loss":0.0,"damage_taken":0.0,"cards_upgraded":["Immolate"]},{"damage_healed":0.0,"max_hp_gain":0.0,"max_hp_loss":0.0,"gold_gain":0.0,"event_name":"Match and Keep!","player_choice":"1 cards matched","floor":4.0,"gold_loss":0.0,"damage_taken":0.0,"cards_obtained":["Limit Break"]},{"damage_healed":0.0,"max_hp_gain":0.0,"max_hp_loss":0.0,"gold_gain":0.0,"event_name":"Mushrooms","player_choice":"Fought Mushrooms","floor":12.0,"gold_loss":0.0,"damage_taken":0.0},{"damage_healed":0.0,"max_hp_gain":0.0,"max_hp_loss":0.0,"gold_gain":0.0,"event_name":"WeMeetAgain","player_choice":"Paid Gold","floor":19.0,"gold_loss":84.0,"damage_taken":0.0,"relics_obtained":["PreservedInsect"]},{"damage_healed":0.0,"max_hp_gain":0.0,"max_hp_loss":0.0,"gold_gain":0.0,"event_name":"Designer","player_choice":"Upgrade","floor":20.0,"gold_loss":50.0,"damage_taken":0.0,"cards_upgraded":["True Grit"]},{"damage_healed":0.0,"max_hp_gain":0.0,"max_hp_loss":0.0,"gold_gain":0.0,"event_name":"Back to Basics","player_choice":"Simplicity","floor":25.0,"gold_loss":0.0,"damage_taken":0.0,"cards_upgraded":["Strike_R","Strike_R","Strike_R","Strike_R","Defend_R","Defend_R","Defend_R","Defend_R"]},{"damage_healed":0.0,"max_hp_gain":0.0,"max_hp_loss":0.0,"gold_gain":0.0,"event_name":"MindBloom","player_choice":"Fight","floor":36.0,"gold_loss":0.0,"damage_taken":0.0},{"damage_healed":0.0,"max_hp_gain":0.0,"max_hp_loss":0.0,"gold_gain":0.0,"event_name":"Accursed Blacksmith","player_choice":"Forge","floor":38.0,"gold_loss":0.0,"damage_taken":0.0,"cards_upgraded":["True Grit"]},{"damage_healed":0.0,"max_hp_gain":0.0,"max_hp_loss":0.0,"gold_gain":0.0,"event_name":"FaceTrader","player_choice":"Trade","floor":39.0,"gold_loss":0.0,"damage_taken":0.0,"relics_obtained":["CultistMask"]},{"cards_removed":["Immolate"],"damage_healed":34.0,"max_hp_gain":10.0,"max_hp_loss":0.0,"gold_gain":0.0,"event_name":"Bonfire Elementals","player_choice":"Offered Rare","floor":44.0,"gold_loss":0.0,"damage_taken":0.0},{"damage_healed":0.0,"max_hp_gain":0.0,"max_hp_loss":0.0,"gold_gain":0.0,"event_name":"Mysterious Sphere","player_choice":"Fight","floor":47.0,"gold_loss":0.0,"damage_taken":0.0}],"is_beta":true,"boss_relics":[{"not_picked":["Fusion Hammer","Philosopher\u0027s Stone"],"picked":"Runic Dome"},{"not_picked":["Pandora\u0027s Box","Runic Cube"],"picked":"Runic Pyramid"}],"items_purged_floors":[22,41,54],"is_endless":false,"potions_floor_spawned":[1,5,10,14,18,21,29,36,40,42],"killed_by":"The Heart","ascension_level":20}