{"gold_per_floor":[116,116,116,216,92,92,123,123,123,123,148,188,89,110,110,233,233,251,266,284,302,342,342],"floor_reached":23,"playtime":1861,"items_purged":["Strike_B","Strike_B"],"score":249,"play_id":"31424fcc-553d-4bc0-ac16-e4a556fecc92","local_time":"20190413023213","is_ascension_mode":false,"campfire_choices":[{"data":"Dualcast","floor":6.0,"key":"SMITH"},{"data":"Coolheaded","floor":8.0,"key":"SMITH"},{"data":"Streamline","floor":10.0,"key":"SMITH"},{"data":"Streamline","floor":15.0,"key":"SMITH"}],"neow_cost":"NONE","seed_source_timestamp":0,"circlet_count":0,"master_deck":["Strike_B","Strike_B","Defend_B","Defend_B","Defend_B","Zap","Dualcast+1","Conserve Battery","Streamline+1","Coolheaded+1","Coolheaded","Streamline+1","Ball Lightning","Compile Driver","Seek","Auto Shields","Chaos","Compile Driver","Capacitor","Storm+1"],"special_seed":0,"relics":["Cracked Core","Golden Idol","Blood Vial","Sundial","Smiling Mask","Velvet Choker","Red Mask"],"potions_floor_usage":[],"damage_taken":[{"damage":6.0,"enemies":"Cultist","floor":1.0,"turns":3.0},{"damage":21.0,"enemies":"Lagavulin","floor":7.0,"turns":6.0},{"damage":4.0,"enemies":"Jaw Worm","floor":11.0,"turns":2.0},{"damage":18.0,"enemies":"3 Sentries","floor":12.0,"turns":8.0},{"damage":1.0,"enemies":"Small Slimes","floor":14.0,"turns":3.0},{"damage":0.0,"enemies":"Slime Boss","floor":16.0,"turns":6.0},{"damage":0.0,"enemies":"Chosen","floor":18.0,"turns":3.0},{"damage":0.0,"enemies":"Shell Parasite","floor":19.0,"turns":4.0},{"damage":0.0,"enemies":"Chosen and Byrds","floor":20.0,"turns":6.0},{"damage":16.0,"enemies":"3 Cultists","floor":21.0,"turns":5.0},{"damage":13.0,"enemies":"Masked Bandits","floor":22.0,"turns":4.0},{"damage":73,"enemies":"Slavers","floor":23,"turns":4}],"seed_played":"-7087371776288067721","potions_obtained":[{"floor":1.0,"key":"Ancient Potion"},{"floor":11.0,"key":"Regen Potion"},{"floor":14.0,"key":"EssenceOfSteel"},{"floor":18.0,"key":"Block Potion"},{"floor":21.0,"key":"AttackPotion"}],"is_trial":false,"path_per_floor":["M","?","?","?","$","R","E","R","T","R","M","E","$","M","R","B",null,"M","M","M","M","?","E"],"character_chosen":"DEFECT","items_purchased":["Streamline","Ball Lightning"],"campfire_rested":0,"item_purchase_floors":[5,13],"current_hp_per_floor":[76,69,49,49,49,49,28,28,28,28,26,25,25,26,26,28,82,82,82,82,66,55,0],"gold":342,"neow_bonus":"TEN_PERCENT_HP_BONUS","is_prod":false,"is_daily":false,"chose_seed":false,"campfire_upgraded":4,"win_rate":0.0,"timestamp":1555137133,"path_taken":["M","?","?","?","$","R","E","R","T","R","?","E","$","M","R","BOSS","M","?","M","M","?","E"],"build_version":"2019-01-23","purchased_purges":2,"victory":false,"max_hp_per_floor":[82,82,82,82,82,82,82,82,82,82,82,82,82,82,82,82,82,82,82,82,82,82,82],"card_choices":[{"not_picked":["Storm","Go for the Eyes"],"picked":"Conserve Battery","floor":1.0},{"not_picked":["Steam Power","Hello World"],"picked":"Coolheaded","floor":7.0},{"not_picked":["Barrage","Sweeping Beam"],"picked":"Coolheaded","floor":11.0},{"not_picked":["Blizzard","Loop"],"picked":"Streamline","floor":12.0},{"not_picked":["Aggregate","Skim"],"picked":"Compile Driver","floor":14.0},{"not_picked":["Machine Learning","Multi-Cast"],"picked":"Seek","floor":16.0},{"not_picked":["Gash+1","Melter"],"picked":"Auto Shields","floor":18.0},{"not_picked":["Reinforced Body","Storm"],"picked":"Chaos","floor":19.0},{"not_picked":["Hologram","Conserve Battery"],"picked":"Compile Driver","floor":20.0},{"not_picked":["Go for the Eyes","Streamline"],"picked":"Capacitor","floor":21.0},{"not_picked":["Sweeping Beam","Go for the Eyes"],"picked":"Storm+1","floor":22}],"player_experience":95602,"relics_obtained":[{"floor":7.0,"key":"Blood Vial"},{"floor":9.0,"key":"Sundial"},{"floor":12.0,"key":"Smiling Mask"},{"floor":22,"key":"Red Mask"}],"event_choices":[{"cards_removed":["Defend_B"],"damage_healed":0.0,"max_hp_gain":0.0,"max_hp_loss":0.0,"gold_gain":0.0,"event_name":"Golden Wing","player_choice":"Card Removal","floor":2.0,"gold_loss":0.0,"damage_taken":7.0},{"damage_healed":0.0,"max_hp_gain":0.0,"max_hp_loss":0.0,"gold_gain":0.0,"event_name":"Golden Idol","player_choice":"Take Damage","floor":3.0,"gold_loss":0.0,"damage_taken":20.0,"relics_obtained":["Golden Idol"]},{"damage_healed":0.0,"max_hp_gain":0.0,"max_hp_loss":0.0,"gold_gain":100.0,"event_name":"Golden Shrine","player_choice":"Pray","floor":4.0,"gold_loss":0.0,"damage_taken":0.0},{"damage_healed":0.0,"max_hp_gain":0.0,"max_hp_loss":0.0,"gold_gain":0.0,"event_name":"Masked Bandits","player_choice":"Fought Bandits","floor":22.0,"gold_loss":0.0,"damage_taken":0.0}],"is_beta":false,"boss_relics":[{"not_picked":["Ectoplasm","Runic Dome"],"picked":"Velvet Choker"}],"items_purged_floors":[5,13],"is_endless":false,"potions_floor_spawned":[1,11,14,18,21],"killed_by":"Slavers","ascension_level":0}