{"path_per_floor":["M","?","$","M","M","E","M","E","T","R","M","T","E","M","R","B",null,"M","?","M","?","M","R"],"character_chosen":"THE_SILENT","items_purchased":["Bane","Deadly Poison"],"gold_per_floor":[115,115,44,61,72,102,122,153,178,178,198,198,233,245,245,345,345,356,356,367,367,382,382],"floor_reached":24,"campfire_rested":3,"playtime":2321,"current_hp_per_floor":[64,64,64,64,64,56,50,33,33,54,45,45,29,23,44,30,70,42,42,30,21,9,31],"items_purged":[],"gold":382,"play_id":"67f8da3b-c027-4c3b-bc5e-e961d5f8041f","is_prod":false,"is_daily":false,"campfire_rituals":0,"campfire_upgraded":0,"is_hardmode":false,"path_taken":["M","?","$","M","M","E","M","E","T","R","M","?","E","M","R","BOSS","M","?","?","?","M","R","M"],"build_version":"2018-01-18-PROD4","purchased_purges":0,"victory":false,"master_deck":["Defend_G","Defend_G","Defend_G","Defend_G","Defend_G","Strike_G","Strike_G","Strike_G","Strike_G","Strike_G","Survivor","Neutralize","Backflip","Bane","Deadly Poison","Venomology","Calculated Gamble","Deadly Poison","Flying Knee","Masterful Stab","Bane","Catalyst","Catalyst","Night Terror","Flying Knee","Outmaneuver","Quick Slash","Flying Knee"],"max_hp_per_floor":[70,70,70,70,70,70,70,70,70,70,70,70,70,70,70,70,70,70,70,70,75,75,75],"relics":["Ring of the Snake","Unceasing Top","Gambling Chip","Bronze Scales","Letter Opener","War Paint","Black Star"],"campfire_meditates":0,"card_choices":[{"not_picked":["PiercingWail","Poisoned Stab"],"picked":"Backflip"},{"not_picked":["Outmaneuver","Slice"],"picked":"Venomology"},{"not_picked":["Prepared","Slice"],"picked":"Calculated Gamble"},{"not_picked":["Slice","All Out Attack"],"picked":"Deadly Poison"},{"not_picked":["Dagger Throw","Deflect"],"picked":"Flying Knee"},{"not_picked":["Caltrops","Distraction"],"picked":"Masterful Stab"},{"not_picked":["Calculated Gamble","PiercingWail"],"picked":"Bane"},{"not_picked":["Slice","Backstab"],"picked":"Catalyst"},{"not_picked":["Dagger Spray","Envenom"],"picked":"Catalyst"},{"not_picked":["Glass Knife","Wraith Form"],"picked":"Night Terror"},{"not_picked":["Eviscerate","Acrobatics"],"picked":"Flying Knee"},{"not_picked":["Dodge and Roll","Malaise"],"picked":"Quick Slash"},{"not_picked":["Backflip","Sucker Punch"],"picked":"Flying Knee"}],"player_experience":18201,"potions_floor_usage":[6,6,8,8,8,13,18,18,20,22,24,24,24],"damage_taken":[{"damage":6,"enemies":"2 Louse","floor":1,"turns":3},{"damage":0,"enemies":"Blue Slaver","floor":4,"turns":4},{"damage":0,"enemies":"Jaw Worm","floor":5,"turns":3},{"damage":8,"enemies":"Gremlin Nob","floor":6,"turns":4},{"damage":6,"enemies":"Exordium Thugs","floor":7,"turns":6},{"damage":17,"enemies":"3 Sentries","floor":8,"turns":8},{"damage":9,"enemies":"Large Slime","floor":11,"turns":7},{"damage":16,"enemies":"Lagavulin","floor":13,"turns":4},{"damage":6,"enemies":"3 Louse","floor":14,"turns":2},{"damage":14,"enemies":"The Guardian","floor":16,"turns":6},{"damage":28,"enemies":"2 Thieves","floor":18,"turns":5},{"damage":12,"enemies":"Shell Parasite","floor":20,"turns":3},{"damage":12,"enemies":"Snake Plant","floor":22,"turns":3},{"damage":36,"enemies":"Centurion and Healer","floor":24,"turns":3}],"event_choices":[{"event_name":"The Lab","player_choice":"Got Potions","floor":2,"damage_taken":0},{"event_name":"The Library","player_choice":"Read","floor":19,"damage_taken":0},{"event_name":"Forgotten Altar","player_choice":"Shed Blood","floor":21,"damage_taken":0}],"boss_relics":[{"not_picked":["Lizard Tail","Eternal Feather"],"picked":"Black Star"}],"potions_floor_spawned":[4,5,7,16,18],"seed_played":"8636366470297072940","killed_by":"Centurion and Healer","is_trial":false}