{"gold_per_floor":[109,123,25,43,59,59,116,116,116,151,177,197,197,197],"floor_reached":14,"playtime":347,"items_purged":[],"score":200,"play_id":"bcd74433-234d-479e-bd76-4c0308ef4fd0","local_time":"20190217210336","is_ascension_mode":true,"campfire_choices":[{"data":"Defragment","floor":6,"key":"SMITH"},{"data":"Hyperbeam","floor":8,"key":"SMITH"}],"neow_cost":"NONE","seed_source_timestamp":1975960137192430,"circlet_count":0,"master_deck":["AscendersBane","Strike_B","Strike_B","Strike_B","Strike_B","Defend_B","Defend_B","Defend_B","Defend_B","Zap+1","Dualcast","Hyperbeam+1","Ball Lightning","Defragment+1","Ball Lightning","Genetic Algorithm","Genetic Algorithm","Genetic Algorithm","Hologram"],"special_seed":0,"relics":["Cracked Core","Tiny Chest","Matryoshka","Bottled Lightning","Odd Mushroom"],"potions_floor_usage":[5,12,12,14],"damage_taken":[{"damage":2.0,"enemies":"Jaw Worm","floor":1.0,"turns":3.0},{"damage":0.0,"enemies":"2 Louse","floor":2.0,"turns":3.0},{"damage":6.0,"enemies":"Cultist","floor":4.0,"turns":3.0},{"damage":1,"enemies":"Lots of Slimes","floor":5,"turns":2},{"damage":29,"enemies":"3 Sentries","floor":7,"turns":4},{"damage":25,"enemies":"Lagavulin","floor":10,"turns":6},{"damage":0,"enemies":"The Mushroom Lair","floor":11,"turns":1},{"damage":0,"enemies":"Large Slime","floor":12,"turns":3},{"damage":6,"enemies":"Blue Slaver","floor":14,"turns":1}],"seed_played":"-1189779366628914629","potions_obtained":[{"floor":4.0,"key":"Explosive Potion"},{"floor":10,"key":"AttackPotion"},{"floor":11,"key":"FearPotion"},{"floor":12,"key":"Regen Potion"}],"is_trial":false,"path_per_floor":["M","M","$","M","M","R","E","R","T","E","?","M","?","M"],"character_chosen":"DEFECT","items_purchased":["Ball Lightning","Defragment"],"campfire_rested":0,"item_purchase_floors":[3,3],"current_hp_per_floor":[62,62,62,56,55,55,26,26,26,1,1,1,1,0],"gold":197,"neow_bonus":"ONE_RANDOM_RARE_CARD","is_prod":false,"is_daily":false,"chose_seed":false,"campfire_upgraded":2,"win_rate":0,"timestamp":1550466216,"path_taken":["M","M","$","M","M","R","E","R","T","E","?","M","?","M"],"build_version":"2019-02-06","purchased_purges":0,"victory":false,"max_hp_per_floor":[71,71,71,71,71,71,71,71,71,71,71,71,71,71],"card_choices":[{"not_picked":["Barrage","Stack","Storm"],"picked":"SKIP","floor":1.0},{"not_picked":["Self Repair","Leap","Aggregate"],"picked":"SKIP","floor":2.0},{"not_picked":["Rip and Tear","Hologram"],"picked":"Ball Lightning","floor":4.0},{"not_picked":["Barrage","Self Repair"],"picked":"Genetic Algorithm","floor":5},{"not_picked":["Rebound","Skim"],"picked":"Genetic Algorithm","floor":7},{"not_picked":["Recycle","Rainbow"],"picked":"Genetic Algorithm","floor":10},{"not_picked":["Undo","Sweeping Beam"],"picked":"Hologram","floor":11},{"not_picked":["Stack","Compile Driver","Tempest"],"picked":"SKIP","floor":12}],"player_experience":1193582,"relics_obtained":[{"floor":7,"key":"Tiny Chest"},{"floor":9,"key":"Matryoshka"},{"floor":10,"key":"Bottled Lightning"},{"floor":11,"key":"Odd Mushroom"}],"event_choices":[{"damage_healed":0,"gold_gain":0,"player_choice":"Fought Mushrooms","damage_taken":0,"max_hp_gain":0,"max_hp_loss":0,"event_name":"Mushrooms","floor":11,"gold_loss":0},{"damage_healed":0,"gold_gain":0,"player_choice":"Forge","damage_taken":0,"max_hp_gain":0,"max_hp_loss":0,"event_name":"Accursed Blacksmith","floor":13,"gold_loss":0,"cards_upgraded":["Zap"]}],"is_beta":true,"boss_relics":[],"items_purged_floors":[],"is_endless":false,"potions_floor_spawned":[4,10,11,12],"killed_by":"Blue Slaver","ascension_level":20}