{"gold_per_floor":[116,135,135,210,210,210,224,224,224,224,248,282,315,32,32,32],"floor_reached":16,"playtime":507,"items_purged":[],"score":200,"play_id":"d80fdc73-730c-4940-8919-9fc5dac8e104","local_time":"20190202020431","is_ascension_mode":true,"campfire_choices":[{"data":"A Thousand Cuts","floor":6.0,"key":"SMITH"},{"data":"Cloak And Dagger","floor":8.0,"key":"SMITH"},{"data":"Corpse Explosion","floor":10.0,"key":"SMITH"},{"floor":15.0,"key":"REST"}],"neow_cost":"NONE","seed_source_timestamp":888736022779092,"circlet_count":0,"master_deck":["AscendersBane","Defend_G","Defend_G","Defend_G","Defend_G","Defend_G","Strike_G","Strike_G","Strike_G","Strike_G","Strike_G","Survivor","Neutralize","A Thousand Cuts+1","Deflect","Cloak And Dagger+1","Corpse Explosion+1","Footwork","Adrenaline","PiercingWail","Well Laid Plans","Deflect"],"special_seed":0,"relics":["Ring of the Snake","Golden Idol","Kunai","MawBank","PreservedInsect"],"potions_floor_usage":[],"damage_taken":[{"damage":2.0,"enemies":"2 Louse","floor":1.0,"turns":3.0},{"damage":7.0,"enemies":"Small Slimes","floor":2.0,"turns":4.0},{"damage":2.0,"enemies":"Jaw Worm","floor":7.0,"turns":5.0},{"damage":9.0,"enemies":"Red Slaver","floor":11.0,"turns":4.0},{"damage":24.0,"enemies":"Gremlin Nob","floor":12.0,"turns":5.0},{"damage":3.0,"enemies":"Exordium Thugs","floor":13.0,"turns":6.0},{"damage":30,"enemies":"The Guardian","floor":16,"turns":2}],"seed_played":"4188026236142986959","potions_obtained":[{"floor":2.0,"key":"SpeedPotion"},{"floor":11.0,"key":"GamblersBrew"}],"is_trial":false,"path_per_floor":["M","M","?","?","?","R","M","R","T","R","M","E","M","$","R","B"],"character_chosen":"THE_SILENT","items_purchased":["Well Laid Plans","PreservedInsect","Deflect"],"campfire_rested":1,"item_purchase_floors":[14,14,14],"current_hp_per_floor":[57,50,50,39,39,39,37,37,37,37,28,4,1,1,19,0],"gold":32,"neow_bonus":"ONE_RANDOM_RARE_CARD","is_prod":false,"is_daily":false,"chose_seed":false,"campfire_upgraded":3,"win_rate":0,"timestamp":1549101871,"path_taken":["M","M","?","?","?","R","M","R","T","R","M","E","?","?","R","BOSS"],"build_version":"2019-01-23","purchased_purges":0,"victory":false,"max_hp_per_floor":[66,66,60,60,60,60,60,60,60,60,60,60,60,60,60,60],"card_choices":[{"not_picked":["Outmaneuver","Underhanded Strike"],"picked":"Deflect","floor":1.0},{"not_picked":["Eviscerate","Acrobatics"],"picked":"Cloak And Dagger","floor":2.0},{"not_picked":["Bane","Caltrops","Setup"],"picked":"SKIP","floor":7.0},{"not_picked":["Heel Hook","Deadly Poison"],"picked":"Footwork","floor":11.0},{"not_picked":["Dash","Outmaneuver"],"picked":"Adrenaline","floor":12.0},{"not_picked":["Slice","Deadly Poison"],"picked":"PiercingWail","floor":13.0}],"player_experience":1066849,"relics_obtained":[{"floor":9.0,"key":"Kunai"},{"floor":12.0,"key":"MawBank"}],"event_choices":[{"damage_healed":0.0,"max_hp_gain":0.0,"max_hp_loss":6.0,"gold_gain":0.0,"event_name":"Golden Idol","player_choice":"Lose Max HP","floor":3.0,"gold_loss":0.0,"damage_taken":0.0,"relics_obtained":["Golden Idol"]},{"damage_healed":0.0,"max_hp_gain":0.0,"max_hp_loss":0.0,"gold_gain":75.0,"event_name":"World of Goop","player_choice":"Gather Gold","floor":4.0,"gold_loss":0.0,"damage_taken":11.0},{"damage_healed":0.0,"max_hp_gain":0.0,"max_hp_loss":0.0,"gold_gain":0.0,"event_name":"Match and Keep!","player_choice":"1 cards matched","floor":5.0,"gold_loss":0.0,"damage_taken":0.0,"cards_obtained":["Corpse Explosion"]}],"is_beta":true,"boss_relics":[],"items_purged_floors":[],"is_endless":false,"potions_floor_spawned":[2,11],"killed_by":"The Guardian","ascension_level":20}