{"gold_per_floor":[109,109,125,50,125,125,154,171,197,217,63,63,76,92,92,169,169,185,185,285,285],"floor_reached":21,"playtime":562,"items_purged":["Strike_B"],"score":358,"play_id":"6842f545-d86d-4471-b3a8-d360a9f043f2","local_time":"20190212013457","is_ascension_mode":true,"campfire_choices":[{"data":"Zap","floor":6.0,"key":"SMITH"},{"data":"Hyperbeam","floor":12.0,"key":"SMITH"},{"data":"Conserve Battery","floor":15.0,"key":"SMITH"}],"neow_cost":"TEN_PERCENT_HP_LOSS","seed_source_timestamp":1595658402999046,"circlet_count":0,"master_deck":["AscendersBane","Strike_B","Strike_B","Defend_B","Defend_B","Defend_B","Defend_B","Zap+1","Dualcast","Cold Snap","Ball Lightning","Hyperbeam+1","Conserve Battery+1","Core Surge","Ball Lightning","Rainbow","Coolheaded","Genetic Algorithm+1"],"special_seed":0,"relics":["Cracked Core","Bird Faced Urn","Strawberry","Cables","Bag of Preparation","Black Star","StoneCalendar","Toxic Egg 2"],"potions_floor_usage":[20],"damage_taken":[{"damage":2.0,"enemies":"Jaw Worm","floor":1.0,"turns":4.0},{"damage":1.0,"enemies":"Small Slimes","floor":3.0,"turns":5.0},{"damage":18.0,"enemies":"Lagavulin","floor":7.0,"turns":6.0},{"damage":0.0,"enemies":"2 Louse","floor":8.0,"turns":1.0},{"damage":0.0,"enemies":"Large Slime","floor":10.0,"turns":3.0},{"damage":0.0,"enemies":"2 Fungi Beasts","floor":13.0,"turns":1.0},{"damage":0.0,"enemies":"Exordium Thugs","floor":14.0,"turns":2.0},{"damage":25.0,"enemies":"Hexaghost","floor":16.0,"turns":9.0},{"damage":11.0,"enemies":"2 Thieves","floor":18.0,"turns":2.0},{"damage":15,"enemies":"Colosseum Slavers","floor":20,"turns":3},{"damage":16,"enemies":"Colosseum Nobs","floor":20,"turns":4},{"damage":7,"enemies":"Shell Parasite","floor":21,"turns":3}],"seed_played":"-8973419648658867321","potions_obtained":[{"floor":3.0,"key":"Block Potion"},{"floor":7.0,"key":"Explosive Potion"},{"floor":18.0,"key":"Explosive Potion"}],"is_trial":false,"path_per_floor":["M","?","M","?","?","R","E","M","T","M","$","R","M","M","R","B",null,"M","?","?","M"],"character_chosen":"DEFECT","items_purchased":["Core Surge"],"campfire_rested":0,"item_purchase_floors":[11],"current_hp_per_floor":[62,58,57,57,46,46,28,28,28,28,28,28,28,28,28,3,54,43,43,12,5],"gold":285,"neow_bonus":"ONE_RARE_RELIC","is_prod":false,"is_daily":false,"chose_seed":false,"campfire_upgraded":3,"win_rate":0,"timestamp":1549964097,"path_taken":["M","?","M","?","?","R","E","M","T","M","$","R","M","M","R","BOSS","M","?","?","M"],"build_version":"2019-02-06","purchased_purges":1,"victory":false,"max_hp_per_floor":[64,71,71,71,71,71,71,71,71,71,71,71,71,71,71,71,71,71,71,71,71],"card_choices":[{"not_picked":["Reinforced Body","Force Field"],"picked":"Cold Snap","floor":1.0},{"not_picked":["Doom and Gloom","Static Discharge"],"picked":"Ball Lightning","floor":3.0},{"not_picked":["Reboot","Turbo"],"picked":"Hyperbeam","floor":7.0},{"not_picked":["Leap","Reprogram"],"picked":"Conserve Battery","floor":8.0},{"not_picked":["Storm","Redo","Stack"],"picked":"SKIP","floor":10.0},{"not_picked":["Turbo","Redo","Self Repair"],"picked":"SKIP","floor":13.0},{"not_picked":["Chill","Sweeping Beam"],"picked":"Ball Lightning","floor":14.0},{"not_picked":["All For One","Multi-Cast"],"picked":"Rainbow","floor":16.0},{"not_picked":["Melter","Gash"],"picked":"Coolheaded","floor":18.0},{"not_picked":["Recycle","Turbo"],"picked":"Genetic Algorithm","floor":20}],"player_experience":1140429,"relics_obtained":[{"floor":7.0,"key":"Cables"},{"floor":9.0,"key":"Bag of Preparation"},{"floor":20,"key":"StoneCalendar"},{"floor":20,"key":"Toxic Egg 2"}],"event_choices":[{"damage_healed":0.0,"max_hp_gain":0.0,"max_hp_loss":0.0,"gold_gain":0.0,"event_name":"Scrap Ooze","player_choice":"Success","floor":2.0,"gold_loss":0.0,"damage_taken":11.0,"relics_obtained":["Strawberry"]},{"cards_removed":["Strike_B"],"damage_healed":0.0,"max_hp_gain":0.0,"max_hp_loss":0.0,"gold_gain":0.0,"event_name":"The Cleric","player_choice":"Card Removal","floor":4.0,"gold_loss":75.0,"damage_taken":0.0},{"damage_healed":0.0,"max_hp_gain":0.0,"max_hp_loss":0.0,"gold_gain":75.0,"event_name":"World of Goop","player_choice":"Gather Gold","floor":5.0,"gold_loss":0.0,"damage_taken":11.0},{"damage_healed":0.0,"max_hp_gain":0.0,"max_hp_loss":0.0,"gold_gain":0.0,"event_name":"The Mausoleum","player_choice":"Ignored","floor":19.0,"gold_loss":0.0,"damage_taken":0.0},{"damage_healed":0,"gold_gain":0,"player_choice":"Fight","damage_taken":0,"max_hp_gain":0,"max_hp_loss":0,"event_name":"Colosseum","floor":20,"gold_loss":0},{"damage_healed":0,"gold_gain":0,"player_choice":"Fought Nobs","damage_taken":0,"max_hp_gain":0,"max_hp_loss":0,"event_name":"Colosseum","floor":20,"gold_loss":0}],"is_beta":true,"boss_relics":[{"not_picked":["Pandora\u0027s Box","Inserter"],"picked":"Black Star"}],"items_purged_floors":[11],"is_endless":false,"potions_floor_spawned":[3,7,10,14,18],"killed_by":"Shell Parasite","ascension_level":20}