{"gold_per_floor":[114,114,134,12,25,52,65,39,66,66,91,91,116,16,16,16],"floor_reached":16,"playtime":1278,"items_purged":["Strike_R","Strike_R"],"score":102,"play_id":"61d75d64-d389-44b5-bff6-dce5818cd78e","local_time":"20190417212646","is_ascension_mode":false,"campfire_choices":[{"data":"True Grit","floor":12,"key":"SMITH"},{"floor":15,"key":"REST"}],"neow_cost":"NONE","seed_source_timestamp":117409390917488,"circlet_count":0,"master_deck":["Strike_R","Strike_R","Defend_R","Defend_R","Defend_R","Defend_R","Bash+1","True Grit+1","Body Slam","Warcry","Iron Wave","Power Through","Iron Wave","Thunderclap","Injury","Carnage"],"relics":["Burning Blood","PreservedInsect","Ancient Tea Set","Golden Idol"],"potions_floor_usage":[],"damage_taken":[{"damage":1,"enemies":"Cultist","floor":1,"turns":3},{"damage":1,"enemies":"2 Louse","floor":3,"turns":4},{"damage":8,"enemies":"Jaw Worm","floor":5,"turns":4},{"damage":52,"enemies":"Gremlin Nob","floor":6,"turns":6},{"damage":8,"enemies":"Lots of Slimes","floor":7,"turns":8},{"damage":7,"enemies":"Looter","floor":11,"turns":5},{"damage":3,"enemies":"Red Slaver","floor":13,"turns":3},{"damage":63,"enemies":"Slime Boss","floor":16,"turns":9}],"seed_played":"-5597218190046266965","potions_obtained":[{"floor":5,"key":"AttackPotion"},{"floor":6,"key":"Weak Potion"},{"floor":11,"key":"AttackPotion"},{"floor":13,"key":"LiquidBronze"}],"is_trial":false,"path_per_floor":["M","?","M","$","M","E","M","$","T","?","M","R","M","$","R","B"],"character_chosen":"IRONCLAD","items_purchased":["Iron Wave","Thunderclap"],"campfire_rested":1,"item_purchase_floors":[4,8],"current_hp_per_floor":[80,80,80,80,78,32,30,30,30,30,29,29,32,32,56,0],"gold":16,"neow_bonus":"UPGRADE_CARD","is_prod":false,"is_daily":false,"chose_seed":false,"campfire_upgraded":1,"win_rate":0.0,"timestamp":1555516606,"path_taken":["M","?","M","$","M","E","M","?","T","?","?","R","M","?","R","BOSS"],"build_version":"2019-01-23","purchased_purges":2,"victory":false,"max_hp_per_floor":[80,80,80,80,80,80,80,80,80,80,80,80,80,80,80,80],"card_choices":[{"not_picked":["Sever Soul","Shrug It Off"],"picked":"True Grit","floor":1},{"not_picked":["Twin Strike","Perfected Strike"],"picked":"Warcry","floor":3},{"not_picked":["Heavy Blade","Twin Strike","Reckless Charge"],"picked":"SKIP","floor":5},{"not_picked":["Brutality","Hemokinesis"],"picked":"Power Through","floor":6},{"not_picked":["Clothesline","Pummel"],"picked":"Iron Wave","floor":7},{"not_picked":["Intimidate","Blood for Blood"],"picked":"Carnage","floor":11},{"not_picked":["Perfected Strike","Warcry","Flex"],"picked":"SKIP","floor":13}],"player_experience":19800,"relics_obtained":[{"floor":6,"key":"PreservedInsect"},{"floor":9,"key":"Ancient Tea Set"}],"event_choices":[{"damage_healed":0,"gold_gain":0,"cards_transformed":["Strike_R"],"player_choice":"Transformed","damage_taken":0,"max_hp_gain":0,"max_hp_loss":0,"event_name":"Transmorgrifier","floor":2,"gold_loss":0,"cards_obtained":["Body Slam"]},{"damage_healed":0,"gold_gain":0,"player_choice":"Take Wound","damage_taken":0,"relics_obtained":["Golden Idol"],"max_hp_gain":0,"max_hp_loss":0,"event_name":"Golden Idol","floor":10,"gold_loss":0,"cards_obtained":["Injury"]}],"is_beta":false,"boss_relics":[],"items_purged_floors":[4,14],"is_endless":false,"potions_floor_spawned":[5,6,11,13],"killed_by":"Slime Boss","ascension_level":0}