{"gold_per_floor":[112,131,131,145,156,156,217,229,277,150,150],"floor_reached":11,"playtime":280,"items_purged":["Pain"],"score":78,"play_id":"38b2d897-2a8a-439a-9b14-34cfd559424f","local_time":"20190407020128","is_ascension_mode":true,"campfire_choices":[{"data":"Genetic Algorithm","floor":6,"key":"SMITH"}],"neow_cost":"NONE","seed_source_timestamp":13186475700259,"circlet_count":0,"master_deck":["Strike_B","Strike_B","Strike_B","Strike_B","Defend_B","Defend_B","Defend_B","Defend_B","Zap","Dualcast","Gash","Go for the Eyes","Genetic Algorithm+1","Beam Cell+1","Rebound+1","Gash+1"],"relics":["Cracked Core","Orichalcum","WarpedTongs","Molten Egg 2","Omamori"],"potions_floor_usage":[7],"damage_taken":[{"damage":0,"enemies":"2 Louse","floor":1,"turns":2},{"damage":1,"enemies":"Cultist","floor":2,"turns":4},{"damage":5,"enemies":"Jaw Worm","floor":4,"turns":3},{"damage":4,"enemies":"Large Slime","floor":5,"turns":5},{"damage":42,"enemies":"Lagavulin Event","floor":7,"turns":6},{"damage":15,"enemies":"Exordium Thugs","floor":8,"turns":3},{"damage":10,"enemies":"Lagavulin","floor":11,"turns":2}],"seed_played":"-8817314255850836038","potions_obtained":[{"floor":5,"key":"Dexterity Potion"},{"floor":7,"key":"LiquidBronze"}],"is_trial":false,"path_per_floor":["M","M","?","M","M","R","?","M","T","$","E"],"character_chosen":"DEFECT","items_purchased":["Gash+1"],"campfire_rested":0,"item_purchase_floors":[10],"current_hp_per_floor":[75,74,74,69,65,65,23,8,8,8,0],"gold":150,"neow_bonus":"RANDOM_COMMON_RELIC","is_prod":false,"is_daily":false,"chose_seed":false,"campfire_upgraded":1,"win_rate":0,"timestamp":1554598888,"path_taken":["M","M","?","M","?","R","?","M","T","$","E"],"build_version":"2019-01-23","purchased_purges":1,"victory":false,"max_hp_per_floor":[75,75,75,75,75,75,75,75,75,75,75],"card_choices":[{"not_picked":["Leap","Cold Snap"],"picked":"Gash","floor":1},{"not_picked":["Stack","Compile Driver"],"picked":"Go for the Eyes","floor":2},{"not_picked":["Streamline","Buffer"],"picked":"Genetic Algorithm","floor":4},{"not_picked":["Fusion","Compile Driver","Capacitor"],"picked":"SKIP","floor":5},{"not_picked":["Hologram","Stack"],"picked":"Beam Cell","floor":7},{"not_picked":["Compile Driver+1","Glacier"],"picked":"Rebound+1","floor":8}],"player_experience":390027,"relics_obtained":[{"floor":7,"key":"Molten Egg 2"},{"floor":9,"key":"Omamori"}],"event_choices":[{"damage_healed":0,"gold_gain":0,"player_choice":"Rummage","damage_taken":0,"relics_obtained":["WarpedTongs"],"max_hp_gain":0,"max_hp_loss":0,"event_name":"Accursed Blacksmith","floor":3,"gold_loss":0,"cards_obtained":["Pain"]},{"damage_healed":0,"gold_gain":30,"player_choice":"Searched \u00272\u0027 times","damage_taken":0,"max_hp_gain":0,"max_hp_loss":0,"event_name":"Dead Adventurer","floor":7,"gold_loss":0}],"is_beta":false,"boss_relics":[],"items_purged_floors":[10],"is_endless":false,"potions_floor_spawned":[5,7],"killed_by":"Lagavulin","ascension_level":4}