{"gold_per_floor":[109,119,119,134,151,151,25,25,93,121,133,133,161,180,180,257,257,269,287,106,106,106,106,136,136,136,155,23,42,53,82,82,82],"floor_reached":33,"playtime":1286,"items_purged":["Strike_B","Strike_B"],"score":594,"play_id":"f04a87b3-a981-4d49-b870-5f18ddf8de1d","local_time":"20190315001323","is_ascension_mode":true,"campfire_choices":[{"data":"Defragment","floor":6.0,"key":"SMITH"},{"data":"Loop","floor":8.0,"key":"SMITH"},{"floor":12.0,"key":"REST"},{"data":"Zap","floor":15.0,"key":"SMITH"},{"floor":23.0,"key":"REST"},{"data":"Sunder","floor":25.0,"key":"SMITH"},{"data":"Capacitor","floor":32,"key":"SMITH"}],"neow_cost":"PERCENT_DAMAGE","seed_source_timestamp":711501717730,"circlet_count":0,"master_deck":["AscendersBane","Defend_B","Defend_B","Defend_B","Defend_B","Zap+1","Dualcast","Ball Lightning","Loop+1","Defragment+1","Ball Lightning","Capacitor+1","Seek","Fusion","Sunder","Glacier","Decay","Sunder+1","Undo","Coolheaded","Leap+1","Hologram"],"special_seed":0,"relics":["Cracked Core","Thread and Needle","Meat on the Bone","Regal Pillow","Bird Faced Urn","Snecko Eye","Gambling Chip","Pear","Nunchaku"],"potions_floor_usage":[31,33,33],"damage_taken":[{"damage":0.0,"enemies":"Small Slimes","floor":1.0,"turns":3.0},{"damage":0.0,"enemies":"Cultist","floor":2.0,"turns":3.0},{"damage":0.0,"enemies":"2 Louse","floor":4.0,"turns":3.0},{"damage":7.0,"enemies":"Looter","floor":5.0,"turns":3.0},{"damage":21.0,"enemies":"3 Sentries","floor":10.0,"turns":5.0},{"damage":21.0,"enemies":"Gremlin Gang","floor":11.0,"turns":3.0},{"damage":23.0,"enemies":"Lagavulin","floor":13.0,"turns":5.0},{"damage":9.0,"enemies":"Large Slime","floor":14.0,"turns":3.0},{"damage":41.0,"enemies":"Slime Boss","floor":16.0,"turns":7.0},{"damage":53.0,"enemies":"Shell Parasite","floor":18.0,"turns":6.0},{"damage":12.0,"enemies":"Spheric Guardian","floor":19.0,"turns":4.0},{"damage":7.0,"enemies":"Slavers","floor":24.0,"turns":4.0},{"damage":0.0,"enemies":"Snecko","floor":27.0,"turns":4.0},{"damage":0.0,"enemies":"Centurion and Healer","floor":29.0,"turns":4.0},{"damage":4,"enemies":"3 Cultists","floor":30,"turns":4},{"damage":18,"enemies":"Gremlin Leader","floor":31,"turns":5},{"damage":73,"enemies":"Champ","floor":33,"turns":14}],"seed_played":"3009028843305984299","potions_obtained":[{"floor":1.0,"key":"GamblersBrew"},{"floor":2.0,"key":"GamblersBrew"},{"floor":13.0,"key":"Block Potion"},{"floor":16.0,"key":"EssenceOfSteel"},{"floor":31,"key":"Fire Potion"}],"is_trial":false,"path_per_floor":["M","M","?","M","M","R","$","R","T","E","M","R","E","M","R","B",null,"M","M","$","?","?","R","E","R","T","M","$","M","M","E","R","B"],"character_chosen":"DEFECT","items_purchased":["Ball Lightning","Glacier","Undo","Coolheaded"],"campfire_rested":2,"item_purchase_floors":[7,20,28,28],"current_hp_per_floor":[46,46,46,46,39,39,39,39,39,30,21,57,46,43,43,20,58,21,27,27,27,27,63,62,62,72,78,78,81,77,63,63,0],"gold":82,"neow_bonus":"ONE_RARE_RELIC","is_prod":false,"is_daily":false,"chose_seed":false,"campfire_upgraded":5,"win_rate":0,"timestamp":1552634003,"path_taken":["M","M","?","M","M","R","$","R","T","E","?","R","E","M","R","BOSS","M","M","$","?","?","R","E","R","T","M","$","?","M","E","R","BOSS"],"build_version":"2019-02-06","purchased_purges":2,"victory":false,"max_hp_per_floor":[71,71,71,71,71,71,71,71,71,71,71,71,71,71,71,71,71,71,71,71,71,71,71,71,71,81,81,81,81,81,81,81,81],"card_choices":[{"not_picked":["Recycle","Steam"],"picked":"Ball Lightning","floor":1.0},{"not_picked":["Recycle","Steam Power"],"picked":"Loop","floor":2.0},{"not_picked":["Gash","Darkness"],"picked":"Defragment","floor":4.0},{"not_picked":["Scrape","Recycle","Gash"],"picked":"SKIP","floor":5.0},{"not_picked":["Stack","Go for the Eyes","Redo"],"picked":"SKIP","floor":10.0},{"not_picked":["Beam Cell","Storm"],"picked":"Capacitor","floor":11.0},{"not_picked":["Sunder","Compile Driver","Go for the Eyes"],"picked":"SKIP","floor":13.0},{"not_picked":["Compile Driver","Darkness","Hello World"],"picked":"SKIP","floor":14.0},{"not_picked":["Multi-Cast","Fission"],"picked":"Seek","floor":16.0},{"not_picked":["FTL","Chaos"],"picked":"Fusion","floor":18.0},{"not_picked":["Hello World","Steam"],"picked":"Sunder","floor":19.0},{"not_picked":["BootSequence","Conserve Battery","Go for the Eyes"],"picked":"SKIP","floor":24.0},{"not_picked":["Stack","Compile Driver","Leap"],"picked":"SKIP","floor":27.0},{"not_picked":["Leap+1","Lockon","Stack"],"picked":"SKIP","floor":29.0},{"not_picked":["Lockon","Stack"],"picked":"Leap+1","floor":29.0},{"not_picked":["Redo","Reinforced Body","Turbo"],"picked":"SKIP","floor":30},{"not_picked":["Hyperbeam","Coolheaded"],"picked":"Hologram","floor":31}],"player_experience":1358840,"relics_obtained":[{"floor":9.0,"key":"Meat on the Bone"},{"floor":10.0,"key":"Regal Pillow"},{"floor":13.0,"key":"Bird Faced Urn"},{"floor":24.0,"key":"Gambling Chip"},{"floor":26.0,"key":"Pear"},{"floor":31,"key":"Nunchaku"}],"event_choices":[{"cards_removed":["Strike_B"],"damage_healed":0.0,"max_hp_gain":0.0,"max_hp_loss":0.0,"gold_gain":0.0,"event_name":"Bonfire Elementals","player_choice":"Offered Basic","floor":3.0,"gold_loss":0.0,"damage_taken":0.0},{"damage_healed":0.0,"max_hp_gain":0.0,"max_hp_loss":0.0,"gold_gain":0.0,"event_name":"Forgotten Altar","player_choice":"Smashed Altar","floor":21.0,"gold_loss":0.0,"damage_taken":0.0,"cards_obtained":["Decay"]},{"damage_healed":0.0,"max_hp_gain":0.0,"max_hp_loss":0.0,"gold_gain":0.0,"cards_transformed":["Strike_B"],"event_name":"Transmorgrifier","player_choice":"Transformed","floor":22.0,"gold_loss":0.0,"damage_taken":0.0,"cards_obtained":["Sunder"]}],"is_beta":true,"boss_relics":[{"not_picked":["White Beast Statue","Busted Crown"],"picked":"Snecko Eye"}],"items_purged_floors":[7,20],"is_endless":false,"potions_floor_spawned":[1,2,13,16,24,27,29,31],"killed_by":"Champ","ascension_level":20}