{"gold_per_floor":[111,186,196,216,227,227,243,254,335,352,372,397,397,413,413,413],"floor_reached":16,"playtime":1288,"items_purged":[],"score":108,"play_id":"5aa6b256-a57a-4d9a-856c-464ab27d8536","local_time":"20190417195824","is_ascension_mode":false,"campfire_choices":[{"data":"Iron Wave","floor":6,"key":"SMITH"},{"data":"Whirlwind","floor":13,"key":"SMITH"},{"data":"Inflame","floor":15,"key":"SMITH"}],"neow_cost":"NONE","seed_source_timestamp":112096071876242,"circlet_count":0,"master_deck":["Strike_R","Strike_R","Strike_R","Strike_R","Strike_R","Defend_R","Defend_R","Defend_R","Defend_R","Bash","Thunderclap","Pummel","Whirlwind+1","Iron Wave+1","Rage","Inflame+1","Armaments","Pommel Strike","Twin Strike"],"relics":["Burning Blood","Bag of Preparation","Mummified Hand","Dream Catcher"],"potions_floor_usage":[8],"damage_taken":[{"damage":10,"enemies":"2 Louse","floor":1,"turns":3},{"damage":11,"enemies":"Small Slimes","floor":3,"turns":3},{"damage":1,"enemies":"Cultist","floor":4,"turns":3},{"damage":19,"enemies":"Blue Slaver","floor":5,"turns":4},{"damage":0,"enemies":"2 Fungi Beasts","floor":7,"turns":2},{"damage":1,"enemies":"Looter","floor":8,"turns":3},{"damage":6,"enemies":"Lots of Slimes","floor":10,"turns":3},{"damage":6,"enemies":"Large Slime","floor":11,"turns":4},{"damage":26,"enemies":"Gremlin Nob","floor":12,"turns":4},{"damage":0,"enemies":"Blue Slaver","floor":14,"turns":3},{"damage":70,"enemies":"The Guardian","floor":16,"turns":9}],"seed_played":"7078156279305899752","potions_obtained":[{"floor":1,"key":"FearPotion"},{"floor":4,"key":"FairyPotion"},{"floor":5,"key":"SteroidPotion"},{"floor":7,"key":"BloodPotion"},{"floor":11,"key":"SkillPotion"}],"is_trial":false,"path_per_floor":["M","?","M","M","M","R","M","M","T","M","M","E","R","M","R","B"],"character_chosen":"IRONCLAD","items_purchased":[],"campfire_rested":0,"item_purchase_floors":[],"current_hp_per_floor":[76,65,60,65,52,52,58,71,71,71,71,51,51,57,57,0],"gold":413,"neow_bonus":"RANDOM_COMMON_RELIC","is_prod":false,"is_daily":false,"chose_seed":false,"campfire_upgraded":3,"win_rate":0.0,"timestamp":1555511304,"path_taken":["M","?","M","M","M","R","M","M","T","M","M","E","R","M","R","BOSS"],"build_version":"2019-01-23","purchased_purges":0,"victory":false,"max_hp_per_floor":[80,80,80,80,80,80,80,80,80,80,80,80,80,80,80,80],"card_choices":[{"not_picked":["Seeing Red","Iron Wave"],"picked":"Thunderclap","floor":1},{"not_picked":["Twin Strike","Battle Trance"],"picked":"Pummel","floor":3},{"not_picked":["Heavy Blade","Flex"],"picked":"Whirlwind","floor":4},{"not_picked":["Cleave","Heavy Blade"],"picked":"Iron Wave","floor":5},{"not_picked":["Twin Strike","Heavy Blade"],"picked":"Rage","floor":7},{"not_picked":["Thunderclap","Perfected Strike"],"picked":"Inflame","floor":8},{"not_picked":["True Grit","Bloodletting"],"picked":"Armaments","floor":10},{"not_picked":["Impervious","Pummel"],"picked":"Pommel Strike","floor":11},{"not_picked":["Anger","True Grit"],"picked":"Twin Strike","floor":12},{"not_picked":["Armaments","Bludgeon","Ghostly Armor"],"picked":"SKIP","floor":14}],"player_experience":14585,"relics_obtained":[{"floor":9,"key":"Mummified Hand"},{"floor":12,"key":"Dream Catcher"}],"event_choices":[{"damage_healed":0,"gold_gain":75,"player_choice":"Gather Gold","damage_taken":11,"max_hp_gain":0,"max_hp_loss":0,"event_name":"World of Goop","floor":2,"gold_loss":0}],"is_beta":false,"boss_relics":[],"items_purged_floors":[],"is_endless":false,"potions_floor_spawned":[1,4,5,7,11,14],"killed_by":"The Guardian","ascension_level":0}