{"gold_per_floor":[210,210,220,220,239,239,80,80,80,45,85,105,15,0],"floor_reached":14,"playtime":421,"items_purged":["Strike_G"],"score":176,"play_id":"95ef0a4e-0aec-4aea-bc1e-f9f3493c4bd9","local_time":"20190227045325","is_ascension_mode":true,"campfire_choices":[{"data":"Deadly Poison","floor":6,"key":"SMITH"},{"data":"Skewer","floor":8,"key":"SMITH"}],"neow_cost":"NONE","seed_source_timestamp":2526865106795084,"circlet_count":0,"master_deck":["AscendersBane","Defend_G","Defend_G+1","Defend_G","Defend_G","Defend_G","Strike_G","Strike_G","Strike_G","Strike_G","Survivor+1","Neutralize","Deadly Poison+1","Deflect","Skewer+1","Terror","Backflip","Footwork"],"relics":["Ring of the Snake","Golden Idol","Sundial","Incense Burner"],"potions_floor_usage":[],"damage_taken":[{"damage":13,"enemies":"Jaw Worm","floor":1,"turns":7},{"damage":0,"enemies":"2 Louse","floor":3,"turns":3},{"damage":4,"enemies":"Small Slimes","floor":5,"turns":5},{"damage":32,"enemies":"3 Sentries","floor":11,"turns":10},{"damage":0,"enemies":"Red Slaver","floor":12,"turns":4},{"damage":11,"enemies":"Looter","floor":14,"turns":1}],"seed_played":"7762246876295987070","potions_obtained":[{"floor":1,"key":"LiquidBronze"},{"floor":11,"key":"LiquidBronze"},{"floor":12,"key":"AttackPotion"}],"is_trial":false,"path_per_floor":["M","?","M","?","M","R","$","R","T","?","E","M","$","M"],"character_chosen":"THE_SILENT","items_purchased":["Skewer","Footwork"],"campfire_rested":0,"item_purchase_floors":[7,13],"current_hp_per_floor":[46,26,26,26,22,22,22,22,22,37,5,5,5,0],"gold":0,"neow_bonus":"HUNDRED_GOLD","is_prod":false,"is_daily":false,"chose_seed":false,"campfire_upgraded":2,"win_rate":0,"timestamp":1551272005,"path_taken":["M","?","M","?","M","R","$","R","T","?","E","M","$","M"],"build_version":"2019-02-06","purchased_purges":1,"victory":false,"max_hp_per_floor":[66,66,66,60,60,60,60,60,60,60,60,60,60,60],"card_choices":[{"not_picked":["Crippling Poison","PiercingWail"],"picked":"Deadly Poison","floor":1},{"not_picked":["Slice","Sucker Punch","Blur"],"picked":"SKIP","floor":3},{"not_picked":["Expertise","Accuracy"],"picked":"Deflect","floor":5},{"not_picked":["Underhanded Strike","Grand Finale"],"picked":"Terror","floor":11},{"not_picked":["Deadly Poison","Prepared"],"picked":"Backflip","floor":12}],"player_experience":1272845,"relics_obtained":[{"floor":9,"key":"Sundial"},{"floor":11,"key":"Incense Burner"}],"event_choices":[{"damage_healed":0,"gold_gain":0,"player_choice":"Entered Light","damage_taken":20,"max_hp_gain":0,"max_hp_loss":0,"event_name":"Shining Light","floor":2,"gold_loss":0,"cards_upgraded":["Survivor","Defend_G"]},{"damage_healed":0,"gold_gain":0,"player_choice":"Lose Max HP","damage_taken":0,"relics_obtained":["Golden Idol"],"max_hp_gain":0,"max_hp_loss":6,"event_name":"Golden Idol","floor":4,"gold_loss":0},{"damage_healed":15,"gold_gain":0,"player_choice":"Healed","damage_taken":0,"max_hp_gain":0,"max_hp_loss":0,"event_name":"The Cleric","floor":10,"gold_loss":35}],"is_beta":true,"boss_relics":[],"items_purged_floors":[7],"is_endless":false,"potions_floor_spawned":[1,11,12],"killed_by":"Looter","ascension_level":20}