{"gold_per_floor":[116,130,145,145,160,160,179,179,253,267,267,284,313,330,330,431,431,443,472,490,490,505,540,540,559,559,559,578,5,22,56,56,154,154,168,168,168,11,27,27,52,62,144,144,161,161,187,38,38,38],"floor_reached":51,"playtime":6344,"items_purged":["Doubt","Decay"],"score":1041,"play_id":"7b643431-27b7-44c0-b41c-3bdd16cd33d6","local_time":"20181107220703","is_ascension_mode":true,"campfire_choices":[{"data":"Redo","floor":6,"key":"SMITH"},{"data":"Redo","floor":8,"key":"SMITH"},{"floor":11,"key":"REST"},{"floor":15,"key":"REST"},{"floor":27,"key":"REST"},{"floor":32,"key":"REST"},{"floor":40,"key":"REST"},{"data":"Defragment","floor":44,"key":"SMITH"},{"floor":46,"key":"REST"},{"floor":49,"key":"REST"}],"neow_cost":"NONE","seed_source_timestamp":2845080877098839,"circlet_count":0,"master_deck":["Strike_B","Strike_B","Strike_B","Defend_B","Defend_B","Defend_B","Defend_B","Zap","Dualcast","Redo+1","Ball Lightning","Redo+1","Blizzard","Cold Snap","Conserve Battery","Redo","Machine Learning","Cold Snap","Sunder+1","Self Repair","Hologram","Defragment+1","Echo Form","Force Field","Mayhem","Glacier+1","Compile Driver","Leap+1"],"relics":["Cracked Core","Ancient Tea Set","Symbiotic Virus","Bird Faced Urn","Cursed Key","Red Mask","Oddly Smooth Stone","Gremlin Horn","Singing Bowl","Mummified Hand","Bottled Flame","Inserter","Art of War","Orichalcum","Mercury Hourglass","Dodecahedron"],"potions_floor_usage":[5,13,19,31,33,33,45,50,50,50],"damage_taken":[{"damage":0,"enemies":"2 Louse","floor":1,"turns":1},{"damage":1,"enemies":"Cultist","floor":2,"turns":3},{"damage":0,"enemies":"Small Slimes","floor":3,"turns":2},{"damage":4,"enemies":"Red Slaver","floor":5,"turns":3},{"damage":2,"enemies":"Looter","floor":7,"turns":3},{"damage":8,"enemies":"Blue Slaver","floor":10,"turns":3},{"damage":2,"enemies":"3 Louse","floor":12,"turns":2},{"damage":6,"enemies":"3 Sentries","floor":13,"turns":6},{"damage":5,"enemies":"2 Fungi Beasts","floor":14,"turns":2},{"damage":46,"enemies":"Hexaghost","floor":16,"turns":8},{"damage":16,"enemies":"3 Byrds","floor":18,"turns":4},{"damage":14,"enemies":"Masked Bandits","floor":19,"turns":3},{"damage":10,"enemies":"2 Thieves","floor":20,"turns":4},{"damage":3,"enemies":"Cultist and Chosen","floor":22,"turns":4},{"damage":41,"enemies":"Gremlin Leader","floor":23,"turns":5},{"damage":14,"enemies":"3 Cultists","floor":25,"turns":6},{"damage":14,"enemies":"Centurion and Healer","floor":28,"turns":6},{"damage":16,"enemies":"Shelled Parasite and Fungi","floor":30,"turns":7},{"damage":22,"enemies":"Slavers","floor":31,"turns":5},{"damage":64,"enemies":"Collector","floor":33,"turns":11},{"damage":31,"enemies":"Orb Walker","floor":35,"turns":6},{"damage":21,"enemies":"3 Darklings","floor":39,"turns":6},{"damage":39,"enemies":"Reptomancer","floor":41,"turns":8},{"damage":32,"enemies":"Writhing Mass","floor":42,"turns":7},{"damage":32,"enemies":"Jaw Worm Horde","floor":45,"turns":5},{"damage":60,"enemies":"Nemesis","floor":47,"turns":7},{"damage":57,"enemies":"Awakened One","floor":50,"turns":20}],"seed_played":"4257631850821436949","potions_obtained":[{"floor":4,"key":"Fruit Juice"},{"floor":4,"key":"Ancient Potion"},{"floor":4,"key":"SpeedPotion"},{"floor":5,"key":"FearPotion"},{"floor":10,"key":"SpeedPotion"},{"floor":12,"key":"LiquidBronze"},{"floor":13,"key":"Ancient Potion"},{"floor":16,"key":"PowerPotion"},{"floor":20,"key":"Poison Potion"},{"floor":31,"key":"LiquidBronze"},{"floor":35,"key":"SpeedPotion"},{"floor":42,"key":"Weak Potion"},{"floor":45,"key":"Explosive Potion"}],"is_trial":false,"path_per_floor":["M","M","M","?","M","R","M","R","T","M","R","M","E","M","R","B",null,"M","?","M","?","M","E","?","M","T","R","M","$","M","E","R","B",null,"M","?","?","$","M","R","E","M","T","R","M","R","E","$","R","B",null],"character_chosen":"DEFECT","items_purchased":["Singing Bowl","Mummified Hand","Art of War","PowerPotion"],"campfire_rested":7,"item_purchase_floors":[29,29,38,48],"current_hp_per_floor":[68,67,67,67,68,68,66,66,66,58,80,78,72,67,80,34,69,55,45,37,90,89,58,40,37,37,65,62,62,57,50,79,28,80,57,57,57,57,66,95,71,58,58,58,45,75,32,32,62,22],"gold":38,"neow_bonus":"RANDOM_COMMON_RELIC","is_prod":false,"is_daily":false,"chose_seed":false,"campfire_upgraded":3,"win_rate":0,"timestamp":1541596023,"path_taken":["M","M","M","?","M","R","M","R","T","M","R","M","E","M","R","BOSS","M","?","M","?","?","E","?","M","T","R","M","$","M","E","R","BOSS","M","?","?","$","M","R","E","M","T","R","M","R","E","$","R","BOSS"],"build_version":"2018-11-01","purchased_purges":2,"victory":true,"max_hp_per_floor":[75,75,75,75,80,80,80,80,80,80,80,80,80,80,80,80,80,80,80,80,90,90,90,95,95,95,95,95,95,95,97,97,97,97,97,97,97,97,99,99,99,99,99,99,101,101,101,101,101,101],"card_choices":[{"not_picked":["Sweeping Beam","Steam"],"picked":"Redo","floor":1},{"not_picked":["Stack","Coolheaded"],"picked":"Ball Lightning","floor":2},{"not_picked":["Streamline","Melter"],"picked":"Redo","floor":3},{"not_picked":["Cold Snap","Sweeping Beam"],"picked":"Blizzard","floor":5},{"not_picked":["Beam Cell","Redo"],"picked":"Reboot","floor":7},{"not_picked":["Go for the Eyes","Barrage"],"picked":"Cold Snap","floor":10},{"not_picked":["Blizzard","Streamline"],"picked":"Conserve Battery","floor":12},{"not_picked":["Steam Power","Blizzard"],"picked":"Redo","floor":13},{"not_picked":["Redo","Rip and Tear","Heatsinks"],"picked":"SKIP","floor":14},{"not_picked":["Reboot","Electrodynamics"],"picked":"Machine Learning","floor":16},{"not_picked":["Streamline","Steam","Redo"],"picked":"SKIP","floor":18},{"not_picked":["Turbo","Steam"],"picked":"Cold Snap","floor":19},{"not_picked":["Barrage+1","Skim"],"picked":"Sunder+1","floor":20},{"not_picked":["Sweeping Beam","Stack+1"],"picked":"Self Repair","floor":22},{"not_picked":["Aggregate","Barrage","Tempest"],"picked":"SKIP","floor":23},{"not_picked":["Gash","Core Surge"],"picked":"Hologram","floor":25},{"not_picked":["Chaos","Stack","Static Discharge"],"picked":"SKIP","floor":28},{"not_picked":["Melter","Fusion+1"],"picked":"Defragment","floor":30},{"not_picked":["Darkness","Hello World","Storm"],"picked":"Singing Bowl","floor":31},{"not_picked":["Electrodynamics","Seek"],"picked":"Echo Form","floor":33},{"not_picked":["Barrage","Beam Cell"],"picked":"Force Field","floor":35},{"not_picked":["Bandage Up","Blind"],"picked":"Mayhem","floor":36},{"not_picked":["Scrape","Turbo+1","Beam Cell+1"],"picked":"Singing Bowl","floor":39},{"not_picked":["Heatsinks+1","Coolheaded"],"picked":"Glacier+1","floor":41},{"not_picked":["Gash","Redo+1"],"picked":"Compile Driver","floor":42},{"not_picked":["Sweeping Beam+1","Meteor Strike","Gash"],"picked":"Singing Bowl","floor":45},{"not_picked":["Hologram+1","Stack+1"],"picked":"Leap+1","floor":47}],"player_experience":429766,"relics_obtained":[{"floor":9,"key":"Symbiotic Virus"},{"floor":13,"key":"Bird Faced Urn"},{"floor":19,"key":"Red Mask"},{"floor":23,"key":"Oddly Smooth Stone"},{"floor":26,"key":"Gremlin Horn"},{"floor":31,"key":"Bottled Flame"},{"floor":41,"key":"Orichalcum"},{"floor":43,"key":"Mercury Hourglass"},{"floor":47,"key":"Dodecahedron"}],"event_choices":[{"damage_healed":0,"gold_gain":0,"player_choice":"Got Potions","damage_taken":0,"max_hp_gain":0,"max_hp_loss":0,"event_name":"Lab","floor":4,"gold_loss":0},{"damage_healed":0,"gold_gain":0,"player_choice":"Fought Bandits","damage_taken":0,"max_hp_gain":0,"max_hp_loss":0,"event_name":"Masked Bandits","floor":19,"gold_loss":0},{"cards_removed":["Reboot"],"damage_healed":43,"gold_gain":0,"player_choice":"Offered Rare","damage_taken":0,"max_hp_gain":10,"max_hp_loss":0,"event_name":"Bonfire Elementals","floor":21,"gold_loss":0},{"damage_healed":0,"gold_gain":0,"player_choice":"Shed Blood","damage_taken":23,"max_hp_gain":5,"max_hp_loss":0,"event_name":"Forgotten Altar","floor":24,"gold_loss":0},{"damage_healed":0,"gold_gain":0,"player_choice":"Memory 1","damage_taken":0,"max_hp_gain":0,"max_hp_loss":0,"event_name":"SensoryStone","floor":36,"gold_loss":0},{"cards_removed":["Strike_B"],"damage_healed":0,"gold_gain":0,"player_choice":"Removed Attack","damage_taken":0,"max_hp_gain":0,"max_hp_loss":0,"event_name":"Falling","floor":37,"gold_loss":0}],"is_beta":false,"boss_relics":[{"not_picked":["Runic Pyramid","Tiny House"],"picked":"Cursed Key"},{"not_picked":["Orrery","Nuclear Battery"],"picked":"Inserter"}],"items_purged_floors":[29,48],"is_endless":false,"potions_floor_spawned":[5,10,12,13,16,20,22,23,31,35,42,45],"ascension_level":9}