{"gold_per_floor":[110,110,128,141,141,141,187,212,212,243,263,263,289,289,289,289],"floor_reached":16,"playtime":471,"items_purged":[],"score":236,"play_id":"0d26d8ae-dd83-47c1-88d0-979f5e14ed07","local_time":"20190211195418","is_ascension_mode":true,"campfire_choices":[{"data":"Perfected Strike","floor":6,"key":"SMITH"},{"floor":12,"key":"REST"},{"data":"Perfected Strike","floor":15,"key":"SMITH"}],"neow_cost":"NONE","seed_source_timestamp":434664986901200,"circlet_count":0,"master_deck":["AscendersBane","Strike_R","Strike_R+1","Strike_R","Strike_R","Strike_R","Defend_R+1","Defend_R+1","Bash+1","Ghostly Armor","Clothesline","Perfected Strike+1","Rage+1","Perfected Strike+1","Warcry+1","Intimidate+1"],"relics":["Burning Blood","NeowsBlessing","War Paint","Toxic Egg 2","Regal Pillow","Boot","Omamori"],"potions_floor_usage":[10,10],"damage_taken":[{"damage":0,"enemies":"Jaw Worm","floor":1,"turns":1},{"damage":0,"enemies":"2 Louse","floor":3,"turns":1},{"damage":0,"enemies":"Cultist","floor":4,"turns":1},{"damage":41,"enemies":"3 Sentries","floor":8,"turns":9},{"damage":8,"enemies":"Gremlin Nob","floor":10,"turns":3},{"damage":2,"enemies":"Red Slaver","floor":11,"turns":3},{"damage":17,"enemies":"Lagavulin","floor":13,"turns":4},{"damage":49,"enemies":"Slime Boss","floor":16,"turns":7}],"seed_played":"4679367236125238644","potions_obtained":[{"floor":1,"key":"Swift Potion"},{"floor":4,"key":"Energy Potion"},{"floor":13,"key":"Ancient Potion"}],"is_trial":false,"path_per_floor":["M","?","M","M","?","R","T","E","T","E","M","R","E","?","R","B"],"character_chosen":"IRONCLAD","items_purchased":[],"campfire_rested":1,"item_purchase_floors":[],"current_hp_per_floor":[74,67,73,75,52,52,52,17,17,15,19,56,45,45,45,0],"gold":289,"neow_bonus":"THREE_ENEMY_KILL","is_prod":false,"is_daily":false,"chose_seed":false,"campfire_upgraded":2,"win_rate":0,"timestamp":1549911258,"path_taken":["M","?","M","M","?","R","?","E","T","E","?","R","E","?","R","BOSS"],"build_version":"2019-01-23","purchased_purges":0,"victory":false,"max_hp_per_floor":[75,75,75,75,75,75,75,75,75,75,75,75,75,75,75,75],"card_choices":[{"not_picked":["Sword Boomerang","Combust"],"picked":"Ghostly Armor","floor":1},{"not_picked":["Heavy Blade","Hemokinesis"],"picked":"Clothesline","floor":3},{"not_picked":["Sword Boomerang","Pommel Strike"],"picked":"Perfected Strike","floor":4},{"not_picked":["Cleave","Flex"],"picked":"Rage","floor":8},{"not_picked":["Pommel Strike","Impervious+1"],"picked":"Perfected Strike","floor":10},{"not_picked":["Sentinel+1","Dropkick"],"picked":"Warcry+1","floor":11},{"not_picked":["Second Wind+1","Clothesline"],"picked":"Intimidate+1","floor":13}],"player_experience":368592,"relics_obtained":[{"floor":7,"key":"War Paint"},{"floor":8,"key":"Toxic Egg 2"},{"floor":9,"key":"Regal Pillow"},{"floor":10,"key":"Boot"},{"floor":13,"key":"Omamori"}],"event_choices":[{"cards_removed":["Defend_R"],"damage_healed":0,"gold_gain":0,"player_choice":"Card Removal","damage_taken":7,"max_hp_gain":0,"max_hp_loss":0,"event_name":"Golden Wing","floor":2,"gold_loss":0},{"damage_healed":0,"gold_gain":0,"player_choice":"Entered Light","damage_taken":23,"max_hp_gain":0,"max_hp_loss":0,"event_name":"Shining Light","floor":5,"gold_loss":0,"cards_upgraded":["Strike_R","Bash"]},{"cards_removed":["Defend_R"],"damage_healed":0,"gold_gain":0,"player_choice":"Offered Basic","damage_taken":0,"max_hp_gain":0,"max_hp_loss":0,"event_name":"Bonfire Elementals","floor":14,"gold_loss":0}],"is_beta":false,"boss_relics":[],"items_purged_floors":[],"is_endless":false,"potions_floor_spawned":[1,4,13],"killed_by":"Slime Boss","ascension_level":20}