{"gold_per_floor":[118,68,68,68,84,84,103,28,28,41,69,69,87,105,105,210,210,227,317,336,346,87,87,98,108,133,133,143,18,18,28,28,28],"floor_reached":33,"playtime":8969,"items_purged":["Strike_R","Strike_R","Strike_R"],"score":251,"play_id":"60058aad-df64-4e7f-8fb5-e7fe0c55ad0d","local_time":"20190218201402","is_ascension_mode":false,"campfire_choices":[{"data":"Shockwave","floor":6,"key":"SMITH"},{"data":"Rampage","floor":12,"key":"SMITH"},{"data":"Shrug It Off","floor":15,"key":"SMITH"},{"floor":23,"key":"REST"},{"floor":27,"key":"REST"},{"data":"True Grit","floor":32,"key":"SMITH"}],"neow_cost":"NONE","seed_source_timestamp":181369545071637,"circlet_count":0,"master_deck":["Strike_R","Defend_R","Defend_R","Defend_R","Defend_R","Bash","Pommel Strike","Shockwave+1","Inflame","Demon Form","Rampage+1","Armaments","Shrug It Off+1","Barricade","True Grit+1","Intimidate","Reaper","Power Through+1","Shrug It Off+1","Shrug It Off+1"],"relics":["Burning Blood","NeowsBlessing","PreservedInsect","Self Forming Clay","Blood Vial","Shuriken","White Beast Statue","Anchor"],"potions_floor_usage":[13,16,16,20,20,21,24,25,28,31,33],"damage_taken":[{"damage":0,"enemies":"Cultist","floor":1,"turns":1},{"damage":0,"enemies":"2 Louse","floor":5,"turns":1},{"damage":0,"enemies":"Jaw Worm","floor":7,"turns":1},{"damage":6,"enemies":"Looter","floor":10,"turns":4},{"damage":35,"enemies":"3 Sentries","floor":11,"turns":8},{"damage":3,"enemies":"Red Slaver","floor":13,"turns":4},{"damage":7,"enemies":"Large Slime","floor":14,"turns":6},{"damage":13,"enemies":"Slime Boss","floor":16,"turns":8},{"damage":15,"enemies":"Shell Parasite","floor":18,"turns":10},{"damage":16,"enemies":"Spheric Guardian","floor":20,"turns":7},{"damage":32,"enemies":"Shelled Parasite and Fungi","floor":21,"turns":12},{"damage":36,"enemies":"Snake Plant","floor":24,"turns":8},{"damage":22,"enemies":"Snecko","floor":25,"turns":12},{"damage":24,"enemies":"Shelled Parasite and Fungi","floor":28,"turns":7},{"damage":25,"enemies":"Chosen and Byrds","floor":31,"turns":11},{"damage":66,"enemies":"Collector","floor":33,"turns":6}],"seed_played":"-4395086330002285720","potions_obtained":[{"floor":1,"key":"Swift Potion"},{"floor":7,"key":"Poison Potion"},{"floor":14,"key":"Poison Potion"},{"floor":16,"key":"Block Potion"},{"floor":18,"key":"SkillPotion"},{"floor":20,"key":"LiquidBronze"},{"floor":21,"key":"Dexterity Potion"},{"floor":24,"key":"Weak Potion"},{"floor":25,"key":"Regen Potion"},{"floor":28,"key":"AttackPotion"},{"floor":31,"key":"Dexterity Potion"}],"is_trial":false,"path_per_floor":["M","?","?","T","M","R","M","$","T","M","E","R","M","M","R","B",null,"M","?","M","M","$","R","M","M","T","R","M","$","?","M","R","B"],"character_chosen":"IRONCLAD","items_purchased":["Reaper"],"campfire_rested":2,"item_purchase_floors":[22],"current_hp_per_floor":[80,80,62,62,68,68,74,74,74,76,49,49,54,55,55,50,80,71,55,47,23,23,47,21,17,17,41,64,64,64,63,63,0],"gold":28,"neow_bonus":"THREE_ENEMY_KILL","is_prod":false,"is_daily":false,"chose_seed":false,"campfire_upgraded":4,"win_rate":0.0,"timestamp":1550488442,"path_taken":["M","?","?","?","M","R","M","$","T","M","E","R","M","M","R","BOSS","M","?","?","M","$","R","M","M","T","R","M","$","?","M","R","BOSS"],"build_version":"2019-01-23","purchased_purges":3,"victory":false,"max_hp_per_floor":[80,80,80,80,80,80,80,80,80,80,80,80,80,80,80,80,80,80,80,80,80,80,80,80,80,80,80,80,80,80,80,80,80],"card_choices":[{"not_picked":["Clothesline","Disarm"],"picked":"Pommel Strike","floor":1},{"not_picked":["Clash","Cleave"],"picked":"Shockwave","floor":5},{"not_picked":["Shrug It Off","Thunderclap"],"picked":"Inflame","floor":7},{"not_picked":["Clothesline","Flex"],"picked":"Demon Form","floor":10},{"not_picked":["Thunderclap","Blood for Blood"],"picked":"Rampage","floor":11},{"not_picked":["Anger","Body Slam"],"picked":"Armaments","floor":13},{"not_picked":["True Grit","Rampage"],"picked":"Shrug It Off","floor":14},{"not_picked":["Dark Embrace","Demon Form"],"picked":"Barricade","floor":16},{"not_picked":["Thunderclap","Sword Boomerang"],"picked":"True Grit","floor":18},{"not_picked":["Clothesline","Hemokinesis","Thunderclap"],"picked":"SKIP","floor":20},{"not_picked":["Pommel Strike","Sword Boomerang+1"],"picked":"Intimidate","floor":21},{"not_picked":["Fire Breathing","Headbutt"],"picked":"Power Through+1","floor":24},{"not_picked":["Juggernaut","Twin Strike"],"picked":"Shrug It Off+1","floor":25},{"not_picked":["Iron Wave","Sword Boomerang","Cleave"],"picked":"SKIP","floor":28},{"not_picked":["Iron Wave","Sword Boomerang","Cleave"],"picked":"SKIP","floor":28},{"not_picked":["Iron Wave","Warcry","Flame Barrier"],"picked":"SKIP","floor":31}],"player_experience":221150,"relics_obtained":[{"floor":4,"key":"Self Forming Clay"},{"floor":9,"key":"Blood Vial"},{"floor":11,"key":"Shuriken"},{"floor":26,"key":"Anchor"}],"event_choices":[{"cards_removed":["Strike_R"],"damage_healed":0,"gold_gain":0,"player_choice":"Card Removal","damage_taken":0,"max_hp_gain":0,"max_hp_loss":0,"event_name":"The Cleric","floor":2,"gold_loss":50},{"damage_healed":0,"gold_gain":0,"player_choice":"Success","damage_taken":18,"relics_obtained":["PreservedInsect"],"max_hp_gain":0,"max_hp_loss":0,"event_name":"Scrap Ooze","floor":3,"gold_loss":0},{"damage_healed":0,"gold_gain":90,"player_choice":"GOLD ","damage_taken":16,"max_hp_gain":0,"max_hp_loss":0,"event_name":"Knowing Skull","floor":19,"potions_obtained":[],"gold_loss":0,"cards_obtained":[]},{"damage_healed":0,"gold_gain":0,"player_choice":"Copied","damage_taken":0,"max_hp_gain":0,"max_hp_loss":0,"event_name":"Duplicator","floor":30,"gold_loss":0,"cards_obtained":["Shrug It Off"]}],"is_beta":false,"boss_relics":[{"not_picked":["Runic Dome","Black Star"],"picked":"White Beast Statue"}],"items_purged_floors":[8,22,29],"is_endless":false,"potions_floor_spawned":[1,7,14,16,18,20,21,24,25,28,31],"killed_by":"Collector","ascension_level":0}