{"path_per_floor":["M","?","M","$","M","R","M","R","T","E","M","M","M","M","R","B",null,"M","$","T","M","M","R","E","R","T","E","?","E","M","M","R","B",null,"M","M","M","M","?","R","M","R","T","$","M","R","$","M","R","B"],"character_chosen":"IRONCLAD","items_purchased":["Ancient Tea Set","Secret Weapon","Battle Trance","Limit Break"],"gold_per_floor":[111,111,129,54,68,68,87,87,87,117,129,140,153,168,168,263,263,279,25,25,41,60,60,90,90,116,150,73,103,122,134,134,230,230,243,259,274,285,336,336,348,348,430,128,139,139,20,37,37,37],"floor_reached":51,"campfire_rested":0,"playtime":1844,"current_hp_per_floor":[72,72,71,71,67,67,64,64,64,39,44,46,36,36,36,19,59,45,45,45,41,49,49,51,51,51,45,45,40,51,54,54,59,69,65,57,60,50,55,55,61,61,61,61,67,67,67,61,61,69],"items_purged":["Strike_R","Hemokinesis","Doubt"],"gold":37,"score":1005,"play_id":"3b8d63fd-e30f-4fdd-8033-74c2857fea2a","local_time":"20180519145928","is_prod":false,"is_daily":false,"chose_seed":false,"is_ascension_mode":true,"campfire_upgraded":10,"timestamp":1526734768,"campfire_choices":[{"data":"Flex","floor":6,"key":"SMITH"},{"data":"Limit Break","floor":8,"key":"SMITH"},{"data":"Flex","floor":15,"key":"SMITH"},{"data":"Offering","floor":23,"key":"SMITH"},{"data":"Demon Form","floor":25,"key":"SMITH"},{"data":"J.A.X.","floor":32,"key":"SMITH"},{"data":"Flex","floor":40,"key":"SMITH"},{"data":"Feed","floor":42,"key":"SMITH"},{"data":"Exhume","floor":46,"key":"SMITH"},{"data":"Limit Break","floor":49,"key":"SMITH"}],"path_taken":["M","?","?","?","M","R","M","R","T","E","?","M","M","M","R","BOSS","M","$","?","M","M","R","E","R","T","E","?","E","M","M","R","BOSS","M","?","M","M","?","R","M","R","T","$","M","R","?","?","R","BOSS"],"build_version":"2018-05-17","seed_source_timestamp":479584203368303,"purchased_purges":4,"victory":true,"master_deck":["Strike_R","Strike_R","Strike_R","Strike_R","Limit Break+1","Flex+1","Flex+1","Demon Form+1","Thunderclap","Offering+1","Spot Weakness+1","Burning Pact+1","Shrug It Off+1","Thunderclap+1","Flex+1","Whirlwind+1","J.A.X.+1","Pommel Strike+1","Pommel Strike+1","Feed+1","Exhume+1","Flex+1","Warcry+1","Pommel Strike+1","Sword Boomerang+1","Rupture+1","Secret Weapon","Battle Trance","Limit Break+1"],"max_hp_per_floor":[72,72,72,72,72,72,72,72,72,72,72,72,72,72,72,72,72,72,72,72,72,72,72,72,72,72,72,72,72,72,72,72,72,72,72,72,72,72,78,78,78,78,78,78,78,78,78,78,78,82],"relics":["Burning Blood","Meat on the Bone","Pantograph","Astrolabe","Ancient Tea Set","Gremlin Horn","Shuriken","Happy Flower","Prayer Wheel","Oddly Smooth Stone","Cursed Key","Ginger","The Courier"],"card_choices":[{"not_picked":["Sever Soul","Havoc","Anger"],"picked":"SKIP","floor":1},{"not_picked":["Shrug It Off","Intimidate"],"picked":"Flex","floor":3},{"not_picked":["Barricade","Havoc","Disarm"],"picked":"SKIP","floor":5},{"not_picked":["Shrug It Off","Wild Strike","Infernal Blade"],"picked":"SKIP","floor":7},{"not_picked":["Burning Pact","Armaments","Anger"],"picked":"SKIP","floor":10},{"not_picked":["Intimidate","Dark Embrace"],"picked":"Flex","floor":11},{"not_picked":["Intimidate","Clash","Clothesline"],"picked":"SKIP","floor":12},{"not_picked":["Thunderclap","Fire Breathing"],"picked":"Demon Form","floor":13},{"not_picked":["Body Slam","Clash"],"picked":"Thunderclap","floor":14},{"not_picked":["Dark Embrace","Berserk"],"picked":"Offering","floor":16},{"not_picked":["Armaments","Evolve"],"picked":"Thunderclap+1","floor":18},{"not_picked":["Havoc","Twin Strike","Clothesline"],"picked":"SKIP","floor":21},{"not_picked":["Body Slam","Double Tap"],"picked":"Flex+1","floor":22},{"not_picked":["Uppercut","Cleave"],"picked":"Whirlwind+1","floor":24},{"not_picked":["Headbutt","Havoc","Sentinel"],"picked":"SKIP","floor":27},{"not_picked":["Combust","Perfected Strike","Body Slam+1"],"picked":"SKIP","floor":29},{"not_picked":["Headbutt","Cleave"],"picked":"Pommel Strike+1","floor":30},{"not_picked":["Perfected Strike+1","Shrug It Off"],"picked":"Pommel Strike+1","floor":30},{"not_picked":["Wild Strike","Thunderclap+1"],"picked":"Feed","floor":31},{"not_picked":["Clash","Wild Strike","Thunderclap"],"picked":"SKIP","floor":31},{"not_picked":["Bludgeon","Feed"],"picked":"Exhume","floor":33},{"not_picked":["Wild Strike+1","Clothesline+1"],"picked":"Flex","floor":35},{"not_picked":["Armaments","Perfected Strike","Clash"],"picked":"SKIP","floor":35},{"not_picked":["Burning Pact","Shockwave"],"picked":"Warcry+1","floor":36},{"not_picked":["True Grit+1","Twin Strike","Impervious"],"picked":"SKIP","floor":36},{"not_picked":["Clothesline","Body Slam","Flex"],"picked":"SKIP","floor":37},{"not_picked":["Anger+1","Feel No Pain","Thunderclap"],"picked":"SKIP","floor":37},{"not_picked":["Pummel+1","Bloodletting"],"picked":"Pommel Strike+1","floor":38},{"not_picked":["Armaments","Bludgeon"],"picked":"Sword Boomerang+1","floor":38},{"not_picked":["Carnage","Fire Breathing+1"],"picked":"Rupture+1","floor":39},{"not_picked":["Twin Strike","Flex","Cleave+1"],"picked":"SKIP","floor":41},{"not_picked":["Clothesline","Body Slam","Evolve+1"],"picked":"SKIP","floor":41},{"not_picked":["Evolve+1","Sword Boomerang","Searing Blow+1"],"picked":"SKIP","floor":45},{"not_picked":["Body Slam+1","Feel No Pain+1","True Grit+1"],"picked":"SKIP","floor":45},{"not_picked":["Twin Strike+1","Disarm+1","Havoc+1"],"picked":"SKIP","floor":48},{"not_picked":["Flex+1","Headbutt","Sever Soul+1"],"picked":"SKIP","floor":48}],"player_experience":106089,"potions_floor_usage":[16,29,50],"damage_taken":[{"damage":6,"enemies":"Cultist","floor":1,"turns":3},{"damage":7,"enemies":"Jaw Worm","floor":3,"turns":3},{"damage":10,"enemies":"Small Slimes","floor":5,"turns":3},{"damage":9,"enemies":"Red Slaver","floor":7,"turns":4},{"damage":43,"enemies":"Lagavulin","floor":10,"turns":4},{"damage":13,"enemies":"Lots of Slimes","floor":11,"turns":3},{"damage":4,"enemies":"3 Louse","floor":12,"turns":2},{"damage":28,"enemies":"Large Slime","floor":13,"turns":5},{"damage":18,"enemies":"Lots of Slimes","floor":14,"turns":4},{"damage":60,"enemies":"Hexaghost","floor":16,"turns":5},{"damage":20,"enemies":"3 Byrds","floor":18,"turns":3},{"damage":22,"enemies":"2 Thieves","floor":21,"turns":2},{"damage":10,"enemies":"Cultist and Chosen","floor":22,"turns":4},{"damage":4,"enemies":"Slavers","floor":24,"turns":1},{"damage":24,"enemies":"Book of Stabbing","floor":27,"turns":3},{"damage":30,"enemies":"Slavers","floor":29,"turns":2},{"damage":7,"enemies":"Centurion and Healer","floor":30,"turns":1},{"damage":3,"enemies":"Snecko","floor":31,"turns":2},{"damage":19,"enemies":"Champ","floor":33,"turns":5},{"damage":10,"enemies":"3 Darklings","floor":35,"turns":2},{"damage":14,"enemies":"Orb Walker","floor":36,"turns":2},{"damage":3,"enemies":"3 Darklings","floor":37,"turns":1},{"damage":16,"enemies":"4 Shapes","floor":38,"turns":1},{"damage":7,"enemies":"Mysterious Sphere","floor":39,"turns":1},{"damage":0,"enemies":"Sphere and 2 Shapes","floor":41,"turns":1},{"damage":0,"enemies":"3 Darklings","floor":45,"turns":1},{"damage":12,"enemies":"4 Shapes","floor":48,"turns":1},{"damage":19,"enemies":"Donu and Deca","floor":50,"turns":3}],"relics_obtained":[{"floor":9,"key":"Meat on the Bone"},{"floor":10,"key":"Pantograph"},{"floor":20,"key":"Gremlin Horn"},{"floor":24,"key":"Shuriken"},{"floor":26,"key":"Happy Flower"},{"floor":27,"key":"Prayer Wheel"},{"floor":29,"key":"Oddly Smooth Stone"},{"floor":39,"key":"Ginger"},{"floor":43,"key":"The Courier"}],"event_choices":[{"event_name":"Liars Game","player_choice":"disagreed","floor":2,"damage_taken":0},{"event_name":"Drug Dealer","player_choice":"Got JAXXED","floor":28,"damage_taken":0},{"event_name":"Mysterious Sphere","player_choice":"Fight","floor":39,"damage_taken":0}],"boss_relics":[{"not_picked":["Ectoplasm","Black Blood"],"picked":"Astrolabe"},{"not_picked":["Velvet Choker","Pandora\u0027s Box"],"picked":"Cursed Key"}],"potions_floor_spawned":[1,10,12,13,14,21,22,31,33,35,36,45,48],"seed_played":"8275852875522861744","ascension_level":6,"potions_obtained":[{"floor":1,"key":"SneckoOil"},{"floor":10,"key":"GamblersBrew"},{"floor":12,"key":"EssenceOfSteel"},{"floor":13,"key":"Poison Potion"},{"floor":14,"key":"Fire Potion"},{"floor":21,"key":"SpeedPotion"},{"floor":22,"key":"BloodPotion"},{"floor":31,"key":"Explosive Potion"},{"floor":33,"key":"EntropicBrew"},{"floor":35,"key":"Ancient Potion"},{"floor":36,"key":"Regen Potion"},{"floor":45,"key":"GamblersBrew"}],"is_trial":false}