{"gold_per_floor":[19,36,56,70,70,70,104,104,130,130,158,308,308,319,319,391,391,411,461,351,369,382,382,397,322,376,396,411,429,429,429,429,505,505,518,303,314,332,343,343,343,373,450,450],"floor_reached":44,"playtime":3806,"items_purged":["Sweeping Beam"],"score":836,"play_id":"4e24eac2-45cc-450f-b0cb-b86e0d91f7c5","local_time":"20190201201104","is_ascension_mode":true,"campfire_choices":[{"floor":6,"key":"REST"},{"data":"Self Repair","floor":8,"key":"SMITH"},{"floor":10,"key":"REST"},{"data":"Capacitor","floor":15,"key":"SMITH"},{"floor":23,"key":"REST"},{"data":"Seek","floor":30,"key":"SMITH"},{"data":"Leap","floor":32,"key":"SMITH"},{"floor":40,"key":"REST"}],"neow_cost":"NO_GOLD","seed_source_timestamp":1334930961356741,"circlet_count":0,"master_deck":["AscendersBane","Zap","Dualcast","Biased Cognition","Auto Shields","Leap+1","Cold Snap","FTL","Self Repair+1","Go for the Eyes","Capacitor+1","Force Field","Electrodynamics","Auto Shields","Loop","Creative AI","Seek+1","Echo Form+1","Core Surge","Thunder Strike","White Noise","Rebound+1","BootSequence","Conserve Battery","Leap+1","Hologram","FTL","Coolheaded+1","Fission","Master of Strategy","Redo+1","Madness","Leap+1"],"relics":["Cracked Core","Dream Catcher","Regal Pillow","Blood Vial","DataDisk","Pantograph","Pandora\u0027s Box","Omamori","Cursed Key","Potion Belt","Pear"],"potions_floor_usage":[7,16,22,28,33,38,42],"damage_taken":[{"damage":9,"enemies":"Jaw Worm","floor":1,"turns":4},{"damage":0,"enemies":"Cultist","floor":2,"turns":3},{"damage":10,"enemies":"Small Slimes","floor":3,"turns":3},{"damage":3,"enemies":"Exordium Thugs","floor":4,"turns":7},{"damage":27,"enemies":"Lagavulin","floor":7,"turns":6},{"damage":33,"enemies":"3 Sentries","floor":11,"turns":10},{"damage":14,"enemies":"Large Slime","floor":14,"turns":7},{"damage":61,"enemies":"Slime Boss","floor":16,"turns":15},{"damage":24,"enemies":"2 Thieves","floor":18,"turns":3},{"damage":19,"enemies":"Shell Parasite","floor":21,"turns":8},{"damage":6,"enemies":"Snake Plant","floor":22,"turns":5},{"damage":16,"enemies":"Snecko","floor":24,"turns":6},{"damage":13,"enemies":"Centurion and Healer","floor":27,"turns":6},{"damage":29,"enemies":"Shelled Parasite and Fungi","floor":28,"turns":5},{"damage":15,"enemies":"Snecko","floor":29,"turns":7},{"damage":6,"enemies":"Champ","floor":33,"turns":11},{"damage":26,"enemies":"Orb Walker","floor":35,"turns":5},{"damage":32,"enemies":"3 Darklings","floor":37,"turns":4},{"damage":31,"enemies":"Jaw Worm Horde","floor":38,"turns":5},{"damage":28,"enemies":"Writhing Mass","floor":39,"turns":8},{"damage":51,"enemies":"Reptomancer","floor":42,"turns":11},{"damage":38,"enemies":"Giant Head","floor":44,"turns":9}],"seed_played":"3834944102191726001","potions_obtained":[{"floor":2,"key":"Strength Potion"},{"floor":4,"key":"Poison Potion"},{"floor":7,"key":"Swift Potion"},{"floor":16,"key":"Block Potion"},{"floor":21,"key":"Fruit Juice"},{"floor":22,"key":"FearPotion"},{"floor":28,"key":"PowerPotion"},{"floor":37,"key":"Regen Potion"},{"floor":38,"key":"Dexterity Potion"},{"floor":42,"key":"Fire Potion"}],"is_trial":false,"path_per_floor":["M","M","M","M","?","R","E","R","T","R","E","?","T","M","R","B",null,"M","?","?","M","M","R","M","$","T","M","M","M","R","?","R","B",null,"M","$","M","M","M","R","?","E","T","E"],"character_chosen":"DEFECT","items_purchased":["Master of Strategy"],"campfire_rested":4,"item_purchase_floors":[36],"current_hp_per_floor":[55,55,45,42,37,58,38,38,38,71,48,48,48,36,36,12,56,34,34,34,27,38,75,70,70,70,76,47,34,34,34,34,75,76,70,70,40,30,14,51,51,12,22,0],"gold":450,"neow_bonus":"THREE_RARE_CARDS","is_prod":false,"is_daily":false,"chose_seed":false,"campfire_upgraded":4,"win_rate":0,"timestamp":1549019464,"path_taken":["M","M","M","M","?","R","E","R","T","R","E","?","?","?","R","BOSS","M","?","?","M","M","R","?","$","T","M","M","M","R","?","R","BOSS","M","$","M","M","?","R","?","E","T","E"],"build_version":"2019-01-23","purchased_purges":1,"victory":false,"max_hp_per_floor":[71,71,71,71,71,71,71,71,71,71,71,71,71,71,71,71,71,71,71,71,71,76,76,76,76,76,76,76,76,76,76,76,76,76,76,76,76,76,76,76,76,76,86,86],"card_choices":[{"not_picked":["Core Surge","Buffer"],"picked":"Biased Cognition","floor":0},{"not_picked":["Streamline","Rebound"],"picked":"Auto Shields","floor":1},{"not_picked":["Hello World","Redo"],"picked":"Leap","floor":2},{"not_picked":["Genetic Algorithm","Conserve Battery"],"picked":"Cold Snap","floor":3},{"not_picked":["Barrage","Lockon"],"picked":"FTL","floor":4},{"not_picked":["Stack","Redo"],"picked":"Self Repair","floor":6},{"not_picked":["Gash","Scrape"],"picked":"Go for the Eyes","floor":7},{"not_picked":["Barrage","Hello World"],"picked":"Capacitor","floor":10},{"not_picked":["Storm","Stack","Steam Power"],"picked":"SKIP","floor":11},{"not_picked":["All For One","Sweeping Beam"],"picked":"Force Field","floor":14},{"not_picked":["Biased Cognition","Amplify"],"picked":"Electrodynamics","floor":16},{"not_picked":["Barrage","Rebound"],"picked":"White Noise","floor":18},{"not_picked":["Scrape","Streamline+1"],"picked":"Rebound+1","floor":21},{"not_picked":["Compile Driver","Beam Cell"],"picked":"BootSequence","floor":22},{"not_picked":["Loop","Doom and Gloom"],"picked":"Conserve Battery","floor":23},{"not_picked":["Conserve Battery","Consume"],"picked":"Leap+1","floor":24},{"not_picked":["Conserve Battery","Go for the Eyes"],"picked":"Hologram","floor":27},{"not_picked":["Gash","Turbo"],"picked":"FTL","floor":28},{"not_picked":["Compile Driver","Capacitor"],"picked":"Coolheaded+1","floor":29},{"not_picked":["All For One","Echo Form"],"picked":"Fission","floor":33},{"not_picked":["Beam Cell","Ball Lightning","Sweeping Beam+1"],"picked":"SKIP","floor":35},{"not_picked":["Stack","Sunder","Steam+1"],"picked":"SKIP","floor":37},{"not_picked":["Beam Cell+1","Capacitor","Gash"],"picked":"SKIP","floor":38},{"not_picked":["Steam","Recycle"],"picked":"Redo+1","floor":39},{"not_picked":["Metamorphosis","Panacea"],"picked":"Madness","floor":41},{"not_picked":["Consume","Ball Lightning"],"picked":"Leap+1","floor":42}],"player_experience":578700,"relics_obtained":[{"floor":7,"key":"Regal Pillow"},{"floor":9,"key":"Blood Vial"},{"floor":11,"key":"DataDisk"},{"floor":13,"key":"Pantograph"},{"floor":26,"key":"Omamori"},{"floor":42,"key":"Potion Belt"},{"floor":43,"key":"Pear"}],"event_choices":[{"damage_healed":0,"gold_gain":0,"player_choice":"Success","damage_taken":5,"relics_obtained":["Dream Catcher"],"max_hp_gain":0,"max_hp_loss":0,"event_name":"Scrap Ooze","floor":5,"gold_loss":0},{"damage_healed":0,"gold_gain":150,"player_choice":"AGREE","damage_taken":0,"max_hp_gain":0,"max_hp_loss":0,"event_name":"Liars Game","floor":12,"gold_loss":0,"cards_obtained":["Doubt"]},{"damage_healed":0,"gold_gain":50,"player_choice":"Stole From Cult","damage_taken":0,"max_hp_gain":0,"max_hp_loss":0,"event_name":"Nest","floor":19,"gold_loss":0},{"cards_removed":["Doubt"],"damage_healed":0,"gold_gain":0,"player_choice":"Upgrade and Remove","damage_taken":0,"max_hp_gain":0,"max_hp_loss":0,"event_name":"Designer","floor":20,"gold_loss":110,"cards_upgraded":["Echo Form"]},{"damage_healed":0,"gold_gain":0,"player_choice":"0 cards matched","damage_taken":0,"max_hp_gain":0,"max_hp_loss":0,"event_name":"Match and Keep!","floor":31,"gold_loss":0,"cards_obtained":[]},{"damage_healed":0,"gold_gain":0,"player_choice":"Memory 1","damage_taken":0,"max_hp_gain":0,"max_hp_loss":0,"event_name":"SensoryStone","floor":41,"gold_loss":0}],"is_beta":false,"boss_relics":[{"not_picked":["Orrery","Philosopher\u0027s Stone"],"picked":"Pandora\u0027s Box"},{"not_picked":["Empty Cage","Inserter"],"picked":"Cursed Key"}],"items_purged_floors":[25],"is_endless":false,"potions_floor_spawned":[2,4,7,16,21,22,28,37,38,42],"killed_by":"Giant Head","ascension_level":17}