{"gold_per_floor":[14,34,34,51,65,97,109,109,109,138,149,167,197,197,197,197],"floor_reached":16,"playtime":1039,"items_purged":[],"score":182,"play_id":"77923bdd-7de0-43aa-8753-862dd5ee8aca","local_time":"20190212003852","is_ascension_mode":true,"campfire_choices":[{"data":"Body Slam","floor":8,"key":"SMITH"},{"data":"Spot Weakness","floor":15,"key":"SMITH"}],"neow_cost":"NO_GOLD","seed_source_timestamp":562180177059067,"circlet_count":0,"master_deck":["AscendersBane","Strike_R","Strike_R","Strike_R","Strike_R","Defend_R","Defend_R","Defend_R","Defend_R","Bash","Battle Trance","Spot Weakness+1","Battle Trance","Body Slam+1","Battle Trance","Shrug It Off","True Grit","Exhume"],"relics":["Burning Blood","FossilizedHelix","Bag of Preparation","Thread and Needle","Ornamental Fan","Champion Belt"],"potions_floor_usage":[12],"damage_taken":[{"damage":0,"enemies":"Small Slimes","floor":1,"turns":3},{"damage":0,"enemies":"Cultist","floor":2,"turns":4},{"damage":8,"enemies":"2 Louse","floor":4,"turns":3},{"damage":24,"enemies":"Large Slime","floor":5,"turns":8},{"damage":28,"enemies":"Gremlin Nob","floor":6,"turns":5},{"damage":5,"enemies":"Looter","floor":7,"turns":4},{"damage":33,"enemies":"Lagavulin","floor":10,"turns":7},{"damage":0,"enemies":"Blue Slaver","floor":11,"turns":4},{"damage":0,"enemies":"Large Slime","floor":12,"turns":5},{"damage":41,"enemies":"Slime Boss","floor":16,"turns":9}],"seed_played":"2292175975549275092","potions_obtained":[{"floor":1,"key":"SpeedPotion"},{"floor":2,"key":"Energy Potion"},{"floor":12,"key":"FairyPotion"}],"is_trial":false,"path_per_floor":["M","M","?","M","M","E","M","R","T","E","M","M","?","?","R","B"],"character_chosen":"IRONCLAD","items_purchased":[],"campfire_rested":0,"item_purchase_floors":[],"current_hp_per_floor":[78,80,80,78,60,38,39,39,39,12,18,24,24,17,17,0],"gold":197,"neow_bonus":"ONE_RARE_RELIC","is_prod":false,"is_daily":false,"chose_seed":false,"campfire_upgraded":2,"win_rate":0,"timestamp":1549924732,"path_taken":["M","M","?","?","M","E","M","R","T","E","M","?","?","?","R","BOSS"],"build_version":"2019-01-23","purchased_purges":0,"victory":false,"max_hp_per_floor":[80,80,80,80,80,80,80,80,80,80,80,80,80,80,80,80],"card_choices":[{"not_picked":["Bloodletting","Shockwave"],"picked":"Battle Trance","floor":1},{"not_picked":["Iron Wave","Entrench"],"picked":"Spot Weakness","floor":2},{"not_picked":["Shockwave","Corruption"],"picked":"Battle Trance","floor":4},{"not_picked":["Warcry","Heavy Blade"],"picked":"Body Slam","floor":5},{"not_picked":["Anger","Blood for Blood","Cleave"],"picked":"SKIP","floor":6},{"not_picked":["Reckless Charge","Warcry"],"picked":"Battle Trance","floor":7},{"not_picked":["Pommel Strike","Armaments"],"picked":"Shrug It Off","floor":10},{"not_picked":["Clash","Fire Breathing"],"picked":"True Grit","floor":11},{"not_picked":["Dropkick","Uppercut"],"picked":"Exhume","floor":12}],"player_experience":188638,"relics_obtained":[{"floor":6,"key":"Bag of Preparation"},{"floor":9,"key":"Thread and Needle"},{"floor":10,"key":"Ornamental Fan"}],"event_choices":[{"cards_removed":["Strike_R"],"damage_healed":0,"gold_gain":0,"player_choice":"Offered Basic","damage_taken":0,"max_hp_gain":0,"max_hp_loss":0,"event_name":"Bonfire Elementals","floor":3,"gold_loss":0},{"damage_healed":0,"gold_gain":30,"player_choice":"Searched \u00272\u0027 times","damage_taken":0,"max_hp_gain":0,"max_hp_loss":0,"event_name":"Dead Adventurer","floor":13,"gold_loss":0},{"damage_healed":0,"gold_gain":0,"player_choice":"Success","damage_taken":7,"relics_obtained":["Champion Belt"],"max_hp_gain":0,"max_hp_loss":0,"event_name":"Scrap Ooze","floor":14,"gold_loss":0}],"is_beta":false,"boss_relics":[],"items_purged_floors":[],"is_endless":false,"potions_floor_spawned":[1,2,11,12],"killed_by":"Slime Boss","ascension_level":12}