{"gold_per_floor":[113,133,133,133,152,152,176,195,195,208,106,146,146,185,185,185],"floor_reached":16,"playtime":605,"items_purged":[],"score":212,"play_id":"3c411772-8510-4df8-b52e-552eef982543","local_time":"20181009094753","is_ascension_mode":true,"campfire_choices":[{"data":"Whirlwind","floor":6,"key":"SMITH"},{"data":"Mind Blast","floor":13,"key":"SMITH"},{"data":"Inflame","floor":15,"key":"SMITH"}],"neow_cost":"TEN_PERCENT_HP_LOSS","seed_source_timestamp":0,"circlet_count":0,"master_deck":["Strike_R","Strike_R","Strike_R","Strike_R","Strike_R","Defend_R","Defend_R","Defend_R","Defend_R","Bash","AscendersBane","Whirlwind+1","Discovery","Inflame+1","Mind Blast+1","Flex","Inflame"],"special_seed":0,"relics":["Burning Blood","Golden Idol","Shuriken","Meat on the Bone","Molten Egg 2"],"potions_floor_usage":[12,16,16],"damage_taken":[{"damage":0,"enemies":"Small Slimes","floor":1,"turns":3},{"damage":1,"enemies":"Cultist","floor":2,"turns":3},{"damage":0,"enemies":"Jaw Worm","floor":5,"turns":3},{"damage":19,"enemies":"Blue Slaver","floor":7,"turns":5},{"damage":0,"enemies":"3 Louse","floor":8,"turns":1},{"damage":15,"enemies":"Exordium Wildlife","floor":10,"turns":3},{"damage":0,"enemies":"3 Sentries","floor":12,"turns":1},{"damage":29,"enemies":"Gremlin Nob","floor":14,"turns":4},{"damage":39,"enemies":"Hexaghost","floor":16,"turns":7}],"seed_played":"8669252158245615425","potions_obtained":[{"floor":2,"key":"Explosive Potion"},{"floor":5,"key":"SkillPotion"},{"floor":10,"key":"SteroidPotion"},{"floor":12,"key":"Dexterity Potion"},{"floor":14,"key":"GamblersBrew"}],"is_trial":false,"path_per_floor":["M","M","?","?","M","R","M","M","T","M","$","E","R","E","R"],"character_chosen":"IRONCLAD","items_purchased":["Mind Blast"],"campfire_rested":0,"item_purchase_floors":[11],"current_hp_per_floor":[72,72,72,54,60,60,47,53,53,44,44,50,50,39,39,0],"gold":185,"neow_bonus":"THREE_RARE_CARDS","is_prod":false,"is_daily":false,"chose_seed":false,"campfire_upgraded":3,"win_rate":0,"timestamp":1539071273,"path_taken":["M","M","?","?","M","R","M","?","T","M","?","E","R","E","R","BOSS"],"build_version":"2018-10-04v2","purchased_purges":0,"victory":false,"max_hp_per_floor":[72,72,72,72,72,72,72,72,72,72,72,72,72,72,72,72],"card_choices":[{"not_picked":["Dark Embrace","Berserk"],"picked":"Feed","floor":0.0},{"not_picked":["Heavy Blade","Rage","Shrug It Off"],"picked":"SKIP","floor":1},{"not_picked":["Cleave","Inflame"],"picked":"Whirlwind","floor":2},{"not_picked":["Warcry","Rampage","Second Wind"],"picked":"SKIP","floor":5},{"not_picked":["Corruption","Carnage"],"picked":"Inflame","floor":7},{"not_picked":["Reckless Charge","Iron Wave","Cleave"],"picked":"SKIP","floor":8},{"not_picked":["Uppercut","Clothesline","True Grit"],"picked":"SKIP","floor":10},{"not_picked":["Demon Form","Disarm"],"picked":"Flex","floor":12},{"not_picked":["Rampage","Infernal Blade"],"picked":"Inflame","floor":14}],"player_experience":239457,"relics_obtained":[{"floor":9,"key":"Shuriken"},{"floor":12,"key":"Meat on the Bone"},{"floor":14,"key":"Molten Egg 2"}],"event_choices":[{"event_name":"Match and Keep!","player_choice":"1 cards matched","floor":3,"damage_taken":0},{"event_name":"Golden Idol","player_choice":"Take Damage","floor":4,"damage_taken":0}],"is_beta":false,"boss_relics":[],"items_purged_floors":[],"is_endless":false,"potions_floor_spawned":[2,5,10,12,14],"killed_by":"Hexaghost","ascension_level":11}