{"path_per_floor":["M","$","M","M","$","R","M","R","T","R","E","?","M","M","R","B",null,"M","$","?","$","M","R","E","R","T","M","?","M","M","M","R","B",null,"M","?","$","?","?","E","?","R","T","M","$","E","M","M","R"],"character_chosen":"THE_SILENT","items_purchased":["Dagger Throw","Terror","Footwork","Bag of Marbles"],"gold_per_floor":[118,92,107,126,89,89,105,105,105,105,135,210,224,235,235,340,340,350,310,310,92,102,102,135,135,135,154,69,87,104,117,117,219,219,233,0,0,0,0,26,26,26,26,45,45,77,92,109,109],"floor_reached":50,"campfire_rested":3,"playtime":3793,"current_hp_per_floor":[70,70,70,70,70,70,65,65,79,79,73,62,57,50,75,47,84,81,81,81,81,69,69,67,67,67,67,67,67,59,52,52,58,84,67,67,67,67,94,45,45,85,92,87,87,40,29,16,58],"items_purged":["Writhe"],"gold":109,"play_id":"f8451668-5f87-4d69-8422-c34811cb8d86","is_prod":false,"is_daily":false,"campfire_rituals":0,"campfire_upgraded":6,"is_hardmode":false,"path_taken":["M","$","M","M","$","R","M","R","T","R","E","?","M","M","R","BOSS","M","$","?","$","M","R","E","R","T","M","?","M","M","M","R","BOSS","M","?","$","?","?","E","?","R","T","M","$","E","M","M","R","BOSS"],"build_version":"2018-01-11-PROD1","purchased_purges":2,"victory":false,"master_deck":["Defend_G","Defend_G","Defend_G","Defend_G","Defend_G","Strike_G","Strike_G","Strike_G","Strike_G","Survivor","Neutralize","Slice","Dagger Throw","PiercingWail","Riddle With Holes","Terror","Footwork","Leg Sweep","Skewer","Noxious Fumes","Slice","Footwork","Bane","Caltrops","Distraction","Dodge and Roll","Poisoned Stab","Noxious Fumes","Night Terror","Poisoned Stab","Backflip","Envenom","Catalyst","Escape Plan"],"max_hp_per_floor":[70,70,70,70,70,70,70,70,84,84,84,84,84,84,84,84,84,84,84,84,84,84,84,84,84,84,84,84,84,84,84,84,84,84,84,84,84,84,94,94,94,94,101,101,101,101,101,101,101],"relics":["Ring of the Snake","Orichalcum","Mango","Juzu Bracelet","Sozu","Bag of Preparation","Bag of Marbles","Bottled Lightning","Happy Flower","Pantograph","Eternal Feather","Red Mask","Frozen Egg","Strawberry","Anchor"],"campfire_meditates":0,"card_choices":[{"not_picked":["Dagger Spray","Blade Dance"],"picked":"Slice"},{"not_picked":["Skewer","Dodge and Roll"],"picked":"PiercingWail"},{"not_picked":["Deflect","Slice"],"picked":"Riddle With Holes"},{"not_picked":["Poisoned Stab","All Out Attack"],"picked":"Footwork"},{"not_picked":["Deadly Poison","Phantasmal Killer"],"picked":"Leg Sweep"},{"not_picked":["Quick Slash","Prepared"],"picked":"Skewer"},{"not_picked":["Quick Slash","Dash"],"picked":"Noxious Fumes"},{"not_picked":["Night Terror","Doppelganger"],"picked":"Adrenaline"},{"not_picked":["Sucker Punch","PiercingWail"],"picked":"Slice"},{"not_picked":["Escape Plan","Flying Knee"],"picked":"Bane"},{"not_picked":["Predator","Dagger Throw"],"picked":"Caltrops"},{"not_picked":["PiercingWail","Dodge and Roll"],"picked":"Distraction"},{"not_picked":["Finisher","Flechettes"],"picked":"Dodge and Roll"},{"not_picked":["Sucker Punch","Doppelganger"],"picked":"Poisoned Stab"},{"not_picked":["Prepared","Bane"],"picked":"Noxious Fumes"},{"not_picked":["Phantasmal Killer","Corpse Explosion"],"picked":"Night Terror"},{"not_picked":["Sucker Punch","Acrobatics"],"picked":"Poisoned Stab"},{"not_picked":["Outmaneuver","Deflect"],"picked":"Backflip"},{"not_picked":["Deflect","Deadly Poison"],"picked":"Envenom"},{"not_picked":["Caltrops","Terror"],"picked":"Catalyst"},{"not_picked":["Malaise","Dagger Spray"],"picked":"Escape Plan"}],"player_experience":6451,"potions_floor_usage":[],"damage_taken":[{"damage":0,"enemies":"Cultist","floor":1,"turns":3},{"damage":0,"enemies":"Small Slimes","floor":3,"turns":3},{"damage":0,"enemies":"Jaw Worm","floor":4,"turns":3},{"damage":5,"enemies":"2 Fungi Beasts","floor":7,"turns":3},{"damage":6,"enemies":"Lagavulin","floor":11,"turns":6},{"damage":5,"enemies":"Looter","floor":13,"turns":4},{"damage":7,"enemies":"Red Slaver","floor":14,"turns":3},{"damage":28,"enemies":"Slime Boss","floor":16,"turns":13},{"damage":3,"enemies":"3 Byrds","floor":18,"turns":5},{"damage":12,"enemies":"Shell Parasite","floor":22,"turns":5},{"damage":2,"enemies":"Book of Stabbing","floor":24,"turns":6},{"damage":0,"enemies":"Sentry and Sphere","floor":27,"turns":6},{"damage":0,"enemies":"Snake Plant","floor":29,"turns":3},{"damage":8,"enemies":"Centurion and Healer","floor":30,"turns":4},{"damage":7,"enemies":"Chosen and Byrds","floor":31,"turns":5},{"damage":19,"enemies":"Champ","floor":33,"turns":12},{"damage":17,"enemies":"3 Shapes","floor":35,"turns":5},{"damage":49,"enemies":"2 Orb Walkers","floor":40,"turns":6},{"damage":5,"enemies":"3 Darklings","floor":44,"turns":6},{"damage":47,"enemies":"Nemesis","floor":46,"turns":10},{"damage":11,"enemies":"Maw","floor":47,"turns":8},{"damage":13,"enemies":"Sphere and 2 Shapes","floor":48,"turns":7},{"damage":85,"enemies":"Awakened One","floor":50,"turns":5}],"event_choices":[{"event_name":"World of Goop","player_choice":"Gather Gold","floor":12,"damage_taken":0},{"event_name":"The Mausoleum","player_choice":"Yes","floor":20,"damage_taken":0},{"event_name":"Addict","player_choice":"Obtained Relic","floor":28,"damage_taken":0},{"event_name":"Tomb of Lord Red Mask","player_choice":"Paid","floor":36,"damage_taken":0},{"event_name":"Purifier","player_choice":"Skipped","floor":38,"damage_taken":0},{"event_name":"Bonfire Elementals","player_choice":"RARE","floor":39,"damage_taken":0}],"boss_relics":[{"not_picked":["Runic Dome","Philosopher\u0027s Stone"],"picked":"Sozu"},{"not_picked":["White Beast Statue","Lizard Tail"],"picked":"Eternal Feather"}],"potions_floor_spawned":[3,4,14,22,29,31,33,44,46],"seed_played":"-9096757101743141238","killed_by":"Awakened One","is_trial":false}