{"gold_per_floor":[210,210,230,242,242,59,94,94,94,94,110,75,86,100,100,100],"floor_reached":16,"playtime":743,"items_purged":["Strike_G"],"score":304,"play_id":"7aec2ce3-64f6-4e4b-bbe1-a546b80d0b7a","local_time":"20190219091057","is_ascension_mode":true,"campfire_choices":[{"floor":8,"key":"REST"},{"data":"Discovery","floor":10,"key":"SMITH"},{"floor":15,"key":"REST"}],"neow_cost":"NONE","seed_source_timestamp":0,"circlet_count":0,"master_deck":["AscendersBane","Defend_G","Defend_G","Defend_G","Defend_G","Defend_G","Strike_G","Strike_G","Strike_G","Strike_G","Survivor","Neutralize+1","Quick Slash","Poisoned Stab","Tools of the Trade","Discovery+1","Cloak And Dagger","Deadly Poison","Noxious Fumes","Escape Plan"],"special_seed":0,"relics":["Ring of the Snake","Bottled Lightning","Bag of Marbles"],"potions_floor_usage":[7,16,16],"damage_taken":[{"damage":12,"enemies":"Cultist","floor":1,"turns":5},{"damage":0,"enemies":"2 Louse","floor":3,"turns":3},{"damage":2,"enemies":"Jaw Worm","floor":4,"turns":4},{"damage":29,"enemies":"Gremlin Nob","floor":7,"turns":4},{"damage":13,"enemies":"Exordium Wildlife","floor":11,"turns":5},{"damage":17,"enemies":"Large Slime","floor":13,"turns":6},{"damage":2,"enemies":"Lots of Slimes","floor":14,"turns":4},{"damage":43,"enemies":"Slime Boss","floor":16,"turns":8}],"seed_played":"2017074846981317486","potions_obtained":[{"floor":1,"key":"GhostInAJar"},{"floor":4,"key":"PowerPotion"},{"floor":13,"key":"AttackPotion"}],"is_trial":false,"path_per_floor":["M","?","M","M","$","$","E","R","T","R","M","?","M","M","R","B"],"character_chosen":"THE_SILENT","items_purchased":["Discovery"],"campfire_rested":2,"item_purchase_floors":[6],"current_hp_per_floor":[47,47,47,45,45,45,16,35,35,35,22,38,21,19,38,0],"gold":100,"neow_bonus":"HUNDRED_GOLD","is_prod":false,"is_daily":false,"chose_seed":false,"campfire_upgraded":1,"win_rate":0,"timestamp":1550563857,"path_taken":["M","?","?","M","?","$","E","R","T","R","M","?","M","M","R","BOSS"],"build_version":"2019-01-23","purchased_purges":1,"victory":false,"max_hp_per_floor":[66,66,66,66,66,66,66,66,66,66,66,66,66,66,66,66],"card_choices":[{"not_picked":["Prepared","Cloak And Dagger"],"picked":"Quick Slash","floor":1},{"not_picked":["Slice","Outmaneuver"],"picked":"Poisoned Stab","floor":3},{"not_picked":["Distraction","Blade Dance"],"picked":"Tools of the Trade","floor":4},{"not_picked":["Predator","Deflect"],"picked":"Cloak And Dagger","floor":7},{"not_picked":["Escape Plan","Riddle With Holes"],"picked":"Deadly Poison","floor":11},{"not_picked":["Dagger Throw","Leg Sweep"],"picked":"Noxious Fumes","floor":13},{"not_picked":["Flying Knee","Underhanded Strike"],"picked":"Escape Plan","floor":14}],"player_experience":511132,"relics_obtained":[{"floor":7,"key":"Bottled Lightning"},{"floor":9,"key":"Bag of Marbles"}],"event_choices":[{"damage_healed":0,"gold_gain":0,"player_choice":"Upgraded","damage_taken":0,"max_hp_gain":0,"max_hp_loss":0,"event_name":"Upgrade Shrine","floor":2,"gold_loss":0,"cards_upgraded":["Neutralize"]},{"damage_healed":16,"gold_gain":0,"player_choice":"Healed","damage_taken":0,"max_hp_gain":0,"max_hp_loss":0,"event_name":"The Cleric","floor":12,"gold_loss":35}],"is_beta":false,"boss_relics":[],"items_purged_floors":[6],"is_endless":false,"potions_floor_spawned":[1,4,13],"killed_by":"Slime Boss","ascension_level":20}