{"path_per_floor":["M","?","$","M","M","R","?","E","T","M","M","R","M","M","R","B",null,"M","$","M","M","$","R","M","E","T","?","M","R","E","?","R"],"character_chosen":"THE_SILENT","items_purchased":["Regal Pillow","Anchor"],"gold_per_floor":[111,111,111,125,142,142,142,177,177,194,211,211,229,240,240,342,342,356,208,221,231,74,74,90,122,122,122,140,140,173,143,143],"floor_reached":33,"campfire_rested":3,"playtime":1501,"current_hp_per_floor":[71,19,19,19,19,42,42,34,48,40,40,67,66,66,66,50,91,80,80,70,68,68,76,56,35,35,65,64,74,31,31,83],"items_purged":[],"gold":143,"score":314,"play_id":"b09c793e-7e86-467a-aa54-042df7efc9bd","is_prod":false,"is_daily":false,"is_ascension_mode":false,"campfire_upgraded":3,"path_taken":["M","?","$","M","M","R","?","E","T","M","M","R","M","M","R","BOSS","M","?","M","M","$","R","M","E","T","?","M","R","E","?","R","BOSS"],"build_version":"2018-02-12-PROD1","purchased_purges":0,"victory":false,"master_deck":["Defend_G","Defend_G","Defend_G","Defend_G","Strike_G","Strike_G","Strike_G","Strike_G","Strike_G","Survivor","Neutralize","Flying Knee","Dagger Spray+1","Backflip","Flechettes+1","Doppelganger+1","Deflect","All Out Attack+1","Quick Slash+1","Quick Slash+1","Bullet Time+1","Cloak And Dagger+1","Flying Knee+1","Deadly Poison+1","Distraction","Adrenaline+1","Deflect+1","Predator+1"],"max_hp_per_floor":[77,77,77,77,77,77,77,77,91,91,91,91,91,91,91,91,91,91,91,91,91,91,91,91,91,91,91,91,91,91,91,91],"relics":["Ring of the Snake","Molten Egg 2","Torii","Mango","Eternal Feather","Regal Pillow","Anchor","Happy Flower","Sundial","Shuriken"],"card_choices":[{"not_picked":["Backflip","Deadly Poison"],"picked":"Flying Knee"},{"not_picked":["Bane","Outmaneuver"],"picked":"Dagger Spray"},{"not_picked":["Deadly Poison","Underhanded Strike"],"picked":"Backflip"},{"not_picked":["Dodge and Roll","Backflip"],"picked":"Doppelganger"},{"not_picked":["Eviscerate","Infinite Blades"],"picked":"Deflect"},{"not_picked":["Prepared","Quick Slash"],"picked":"All Out Attack"},{"not_picked":["Calculated Gamble","Expertise"],"picked":"Quick Slash"},{"not_picked":["Deadly Poison","Deflect"],"picked":"Quick Slash"},{"not_picked":["Phantasmal Killer","Doppelganger"],"picked":"Bullet Time"},{"not_picked":["Deflect","Poisoned Stab"],"picked":"Cloak And Dagger"},{"not_picked":["Backflip","Bane"],"picked":"Flying Knee"},{"not_picked":["Blur","Finisher"],"picked":"Deadly Poison"},{"not_picked":["Dash","Bane"],"picked":"Distraction"},{"not_picked":["Blur","Outmaneuver"],"picked":"Adrenaline"},{"not_picked":["Calculated Gamble","Dagger Spray"],"picked":"Deflect"},{"not_picked":["Prepared","Dodge and Roll"],"picked":"Predator"}],"player_experience":177748,"potions_floor_usage":[16,16,21,25,28,30,33,33],"damage_taken":[{"damage":6,"enemies":"2 Louse","floor":1,"turns":2},{"damage":0,"enemies":"Small Slimes","floor":4,"turns":4},{"damage":0,"enemies":"Blue Slaver","floor":5,"turns":3},{"damage":8,"enemies":"3 Sentries","floor":8,"turns":5},{"damage":8,"enemies":"3 Louse","floor":10,"turns":2},{"damage":0,"enemies":"Lots of Slimes","floor":11,"turns":1},{"damage":1,"enemies":"2 Fungi Beasts","floor":13,"turns":2},{"damage":0,"enemies":"Large Slime","floor":14,"turns":3},{"damage":16,"enemies":"The Guardian","floor":16,"turns":11},{"damage":11,"enemies":"2 Thieves","floor":18,"turns":3},{"damage":10,"enemies":"Chosen","floor":20,"turns":4},{"damage":11,"enemies":"Snake Plant","floor":21,"turns":4},{"damage":20,"enemies":"Snecko","floor":24,"turns":4},{"damage":21,"enemies":"Slavers","floor":25,"turns":5},{"damage":1,"enemies":"Slaver and Parasite","floor":28,"turns":4},{"damage":43,"enemies":"Book of Stabbing","floor":30,"turns":5},{"damage":83,"enemies":"Champ","floor":33,"turns":9}],"event_choices":[{"event_name":"Scrap Ooze","player_choice":"success","floor":2,"damage_taken":52},{"event_name":"Transmorgrifier","player_choice":"Transform","floor":7,"damage_taken":0},{"event_name":"The Library","player_choice":"Heal","floor":27,"damage_taken":0},{"event_name":"The Woman in Blue","player_choice":"Bought 2 Potions","floor":31,"damage_taken":0}],"boss_relics":[{"not_picked":["Tiny House","Philosopher\u0027s Stone"],"picked":"Eternal Feather"}],"potions_floor_spawned":[10,11,16,18,20],"seed_played":"2239067139234227332","killed_by":"Champ","ascension_level":0,"is_trial":false}