{"gold_per_floor":[111,130,148,148,162,189,189,215,215,215,16,35,50,77,77,151,151,171,271,286,286,236,236],"floor_reached":23,"playtime":1265,"items_purged":[],"score":401,"play_id":"00134571-b51e-423f-aeca-085ad8d9c631","local_time":"20190218210156","is_ascension_mode":true,"campfire_choices":[{"data":"Tools of the Trade","floor":7,"key":"SMITH"},{"floor":10,"key":"REST"},{"floor":15,"key":"REST"}],"neow_cost":"TEN_PERCENT_HP_LOSS","seed_source_timestamp":462631750125500,"circlet_count":0,"master_deck":["AscendersBane","Defend_G","Defend_G","Defend_G","Defend_G","Defend_G","Strike_G","Strike_G","Strike_G+1","Strike_G","Strike_G","Survivor","Neutralize+1","Dagger Throw","Infinite Blades","Predator+1","Tools of the Trade+1","Cloak And Dagger","Dagger Throw","Footwork","Tactician","Reflex","Malaise+1","Escape Plan+1","Prepared","Dodge and Roll+1","Footwork","Decay"],"relics":["Ring of the Snake","Tingsha","Whetstone","Pear","Bottled Flame","Anchor","Vajra","Philosopher\u0027s Stone","Prayer Wheel","Paper Crane"],"potions_floor_usage":[8,16,19,19],"damage_taken":[{"damage":0,"enemies":"2 Louse","floor":1,"turns":3},{"damage":9,"enemies":"Small Slimes","floor":2,"turns":4},{"damage":1,"enemies":"Cultist","floor":3,"turns":3},{"damage":5,"enemies":"Exordium Thugs","floor":5,"turns":4},{"damage":25,"enemies":"Lagavulin","floor":6,"turns":6},{"damage":15,"enemies":"3 Sentries","floor":8,"turns":6},{"damage":0,"enemies":"Blue Slaver","floor":12,"turns":3},{"damage":0,"enemies":"2 Fungi Beasts","floor":13,"turns":3},{"damage":19,"enemies":"Gremlin Nob","floor":14,"turns":4},{"damage":20,"enemies":"Slime Boss","floor":16,"turns":7},{"damage":12,"enemies":"Shell Parasite","floor":18,"turns":5},{"damage":4,"enemies":"Colosseum Slavers","floor":19,"turns":5},{"damage":24,"enemies":"Colosseum Nobs","floor":19,"turns":6},{"damage":16,"enemies":"3 Byrds","floor":20,"turns":6},{"damage":9,"enemies":"Slavers","floor":23,"turns":1}],"seed_played":"5311648053574609899","potions_obtained":[{"floor":3,"key":"EssenceOfSteel"},{"floor":5,"key":"EssenceOfSteel"},{"floor":8,"key":"FearPotion"},{"floor":16,"key":"SteroidPotion"}],"is_trial":false,"path_per_floor":["M","M","M","?","M","E","R","E","T","R","$","M","M","E","R","B",null,"M","?","M","?","?","E"],"character_chosen":"THE_SILENT","items_purchased":["Anchor","Dagger Throw"],"campfire_rested":2,"item_purchase_floors":[11,11],"current_hp_per_floor":[59,50,49,49,44,19,19,14,14,35,35,35,35,16,37,17,57,45,17,1,1,1,0],"gold":236,"neow_bonus":"ONE_RARE_RELIC","is_prod":false,"is_daily":false,"chose_seed":false,"campfire_upgraded":1,"win_rate":0,"timestamp":1550520116,"path_taken":["M","M","M","?","M","E","R","E","T","R","$","M","M","E","R","BOSS","M","?","M","?","?","E"],"build_version":"2019-01-23","purchased_purges":0,"victory":false,"max_hp_per_floor":[60,60,60,60,60,60,60,70,70,70,70,70,70,70,70,70,70,70,70,70,70,70,70],"card_choices":[{"not_picked":["PiercingWail","Blade Dance"],"picked":"Dagger Throw","floor":1},{"not_picked":["Poisoned Stab","Deflect"],"picked":"Infinite Blades","floor":2},{"not_picked":["Sucker Punch","Flying Knee","Outmaneuver"],"picked":"SKIP","floor":3},{"not_picked":["Deflect","Terror"],"picked":"Predator","floor":5},{"not_picked":["Masterful Stab","Deflect"],"picked":"Tools of the Trade","floor":6},{"not_picked":["Masterful Stab","Flechettes"],"picked":"Cloak And Dagger","floor":8},{"not_picked":["Riddle With Holes","Setup"],"picked":"Footwork","floor":12},{"not_picked":["Noxious Fumes","Flechettes"],"picked":"Tactician","floor":13},{"not_picked":["Leg Sweep","Infinite Blades"],"picked":"Reflex","floor":14},{"not_picked":["Die Die Die","Burst"],"picked":"Malaise","floor":16},{"not_picked":["Masterful Stab","Sucker Punch"],"picked":"Escape Plan","floor":18},{"not_picked":["Dagger Spray","Heel Hook+1"],"picked":"Prepared","floor":19},{"not_picked":["Dash","Masterful Stab"],"picked":"Dodge and Roll+1","floor":20},{"not_picked":["Slice","Catalyst"],"picked":"Footwork","floor":20}],"player_experience":493101,"relics_obtained":[{"floor":6,"key":"Whetstone"},{"floor":8,"key":"Pear"},{"floor":9,"key":"Bottled Flame"},{"floor":14,"key":"Vajra"},{"floor":19,"key":"Prayer Wheel"},{"floor":19,"key":"Paper Crane"}],"event_choices":[{"damage_healed":0,"gold_gain":0,"player_choice":"Grow","damage_taken":0,"max_hp_gain":0,"max_hp_loss":0,"event_name":"Living Wall","floor":4,"gold_loss":0,"cards_upgraded":["Neutralize"]},{"damage_healed":0,"gold_gain":0,"player_choice":"Fight","damage_taken":0,"max_hp_gain":0,"max_hp_loss":0,"event_name":"Colosseum","floor":19,"gold_loss":0},{"damage_healed":0,"gold_gain":0,"player_choice":"Fought Nobs","damage_taken":0,"max_hp_gain":0,"max_hp_loss":0,"event_name":"Colosseum","floor":19,"gold_loss":0},{"damage_healed":0,"gold_gain":0,"player_choice":"Smashed Altar","damage_taken":0,"max_hp_gain":0,"max_hp_loss":0,"event_name":"Forgotten Altar","floor":21,"gold_loss":0,"cards_obtained":["Decay"]},{"damage_healed":0,"gold_gain":0,"player_choice":"Upgraded Two","damage_taken":0,"max_hp_gain":0,"max_hp_loss":0,"event_name":"Designer","floor":22,"gold_loss":50,"cards_upgraded":["Escape Plan","Malaise"]}],"is_beta":false,"boss_relics":[{"not_picked":["Eternal Feather","Runic Dome"],"picked":"Philosopher\u0027s Stone"}],"items_purged_floors":[],"is_endless":false,"potions_floor_spawned":[3,5,8,14,16,19],"killed_by":"Slavers","ascension_level":18}