{"gold_per_floor":[116,41,54,54,69,100,100,175,201,233,245,245,245,255,255,255],"floor_reached":16,"playtime":1399,"items_purged":["Strike_R"],"score":121,"play_id":"47ec5b21-a251-4e73-a1b6-4540f5b59c8d","local_time":"20190216213118","is_ascension_mode":true,"campfire_choices":[{"data":"True Grit","floor":7,"key":"SMITH"},{"floor":12,"key":"REST"},{"floor":15,"key":"REST"}],"neow_cost":"NONE","seed_source_timestamp":216099902687549,"circlet_count":0,"master_deck":["Strike_R","Strike_R","Defend_R","Defend_R","Defend_R","Defend_R","Bash","True Grit+1","Pommel Strike","Heavy Blade","Cleave"],"relics":["Burning Blood","Vajra","Lantern","Bag of Preparation"],"potions_floor_usage":[6,14],"damage_taken":[{"damage":8,"enemies":"2 Louse","floor":1,"turns":4},{"damage":0,"enemies":"Small Slimes","floor":3,"turns":4},{"damage":0,"enemies":"Jaw Worm","floor":5,"turns":4},{"damage":30,"enemies":"3 Sentries","floor":6,"turns":13},{"damage":24,"enemies":"Lagavulin","floor":10,"turns":8},{"damage":15,"enemies":"Large Slime","floor":11,"turns":8},{"damage":0,"enemies":"2 Fungi Beasts","floor":14,"turns":1},{"damage":76,"enemies":"Hexaghost","floor":16,"turns":16}],"seed_played":"-3017642110982243109","potions_obtained":[{"floor":1,"key":"Strength Potion"},{"floor":10,"key":"Energy Potion"},{"floor":11,"key":"Explosive Potion"}],"is_trial":false,"path_per_floor":["M","$","M","$","M","E","R","?","T","E","M","R","?","M","R","B"],"character_chosen":"IRONCLAD","items_purchased":[],"campfire_rested":2,"item_purchase_floors":[],"current_hp_per_floor":[78,78,80,80,80,56,56,45,45,27,18,42,42,48,72,0],"gold":255,"neow_bonus":"REMOVE_CARD","is_prod":false,"is_daily":false,"chose_seed":false,"campfire_upgraded":1,"win_rate":0,"timestamp":1550320278,"path_taken":["M","$","M","$","M","E","R","?","T","E","M","R","?","M","R","BOSS"],"build_version":"2019-01-23","purchased_purges":1,"victory":false,"max_hp_per_floor":[80,80,80,80,80,80,80,80,80,80,80,80,80,80,80,80],"card_choices":[{"not_picked":["Dual Wield","Warcry"],"picked":"True Grit","floor":1},{"not_picked":["Thunderclap","Hemokinesis"],"picked":"Pommel Strike","floor":3},{"not_picked":["Warcry","Pummel","Flex"],"picked":"SKIP","floor":5},{"not_picked":["Double Tap","Rupture"],"picked":"Heavy Blade","floor":6},{"not_picked":["Searing Blow","Pommel Strike","Intimidate"],"picked":"SKIP","floor":10},{"not_picked":["Pommel Strike","Rampage"],"picked":"Cleave","floor":11},{"not_picked":["Thunderclap","Second Wind","Clothesline"],"picked":"SKIP","floor":14}],"player_experience":63329,"relics_obtained":[{"floor":6,"key":"Vajra"},{"floor":9,"key":"Lantern"},{"floor":10,"key":"Bag of Preparation"}],"event_choices":[{"damage_healed":0,"gold_gain":75,"player_choice":"Gather Gold","damage_taken":11,"max_hp_gain":0,"max_hp_loss":0,"event_name":"World of Goop","floor":8,"gold_loss":0},{"cards_removed":["Strike_R"],"damage_healed":0,"gold_gain":0,"player_choice":"Forget","damage_taken":0,"max_hp_gain":0,"max_hp_loss":0,"event_name":"Living Wall","floor":13,"gold_loss":0}],"is_beta":false,"boss_relics":[],"items_purged_floors":[2],"is_endless":false,"potions_floor_spawned":[1,10,11],"killed_by":"Hexaghost","ascension_level":2}