{"gold_per_floor":[14,14,27,27,27,27,40,50,75,92,112,129,139,139,139,139],"floor_reached":16,"playtime":473,"items_purged":[],"score":178,"play_id":"93e6780c-79f5-4023-bd92-620645167b2b","local_time":"20190202164101","is_ascension_mode":true,"campfire_choices":[{"data":"Defend_R","floor":6,"key":"SMITH"},{"floor":15,"key":"REST"}],"neow_cost":"NO_GOLD","seed_source_timestamp":428454676888800,"circlet_count":0,"master_deck":["AscendersBane","Strike_R","Strike_R","Strike_R","Strike_R","Strike_R","Defend_R","Defend_R","Defend_R+1","Bash+1","Dual Wield","Dropkick"],"relics":["Burning Blood","Gambling Chip","Happy Flower","Pen Nib"],"potions_floor_usage":[16],"damage_taken":[{"damage":7,"enemies":"Small Slimes","floor":1,"turns":4},{"damage":3,"enemies":"2 Louse","floor":3,"turns":4},{"damage":7,"enemies":"Jaw Worm","floor":7,"turns":3},{"damage":10,"enemies":"Red Slaver","floor":8,"turns":3},{"damage":3,"enemies":"2 Fungi Beasts","floor":10,"turns":4},{"damage":8,"enemies":"Blue Slaver","floor":11,"turns":4},{"damage":9,"enemies":"Looter","floor":12,"turns":3},{"damage":10,"enemies":"Large Slime","floor":13,"turns":5},{"damage":56,"enemies":"The Guardian","floor":16,"turns":14}],"seed_played":"-7092957898853304155","potions_obtained":[{"floor":10,"key":"Fire Potion"},{"floor":12,"key":"Weak Potion"}],"is_trial":false,"path_per_floor":["M","?","M","?","?","R","M","M","T","M","M","M","M","?","R","B"],"character_chosen":"IRONCLAD","items_purchased":[],"campfire_rested":1,"item_purchase_floors":[],"current_hp_per_floor":[67,49,52,45,45,45,44,40,40,43,41,38,34,34,56,0],"gold":139,"neow_bonus":"ONE_RARE_RELIC","is_prod":false,"is_daily":false,"chose_seed":false,"campfire_upgraded":1,"win_rate":0,"timestamp":1549122061,"path_taken":["M","?","M","?","?","R","?","M","T","M","M","M","M","?","R","BOSS"],"build_version":"2019-01-23","purchased_purges":0,"victory":false,"max_hp_per_floor":[75,75,75,75,75,75,75,75,75,75,75,75,75,75,75,75],"card_choices":[{"not_picked":["Armaments","Sword Boomerang","Evolve"],"picked":"SKIP","floor":1},{"not_picked":["Shockwave","Clash","Heavy Blade"],"picked":"SKIP","floor":3},{"not_picked":["Corruption","Intimidate"],"picked":"Dual Wield","floor":7},{"not_picked":["Intimidate","Clothesline","Thunderclap"],"picked":"SKIP","floor":8},{"not_picked":["Twin Strike","Entrench","Perfected Strike"],"picked":"SKIP","floor":10},{"not_picked":["Pommel Strike","Evolve","Fire Breathing"],"picked":"SKIP","floor":11},{"not_picked":["Thunderclap","Sword Boomerang","True Grit"],"picked":"SKIP","floor":12},{"not_picked":["Shrug It Off","Pommel Strike"],"picked":"Dropkick","floor":13}],"player_experience":309789,"relics_obtained":[{"floor":9,"key":"Pen Nib"}],"event_choices":[{"damage_healed":0,"gold_gain":0,"player_choice":"Success","damage_taken":18,"relics_obtained":["Happy Flower"],"max_hp_gain":0,"max_hp_loss":0,"event_name":"Scrap Ooze","floor":2,"gold_loss":0},{"cards_removed":["Defend_R"],"damage_healed":0,"gold_gain":0,"player_choice":"Card Removal","damage_taken":7,"max_hp_gain":0,"max_hp_loss":0,"event_name":"Golden Wing","floor":4,"gold_loss":0},{"damage_healed":0,"gold_gain":0,"player_choice":"Upgraded","damage_taken":0,"max_hp_gain":0,"max_hp_loss":0,"event_name":"Upgrade Shrine","floor":5,"gold_loss":0,"cards_upgraded":["Bash"]},{"damage_healed":0,"gold_gain":0,"player_choice":"Ignored","damage_taken":0,"max_hp_gain":0,"max_hp_loss":0,"event_name":"Liars Game","floor":14,"gold_loss":0}],"is_beta":false,"boss_relics":[],"items_purged_floors":[],"is_endless":false,"potions_floor_spawned":[10,12],"killed_by":"The Guardian","ascension_level":17}