{"path_per_floor":["M","?","$","M","M","E","?","E","T","R","?","$","M","M","R","B",null,"M","?","?","M","?","R","?","R","T","R","M","M","$","?","R","B",null,"M","?","M","?","?","E","R","$","T","?","R","M","?","M","R","B"],"character_chosen":"IRONCLAD","items_purchased":["Barricade","Shrug It Off","Impervious","Bag of Preparation","Singing Bowl","Secret Technique"],"gold_per_floor":[359,359,48,72,92,127,127,161,161,161,161,4,29,50,50,179,179,200,200,200,217,132,132,132,132,159,159,177,187,41,41,41,145,145,156,156,175,175,175,207,207,7,56,56,56,67,67,78,78,78],"floor_reached":51,"campfire_rested":1,"playtime":2262,"current_hp_per_floor":[36,36,36,36,36,20,20,19,19,19,19,19,25,26,26,32,64,66,66,66,62,62,62,62,62,67,67,74,74,74,65,65,72,74,76,66,60,52,52,59,59,59,64,64,64,73,73,54,79,47],"items_purged":[],"gold":78,"score":1146,"play_id":"ea842302-9420-4950-82c9-491280892cf2","local_time":"20180520014609","is_prod":false,"is_daily":false,"chose_seed":false,"is_ascension_mode":true,"campfire_upgraded":8,"timestamp":1526773569,"campfire_choices":[{"data":"Barricade","floor":10,"key":"SMITH"},{"data":"Body Slam","floor":15,"key":"SMITH"},{"data":"Offering","floor":23,"key":"SMITH"},{"data":"Body Slam","floor":25,"key":"SMITH"},{"data":"Seeing Red","floor":27,"key":"SMITH"},{"data":"Metallicize","floor":32,"key":"SMITH"},{"data":"Shrug It Off","floor":41,"key":"SMITH"},{"data":"Shrug It Off","floor":45,"key":"SMITH"},{"floor":49,"key":"REST"}],"path_taken":["M","?","$","M","M","E","?","E","T","R","?","?","M","M","R","BOSS","M","?","?","M","?","R","?","R","T","R","M","M","$","?","R","BOSS","M","?","M","?","?","E","R","$","T","?","R","M","?","M","R","BOSS"],"build_version":"2018-05-17","seed_source_timestamp":14323232133091,"purchased_purges":0,"victory":true,"master_deck":["Strike_R","Strike_R","Strike_R+1","Strike_R","Defend_R","Defend_R","Defend_R","Defend_R","Bash+1","Barricade+1","Shrug It Off+1","Impervious","Seeing Red+1","Rage+1","Body Slam+1","Body Slam+1","Offering+1","Shrug It Off+1","Shrug It Off","Metallicize+1","Exhume","Madness+1","Madness","Entrench+1","Thinking Ahead","Secret Technique","Doubt"],"max_hp_per_floor":[80,74,74,74,74,74,74,74,74,74,74,74,74,74,74,74,74,74,74,74,74,74,74,74,74,74,74,74,74,74,74,74,74,74,76,76,76,78,78,80,80,80,80,80,80,82,82,84,84,84],"relics":["Burning Blood","Bloody Idol","Whetstone","Bottled Lightning","Juzu Bracelet","Bag of Preparation","Velvet Choker","Mercury Hourglass","Orichalcum","Singing Bowl","Cursed Key","Toolbox","War Paint"],"card_choices":[{"not_picked":["Reckless Charge","Armaments","Clash"],"picked":"SKIP","floor":1},{"not_picked":["Perfected Strike","Clash","Thunderclap"],"picked":"SKIP","floor":4},{"not_picked":["Havoc","Pommel Strike"],"picked":"Seeing Red","floor":5},{"not_picked":["Shockwave","Brutality","Thunderclap"],"picked":"SKIP","floor":6},{"not_picked":["Flex","Double Tap"],"picked":"Rage","floor":8},{"not_picked":["Dual Wield","Havoc"],"picked":"Body Slam","floor":13},{"not_picked":["Shockwave","Combust"],"picked":"Body Slam","floor":14},{"not_picked":["Impervious","Juggernaut"],"picked":"Offering","floor":16},{"not_picked":["Bloodletting+1","Heavy Blade","Combust"],"picked":"SKIP","floor":18},{"not_picked":["Inflame+1","Havoc"],"picked":"Shrug It Off","floor":21},{"not_picked":["Power Through","Pommel Strike"],"picked":"Shrug It Off","floor":28},{"not_picked":["Clothesline","Warcry"],"picked":"Metallicize","floor":29},{"not_picked":["Dark Embrace","Demon Form"],"picked":"Exhume","floor":33},{"not_picked":["Rupture","Body Slam","Flame Barrier"],"picked":"Singing Bowl","floor":35},{"not_picked":["Sword Boomerang+1","Wild Strike+1"],"picked":"Entrench+1","floor":37},{"not_picked":["Panache","Jack Of All Trades","Dramatic Entrance"],"picked":"Singing Bowl","floor":38},{"not_picked":["Dramatic Entrance","Panacea"],"picked":"Flash of Steel","floor":38},{"not_picked":["Finesse","Panacea"],"picked":"Thinking Ahead","floor":38},{"not_picked":["Headbutt","Power Through","Iron Wave+1"],"picked":"Singing Bowl","floor":40},{"not_picked":["Intimidate","Entrench","Shrug It Off+1"],"picked":"Singing Bowl","floor":46},{"not_picked":["Armaments","Twin Strike+1","Warcry"],"picked":"Singing Bowl","floor":48}],"player_experience":123842,"potions_floor_usage":[6,6,50,50],"damage_taken":[{"damage":6,"enemies":"Jaw Worm","floor":1,"turns":6},{"damage":6,"enemies":"Cultist","floor":4,"turns":4},{"damage":6,"enemies":"2 Louse","floor":5,"turns":4},{"damage":22,"enemies":"3 Sentries","floor":6,"turns":16},{"damage":7,"enemies":"Lagavulin","floor":8,"turns":8},{"damage":0,"enemies":"Exordium Wildlife","floor":13,"turns":3},{"damage":5,"enemies":"Large Slime","floor":14,"turns":6},{"damage":0,"enemies":"The Guardian","floor":16,"turns":8},{"damage":4,"enemies":"Spheric Guardian","floor":18,"turns":3},{"damage":15,"enemies":"Shell Parasite","floor":21,"turns":4},{"damage":4,"enemies":"Cultist and Chosen","floor":28,"turns":5},{"damage":0,"enemies":"Chosen and Byrds","floor":29,"turns":3},{"damage":4,"enemies":"Automaton","floor":33,"turns":6},{"damage":4,"enemies":"Orb Walker","floor":35,"turns":4},{"damage":17,"enemies":"3 Shapes","floor":37,"turns":5},{"damage":6,"enemies":"2 Orb Walkers","floor":40,"turns":6},{"damage":4,"enemies":"Maw","floor":46,"turns":4},{"damage":32,"enemies":"4 Shapes","floor":48,"turns":5},{"damage":42,"enemies":"Time Eater","floor":50,"turns":16}],"relics_obtained":[{"floor":6,"key":"Whetstone"},{"floor":8,"key":"Bottled Lightning"},{"floor":9,"key":"Juzu Bracelet"},{"floor":26,"key":"Orichalcum"},{"floor":40,"key":"Toolbox"},{"floor":43,"key":"War Paint"}],"event_choices":[{"event_name":"Golden Idol","player_choice":"Lose Max HP","floor":2,"damage_taken":0},{"event_name":"The Lab","player_choice":"Got Potions","floor":7,"damage_taken":0},{"event_name":"Liars Game","player_choice":"disagreed","floor":11,"damage_taken":0},{"event_name":"Drug Dealer","player_choice":"Ignored","floor":19,"damage_taken":0},{"event_name":"Forgotten Altar","player_choice":"Gave Idol","floor":20,"damage_taken":0},{"event_name":"Addict","player_choice":"Obtained Relic","floor":22,"damage_taken":0},{"event_name":"Back to Basics","player_choice":"Elegance","floor":24,"damage_taken":0},{"event_name":"Cursed Tome","player_choice":"Stopped","floor":31,"damage_taken":0},{"event_name":"Winding Halls","player_choice":"Embrace Madness","floor":36,"damage_taken":0},{"event_name":"SensoryStone","player_choice":"Memory 3","floor":38,"damage_taken":0},{"event_name":"Match and Keep!","player_choice":"0 cards matched","floor":44,"damage_taken":0},{"event_name":"Mysterious Sphere","player_choice":"Ignore","floor":47,"damage_taken":0}],"boss_relics":[{"not_picked":["Calling Bell","Eternal Feather"],"picked":"Velvet Choker"},{"not_picked":["Snecko Eye","Lizard Tail"],"picked":"Cursed Key"}],"potions_floor_spawned":[1,4,6,14,28,33,37,40],"seed_played":"3418763388218903275","ascension_level":9,"potions_obtained":[{"floor":1,"key":"SpeedPotion"},{"floor":4,"key":"PowerPotion"},{"floor":6,"key":"GamblersBrew"},{"floor":7,"key":"AttackPotion"},{"floor":7,"key":"BloodPotion"},{"floor":7,"key":"Swift Potion"},{"floor":33,"key":"SpeedPotion"}],"is_trial":false}