{"gold_per_floor":[118,137,152,163,163,193,209,209,209,243,262,262,187,157,157,255,255,255,255,165,165,165,165,65,65,65,65,65,65,65],"floor_reached":30,"playtime":2920,"items_purged":["Strike_R","Strike_R"],"score":273,"play_id":"74b7f44b-328e-479d-872e-7aafa607fec6","local_time":"20190216013845","is_ascension_mode":true,"campfire_choices":[{"floor":8,"key":"REST"},{"floor":12,"key":"REST"},{"floor":15,"key":"REST"},{"floor":23,"key":"REST"},{"data":"True Grit","floor":25,"key":"SMITH"},{"floor":29,"key":"REST"}],"neow_cost":"NONE","seed_source_timestamp":143021852840965,"circlet_count":0,"master_deck":["Strike_R","Strike_R","Defend_R","Defend_R","Defend_R","Defend_R","Bash","Shockwave","Twin Strike","Shrug It Off","True Grit+1","Uppercut","True Grit","Barricade","Impervious","Shrug It Off","Ghostly Armor+1"],"relics":["Burning Blood","Ice Cream","Unceasing Top","Kunai","Shovel","Ectoplasm","MutagenicStrength","Blue Candle","Shuriken"],"potions_floor_usage":[14,16,16,28],"damage_taken":[{"damage":10,"enemies":"Cultist","floor":1,"turns":4},{"damage":1,"enemies":"2 Louse","floor":2,"turns":3},{"damage":1,"enemies":"Jaw Worm","floor":3,"turns":5},{"damage":4,"enemies":"Looter","floor":4,"turns":3},{"damage":52,"enemies":"Lagavulin","floor":6,"turns":11},{"damage":5,"enemies":"Blue Slaver","floor":7,"turns":5},{"damage":37,"enemies":"3 Sentries","floor":10,"turns":11},{"damage":20,"enemies":"Lots of Slimes","floor":11,"turns":7},{"damage":10,"enemies":"Looter","floor":14,"turns":4},{"damage":43,"enemies":"The Guardian","floor":16,"turns":17},{"damage":22,"enemies":"3 Byrds","floor":18,"turns":11},{"damage":29,"enemies":"2 Thieves","floor":20,"turns":5},{"damage":4,"enemies":"Snecko","floor":21,"turns":8},{"damage":10,"enemies":"Snake Plant","floor":27,"turns":9},{"damage":48,"enemies":"Slavers","floor":28,"turns":17},{"damage":45,"enemies":"Book of Stabbing","floor":30,"turns":11}],"seed_played":"-1302764014104835849","potions_obtained":[{"floor":2,"key":"LiquidBronze"},{"floor":7,"key":"SkillPotion"},{"floor":11,"key":"Explosive Potion"},{"floor":21,"key":"Weak Potion"},{"floor":27,"key":"Fire Potion"}],"is_trial":false,"path_per_floor":["M","M","M","M","T","E","M","R","T","E","M","R","$","M","R","B",null,"M","?","M","M","?","R","$","R","T","M","E","R","E"],"character_chosen":"IRONCLAD","items_purchased":[],"campfire_rested":5,"item_purchase_floors":[],"current_hp_per_floor":[76,80,80,80,80,34,35,59,59,28,14,38,38,34,58,21,80,64,64,41,43,43,67,67,67,67,63,21,45,0],"gold":65,"neow_bonus":"REMOVE_CARD","is_prod":false,"is_daily":false,"chose_seed":false,"campfire_upgraded":1,"win_rate":0,"timestamp":1550248725,"path_taken":["M","?","?","M","?","E","M","R","T","E","M","R","$","M","R","BOSS","M","?","M","M","?","R","$","R","T","M","E","R","E"],"build_version":"2019-01-23","purchased_purges":2,"victory":false,"max_hp_per_floor":[80,80,80,80,80,80,80,80,80,80,80,80,80,80,80,80,80,80,80,80,80,80,80,80,80,80,80,80,80,80],"card_choices":[{"not_picked":["Warcry","Perfected Strike","Sword Boomerang"],"picked":"SKIP","floor":1},{"not_picked":["Shrug It Off","Intimidate"],"picked":"Shockwave","floor":2},{"not_picked":["Clothesline","Clash"],"picked":"Twin Strike","floor":3},{"not_picked":["Rupture","Warcry"],"picked":"Shrug It Off","floor":4},{"not_picked":["Combust","Burning Pact"],"picked":"True Grit","floor":6},{"not_picked":["Havoc","Shrug It Off"],"picked":"Uppercut","floor":7},{"not_picked":["Power Through","Metallicize"],"picked":"True Grit","floor":10},{"not_picked":["Clash","Body Slam"],"picked":"Barricade","floor":11},{"not_picked":["Dual Wield","Wild Strike","Thunderclap"],"picked":"SKIP","floor":14},{"not_picked":["Immolate","Feed"],"picked":"Impervious","floor":16},{"not_picked":["True Grit","Dropkick","Corruption"],"picked":"SKIP","floor":18},{"not_picked":["Warcry+1","Inflame"],"picked":"Shrug It Off","floor":20},{"not_picked":["Shockwave","Fire Breathing"],"picked":"Ghostly Armor+1","floor":21},{"not_picked":["Wild Strike","Dual Wield","Pommel Strike+1"],"picked":"SKIP","floor":27},{"not_picked":["Sever Soul","Metallicize","Wild Strike"],"picked":"SKIP","floor":28}],"player_experience":49724,"relics_obtained":[{"floor":5,"key":"Ice Cream"},{"floor":6,"key":"Unceasing Top"},{"floor":9,"key":"Kunai"},{"floor":10,"key":"Shovel"},{"floor":26,"key":"Blue Candle"},{"floor":28,"key":"Shuriken"}],"event_choices":[{"damage_healed":0,"gold_gain":0,"player_choice":"Ignored","damage_taken":0,"max_hp_gain":0,"max_hp_loss":0,"event_name":"Vampires","floor":19,"gold_loss":0},{"damage_healed":0,"gold_gain":0,"player_choice":"Inject Mutagens","damage_taken":0,"relics_obtained":["MutagenicStrength"],"max_hp_gain":0,"max_hp_loss":0,"event_name":"Drug Dealer","floor":22,"gold_loss":0}],"is_beta":false,"boss_relics":[{"not_picked":["Black Star","Coffee Dripper"],"picked":"Ectoplasm"}],"items_purged_floors":[13,24],"is_endless":false,"potions_floor_spawned":[2,7,11,21,27],"killed_by":"Book of Stabbing","ascension_level":1}