{"gold_per_floor":[114,66,66,66,66,66,81,81,81,96,126,126,141,156,156,256,256,271,286,21,36,51,81,81,96,96,111,126,141,141,141,141,141],"floor_reached":33,"playtime":2275,"items_purged":[],"score":316,"play_id":"f12b6cc3-8878-417c-b53f-831d5cbd78e9","local_time":"20190103184736","daily_mods":["Specialized","Diverse","DeadlyEvents"],"is_ascension_mode":false,"campfire_choices":[{"data":"Shrug It Off","floor":6,"key":"SMITH"},{"floor":8,"key":"REST"},{"data":"True Grit","floor":12,"key":"SMITH"},{"data":"Redo","floor":15,"key":"SMITH"},{"floor":24,"key":"REST"},{"floor":32,"key":"REST"}],"neow_cost":"","seed_source_timestamp":0,"circlet_count":0,"master_deck":["Strike_B","Strike_B","Strike_B","Strike_B","Defend_B","Defend_B+1","Defend_B","Zap+1","Dualcast","Shrug It Off+1","Shrug It Off","Shrug It Off","Shrug It Off","Shrug It Off","Go for the Eyes","PiercingWail","All Out Attack","Cleave","Backstab","True Grit+1","White Noise","Redo+1","All For One","Rampage","Dagger Throw+1","Stack","Steam","Iron Wave","Hologram","Hologram+1","Leap","Poisoned Stab+1","Chaos"],"special_seed":17899,"relics":["FrozenCore","Sundial","The Courier","Bottled Flame","Symbiotic Virus","Oddly Smooth Stone","Frozen Egg 2"],"potions_floor_usage":[23,29,30,33],"damage_taken":[{"damage":0,"enemies":"Jaw Worm","floor":1,"turns":4},{"damage":0,"enemies":"2 Louse","floor":7,"turns":2},{"damage":0,"enemies":"Small Slimes","floor":10,"turns":3},{"damage":20,"enemies":"Gremlin Nob","floor":11,"turns":4},{"damage":0,"enemies":"Blue Slaver","floor":13,"turns":3},{"damage":0,"enemies":"Red Slaver","floor":14,"turns":2},{"damage":13,"enemies":"Slime Boss","floor":16,"turns":9},{"damage":0,"enemies":"Chosen","floor":18,"turns":6},{"damage":20,"enemies":"2 Thieves","floor":19,"turns":4},{"damage":11,"enemies":"Chosen and Byrds","floor":21,"turns":7},{"damage":5,"enemies":"Snake Plant","floor":22,"turns":4},{"damage":23,"enemies":"Slavers","floor":23,"turns":9},{"damage":5,"enemies":"Cultist and Chosen","floor":25,"turns":6},{"damage":15,"enemies":"Snecko","floor":27,"turns":8},{"damage":6,"enemies":"Centurion and Healer","floor":28,"turns":12},{"damage":0,"enemies":"Snake Plant","floor":29,"turns":4},{"damage":0,"enemies":"Gremlin Leader","floor":30,"turns":1},{"damage":0,"enemies":"Colosseum Slavers","floor":31,"turns":4},{"damage":47,"enemies":"Collector","floor":33,"turns":7}],"seed_played":"6069031500032485637","potions_obtained":[{"floor":1,"key":"FocusPotion"},{"floor":11,"key":"Block Potion"},{"floor":13,"key":"Block Potion"},{"floor":23,"key":"SmokeBomb"},{"floor":29,"key":"Poison Potion"}],"is_trial":false,"path_per_floor":["M","$","?","?","?","R","M","R","T","M","E","R","M","M","R","B",null,"M","M","$","M","M","E","R","M","T","M","M","M","E","?","R","B"],"character_chosen":"DEFECT","items_purchased":["PiercingWail","Symbiotic Virus","Stack","Steam"],"campfire_rested":3,"item_purchase_floors":[2,20,20,20],"current_hp_per_floor":[75,75,68,53,53,53,53,75,75,75,55,55,55,55,55,42,75,75,55,55,44,39,16,38,33,33,18,12,12,12,12,34,0],"gold":141,"neow_bonus":"","is_prod":false,"is_daily":true,"chose_seed":false,"campfire_upgraded":3,"win_rate":0,"timestamp":1546534056,"path_taken":["M","$","?","?","?","R","M","R","T","M","?","R","M","M","R","BOSS","M","M","$","M","M","E","R","M","T","M","M","M","E","?","R","BOSS"],"build_version":"2018-12-20","purchased_purges":0,"victory":false,"max_hp_per_floor":[75,75,75,75,75,75,75,75,75,75,75,75,75,75,75,75,75,75,75,75,75,75,75,75,75,75,75,75,75,75,75,75,75],"card_choices":[{"not_picked":["Cloak And Dagger","Steam"],"picked":"Go for the Eyes","floor":1},{"not_picked":["Acrobatics","Compile Driver"],"picked":"Cleave","floor":7},{"not_picked":["Dagger Spray","Quick Slash"],"picked":"Backstab","floor":10},{"not_picked":["Darkness","Twin Strike"],"picked":"True Grit","floor":11},{"not_picked":["Leap","Calculated Gamble"],"picked":"White Noise","floor":13},{"not_picked":["Blade Dance","Pommel Strike"],"picked":"Redo","floor":14},{"not_picked":["Brutality","Bullet Time"],"picked":"All For One","floor":16},{"not_picked":["Twin Strike","Reckless Charge"],"picked":"Rampage","floor":18},{"not_picked":["Blade Dance","Body Slam"],"picked":"Dagger Throw+1","floor":19},{"not_picked":["Reboot","Heatsinks"],"picked":"Iron Wave","floor":21},{"not_picked":["Anger","Slice+1"],"picked":"Hologram","floor":22},{"not_picked":["Pommel Strike","Crippling Poison"],"picked":"Hologram+1","floor":23},{"not_picked":["Quick Slash","Buffer"],"picked":"Leap","floor":25},{"not_picked":["Slice","Whirlwind"],"picked":"Poisoned Stab+1","floor":27},{"not_picked":["Uppercut","Rebound","Endless Agony"],"picked":"SKIP","floor":28},{"not_picked":["Sweeping Beam","Blizzard+1"],"picked":"Chaos","floor":29}],"player_experience":52448,"relics_obtained":[{"floor":9,"key":"The Courier"},{"floor":11,"key":"Bottled Flame"},{"floor":23,"key":"Oddly Smooth Stone"},{"floor":26,"key":"Frozen Egg 2"}],"event_choices":[{"damage_healed":0,"gold_gain":0,"player_choice":"Success","damage_taken":7,"relics_obtained":["Sundial"],"max_hp_gain":0,"max_hp_loss":0,"event_name":"Scrap Ooze","floor":3,"gold_loss":0},{"damage_healed":0,"gold_gain":0,"player_choice":"Entered Light","damage_taken":15,"max_hp_gain":0,"max_hp_loss":0,"event_name":"Shining Light","floor":4,"gold_loss":0,"cards_upgraded":["Zap","Defend_B"]},{"damage_healed":0,"gold_gain":0,"cards_transformed":["Defend_B"],"player_choice":"Change","damage_taken":0,"max_hp_gain":0,"max_hp_loss":0,"event_name":"Living Wall","floor":5,"gold_loss":0,"cards_obtained":["All Out Attack"]},{"damage_healed":0,"gold_gain":0,"player_choice":"Fight","damage_taken":0,"max_hp_gain":0,"max_hp_loss":0,"event_name":"Colosseum","floor":31,"gold_loss":0},{"damage_healed":0,"gold_gain":0,"player_choice":"Fled From Nobs","damage_taken":0,"max_hp_gain":0,"max_hp_loss":0,"event_name":"Colosseum","floor":31,"gold_loss":0}],"is_beta":false,"boss_relics":[{"not_picked":["Tiny House","Philosopher\u0027s Stone"],"picked":"FrozenCore"}],"items_purged_floors":[],"is_endless":false,"potions_floor_spawned":[1,11,13,14,21,23,25,28,29],"killed_by":"Collector","ascension_level":0}