{"gold_per_floor":[116,132,145,145,158,158,191,191,244,244,277,277,312,328,328,421,421,445,49,49,64,64,102,102,2,2,42,42],"floor_reached":28,"playtime":944,"items_purged":["Strike_R","Strike_R"],"score":493,"play_id":"2b4fa337-fc29-42c7-8283-123635e71dfd","local_time":"20190131122234","is_ascension_mode":true,"campfire_choices":[{"floor":6,"key":"REST"},{"floor":8,"key":"REST"},{"data":"Bash","floor":10,"key":"SMITH"},{"data":"Perfected Strike","floor":15,"key":"SMITH"},{"data":"Perfected Strike","floor":24,"key":"SMITH"}],"neow_cost":"NONE","seed_source_timestamp":239675956006800,"circlet_count":0,"master_deck":["AscendersBane","Strike_R","Defend_R","Defend_R","Defend_R","Bash+1","Perfected Strike+1","Juggernaut+1","Combust+1","Juggernaut+1","Disarm+1","Metallicize+1","Perfected Strike","Perfected Strike+1","Clothesline","Carnage+1"],"relics":["Snecko Eye","Golden Idol","Mercury Hourglass","Orichalcum","Potion Belt","Frozen Egg 2","Astrolabe","Question Card","MutagenicStrength","Letter Opener","Matryoshka","Dodecahedron"],"potions_floor_usage":[11,16,16,23,27,28],"damage_taken":[{"damage":1,"enemies":"Cultist","floor":1,"turns":3},{"damage":5,"enemies":"2 Louse","floor":2,"turns":2},{"damage":0,"enemies":"Small Slimes","floor":3,"turns":3},{"damage":6,"enemies":"Exordium Wildlife","floor":5,"turns":5},{"damage":25,"enemies":"Lagavulin","floor":7,"turns":6},{"damage":5,"enemies":"3 Sentries","floor":11,"turns":5},{"damage":20,"enemies":"Gremlin Nob","floor":13,"turns":4},{"damage":0,"enemies":"3 Louse","floor":14,"turns":2},{"damage":21,"enemies":"Hexaghost","floor":16,"turns":6},{"damage":22,"enemies":"2 Thieves","floor":18,"turns":3},{"damage":3,"enemies":"3 Byrds","floor":21,"turns":3},{"damage":13,"enemies":"Book of Stabbing","floor":23,"turns":5},{"damage":19,"enemies":"Gremlin Leader","floor":27,"turns":4},{"damage":10,"enemies":"Colosseum Slavers","floor":28,"turns":1}],"seed_played":"4864835484638682248","potions_obtained":[{"floor":3,"key":"GamblersBrew"},{"floor":5,"key":"Swift Potion"},{"floor":13,"key":"Regen Potion"},{"floor":14,"key":"BloodPotion"},{"floor":16,"key":"Poison Potion"},{"floor":23,"key":"LiquidBronze"},{"floor":27,"key":"Block Potion"}],"is_trial":false,"path_per_floor":["M","M","M","?","M","R","E","R","T","R","E","?","E","M","R","B",null,"M","$","?","M","?","E","R","$","T","E","?"],"character_chosen":"IRONCLAD","items_purchased":["Question Card","Perfected Strike"],"campfire_rested":2,"item_purchase_floors":[19,19],"current_hp_per_floor":[67,62,62,36,30,52,27,49,49,49,44,44,24,24,24,25,63,41,41,41,38,38,25,25,25,25,6,0],"gold":42,"neow_bonus":"BOSS_RELIC","is_prod":false,"is_daily":false,"chose_seed":false,"campfire_upgraded":3,"win_rate":0,"timestamp":1548933754,"path_taken":["M","M","?","?","M","R","E","R","T","R","E","?","E","?","R","BOSS","M","$","?","M","?","E","R","?","T","E","?"],"build_version":"2019-01-23","purchased_purges":2,"victory":false,"max_hp_per_floor":[75,75,75,75,75,75,75,75,75,75,75,75,75,75,75,75,75,75,75,75,75,75,75,75,75,75,75,75],"card_choices":[{"not_picked":["Shrug It Off","Burning Pact","Armaments"],"picked":"SKIP","floor":1},{"not_picked":["Clash","Heavy Blade","Dual Wield"],"picked":"SKIP","floor":2},{"not_picked":["Disarm","Anger","Wild Strike"],"picked":"SKIP","floor":3},{"not_picked":["Havoc","Pommel Strike","Flex"],"picked":"SKIP","floor":5},{"not_picked":["Heavy Blade","Wild Strike","Iron Wave"],"picked":"SKIP","floor":7},{"not_picked":["Bloodletting","Berserk","Iron Wave"],"picked":"SKIP","floor":11},{"not_picked":["Clash","Burning Pact","Brutality"],"picked":"SKIP","floor":13},{"not_picked":["Armaments","Rampage"],"picked":"Perfected Strike","floor":14},{"not_picked":["Offering","Dark Embrace+1"],"picked":"Juggernaut+1","floor":16},{"not_picked":["Sword Boomerang","Heavy Blade"],"picked":"Metallicize+1","floor":18},{"not_picked":["Power Through","Cleave","Metallicize+1"],"picked":"Perfected Strike","floor":21},{"not_picked":["Twin Strike","Flex","Pummel","Havoc"],"picked":"SKIP","floor":23},{"not_picked":["Shrug It Off","Sword Boomerang","Evolve+1"],"picked":"Carnage+1","floor":27}],"player_experience":289806,"relics_obtained":[{"floor":7,"key":"Mercury Hourglass"},{"floor":9,"key":"Orichalcum"},{"floor":11,"key":"Potion Belt"},{"floor":13,"key":"Frozen Egg 2"},{"floor":23,"key":"Letter Opener"},{"floor":26,"key":"Matryoshka"},{"floor":27,"key":"Dodecahedron"}],"event_choices":[{"damage_healed":0,"gold_gain":0,"player_choice":"Take Damage","damage_taken":26,"relics_obtained":["Golden Idol"],"max_hp_gain":0,"max_hp_loss":0,"event_name":"Golden Idol","floor":4,"gold_loss":0},{"damage_healed":0,"gold_gain":0,"player_choice":"0 cards matched","damage_taken":0,"max_hp_gain":0,"max_hp_loss":0,"event_name":"Match and Keep!","floor":12,"gold_loss":0,"cards_obtained":[]},{"damage_healed":0,"gold_gain":0,"player_choice":"Inject Mutagens","damage_taken":0,"relics_obtained":["MutagenicStrength"],"max_hp_gain":0,"max_hp_loss":0,"event_name":"Drug Dealer","floor":20,"gold_loss":0},{"damage_healed":0,"gold_gain":0,"player_choice":"Read","damage_taken":0,"max_hp_gain":0,"max_hp_loss":0,"event_name":"The Library","floor":22,"gold_loss":0,"cards_obtained":["Clothesline"]},{"damage_healed":0,"gold_gain":0,"player_choice":"Fight","damage_taken":0,"max_hp_gain":0,"max_hp_loss":0,"event_name":"Colosseum","floor":28,"gold_loss":0}],"is_beta":false,"boss_relics":[{"not_picked":["Calling Bell","Runic Dome"],"picked":"Astrolabe"}],"items_purged_floors":[19,25],"is_endless":false,"potions_floor_spawned":[3,5,13,14,16,23,27],"killed_by":"Colosseum Slavers","ascension_level":16}