{"gold_per_floor":[116,136,147,147,162,162,180,180,180,190,190,203,237,256,256,351,351,336,261,277,277,292,292,312,312,312,326,326,326,326,11,11,11],"floor_reached":33,"playtime":1512,"items_purged":[],"score":251,"play_id":"9ca780a4-5d23-4af3-abad-e926b1e5d34b","local_time":"20180624214341","is_ascension_mode":false,"campfire_choices":[{"data":"Loop","floor":6,"key":"SMITH"},{"data":"Ball Lightning","floor":11,"key":"SMITH"},{"floor":15,"key":"REST"},{"floor":23,"key":"REST"},{"floor":28,"key":"REST"},{"data":"Streamline","floor":30,"key":"SMITH"},{"data":"Zap","floor":32,"key":"SMITH"}],"neow_cost":"FIFTY_PERCENT_DAMAGE","seed_source_timestamp":876921549995955,"circlet_count":0,"master_deck":["Strike_B+1","Strike_B+1","Strike_B+1","Strike_B+1","Defend_B+1","Defend_B+1","Defend_B+1","Defend_B+1","Zap+1","Dualcast","Loop+1","Ball Lightning+1","Leap","Ball Lightning+1","Leap","Barrage","Barrage","Redo","Seek","Rebound","Streamline+1","Cold Snap","Cold Snap","Coolheaded"],"relics":["Cracked Core","Thread and Needle","Frozen Egg 2","Potion Belt","Nuclear Battery","Shuriken","Incense Burner"],"potions_floor_usage":[16,16,16,16,33,33,33],"damage_taken":[{"damage":0,"enemies":"Jaw Worm","floor":1,"turns":4},{"damage":0,"enemies":"Small Slimes","floor":2,"turns":4},{"damage":1,"enemies":"2 Louse","floor":3,"turns":2},{"damage":0,"enemies":"Exordium Wildlife","floor":5,"turns":4},{"damage":0,"enemies":"Blue Slaver","floor":7,"turns":3},{"damage":2,"enemies":"2 Fungi Beasts","floor":10,"turns":3},{"damage":0,"enemies":"Red Slaver","floor":12,"turns":4},{"damage":33,"enemies":"Gremlin Nob","floor":13,"turns":5},{"damage":0,"enemies":"3 Louse","floor":14,"turns":3},{"damage":4,"enemies":"Hexaghost","floor":16,"turns":7},{"damage":10,"enemies":"2 Thieves","floor":18,"turns":4},{"damage":6,"enemies":"Spheric Guardian","floor":20,"turns":4},{"damage":47,"enemies":"Slaver and Parasite","floor":22,"turns":7},{"damage":4,"enemies":"Centurion and Healer","floor":24,"turns":8},{"damage":9,"enemies":"Chosen and Byrds","floor":27,"turns":6},{"damage":57,"enemies":"Automaton","floor":33,"turns":12}],"seed_played":"404261708353475618","potions_obtained":[{"floor":1,"key":"PowerPotion"},{"floor":5,"key":"GamblersBrew"},{"floor":7,"key":"EssenceOfSteel"},{"floor":12,"key":"Regen Potion"},{"floor":14,"key":"FocusPotion"},{"floor":16,"key":"Block Potion"},{"floor":22,"key":"SkillPotion"},{"floor":27,"key":"Block Potion"}],"is_trial":false,"path_per_floor":["M","M","M","?","M","R","M","?","T","M","R","M","E","M","R","B",null,"M","?","M","?","M","R","M","?","T","M","R","?","R","$","R"],"character_chosen":"DEFECT","items_purchased":["Incense Burner"],"campfire_rested":3,"item_purchase_floors":[31],"current_hp_per_floor":[38,38,37,37,37,37,37,37,37,35,35,35,2,2,24,35,75,65,65,59,59,12,34,30,30,30,21,43,43,43,43,43,0],"gold":11,"neow_bonus":"ONE_RARE_RELIC","is_prod":false,"is_daily":false,"chose_seed":false,"campfire_upgraded":4,"win_rate":0.0,"timestamp":1529844221,"path_taken":["M","M","M","?","M","R","M","?","T","M","R","M","E","?","R","BOSS","M","?","M","?","M","R","M","?","T","M","R","?","R","$","R","BOSS"],"build_version":"2018-06-21v2","purchased_purges":0,"victory":false,"max_hp_per_floor":[75,75,75,75,75,75,75,75,75,75,75,75,75,75,75,75,75,75,75,75,75,75,75,75,75,75,75,75,75,75,75,75,75],"card_choices":[{"not_picked":["Hologram","Leap"],"picked":"Loop","floor":1},{"not_picked":["Reinforced Body","Go for the Eyes"],"picked":"Ball Lightning","floor":2},{"not_picked":["Glacier","Force Field"],"picked":"Leap","floor":3},{"not_picked":["White Noise","Chaos"],"picked":"Ball Lightning","floor":5},{"not_picked":["Gash","Turbo"],"picked":"Leap","floor":7},{"not_picked":["Blizzard","Skim"],"picked":"Beam Cell","floor":10},{"not_picked":["Go for the Eyes","Static Discharge+1"],"picked":"Barrage","floor":12},{"not_picked":["Genetic Algorithm","Hologram"],"picked":"Barrage","floor":13},{"not_picked":["Loop+1","Defragment+1"],"picked":"Redo","floor":14},{"not_picked":["Multi-Cast","Amplify"],"picked":"Seek","floor":16},{"not_picked":["Hologram","Loop+1"],"picked":"Rebound","floor":18},{"not_picked":["Stack","Defragment+1"],"picked":"Streamline","floor":20},{"not_picked":["Fusion","Loop+1"],"picked":"Cold Snap","floor":22},{"not_picked":["Coolheaded","Go for the Eyes"],"picked":"Cold Snap","floor":24},{"not_picked":["Steam+1","Meteor Strike"],"picked":"Coolheaded","floor":27}],"player_experience":23951,"relics_obtained":[{"floor":9,"key":"Frozen Egg 2"},{"floor":13,"key":"Potion Belt"},{"floor":26,"key":"Shuriken"}],"event_choices":[{"event_name":"The Cleric","player_choice":"Leave","floor":4,"damage_taken":0},{"event_name":"Golden Wing","player_choice":"Ignored","floor":8,"damage_taken":0},{"event_name":"Beggar","player_choice":"Gave Gold","floor":19,"damage_taken":0},{"event_name":"Ghosts","player_choice":"Ignored","floor":21,"damage_taken":0},{"event_name":"Back to Basics","player_choice":"Simplicity","floor":25,"damage_taken":0},{"event_name":"Upgrade Shrine","player_choice":"Upgraded","floor":29,"damage_taken":0}],"boss_relics":[{"not_picked":["Cursed Key","Black Star"],"picked":"Nuclear Battery"}],"items_purged_floors":[],"is_endless":false,"potions_floor_spawned":[1,5,7,12,14,16,22,27],"killed_by":"Automaton","ascension_level":0}