{"gold_per_floor":[117,117,130,28,47,87,87,87,87,110,110,134,134,168,168,292,292,282,303,51,51,64,64,102,125,125,125,125,125,125,160,160,160],"floor_reached":33,"playtime":1852,"items_purged":["Strike_G","Strike_G"],"score":469,"play_id":"e8d33499-c8a1-458e-99a2-db5b965d942a","local_time":"20190217051138","is_ascension_mode":true,"campfire_choices":[{"data":"Bouncing Flask","floor":7,"key":"SMITH"},{"data":"Neutralize","floor":13,"key":"SMITH"},{"data":"Caltrops","floor":15,"key":"SMITH"},{"floor":23,"key":"REST"},{"data":"Cloak And Dagger","floor":28,"key":"SMITH"},{"data":"Blade Dance","floor":32,"key":"SMITH"}],"neow_cost":"NONE","seed_source_timestamp":0,"circlet_count":0,"master_deck":["AscendersBane","Defend_G","Defend_G","Defend_G","Defend_G","Defend_G","Strike_G","Strike_G","Strike_G","Survivor","Neutralize+1","Dodge and Roll","Bouncing Flask+1","Dodge and Roll","Caltrops+1","Well Laid Plans","Bullet Time","Writhe","Cloak And Dagger+1","Cloak And Dagger","RitualDagger","Blade Dance+1"],"special_seed":0,"relics":["Ring of the Snake","Golden Idol","Kunai","Shuriken","Bronze Scales","Art of War","Lizard Tail","Lantern","Bag of Preparation","Ginger","The Courier","Ornamental Fan"],"potions_floor_usage":[6,14,16,24,25],"damage_taken":[{"damage":0,"enemies":"Small Slimes","floor":1,"turns":5},{"damage":6,"enemies":"Jaw Worm","floor":3,"turns":7},{"damage":0,"enemies":"2 Louse","floor":5,"turns":4},{"damage":22,"enemies":"Lagavulin","floor":6,"turns":6},{"damage":0,"enemies":"Red Slaver","floor":10,"turns":4},{"damage":1,"enemies":"Exordium Thugs","floor":12,"turns":5},{"damage":14,"enemies":"Gremlin Nob","floor":14,"turns":4},{"damage":5,"enemies":"The Guardian","floor":16,"turns":8},{"damage":18,"enemies":"2 Thieves","floor":18,"turns":4},{"damage":20,"enemies":"Chosen","floor":19,"turns":6},{"damage":14,"enemies":"Snake Plant","floor":22,"turns":4},{"damage":16,"enemies":"Book of Stabbing","floor":24,"turns":5},{"damage":0,"enemies":"Cultist and Chosen","floor":25,"turns":8},{"damage":11,"enemies":"Colosseum Slavers","floor":30,"turns":5},{"damage":38,"enemies":"Gremlin Leader","floor":31,"turns":7},{"damage":33,"enemies":"Champ","floor":33,"turns":14}],"seed_played":"6953760347686925484","potions_obtained":[{"floor":3,"key":"AttackPotion"},{"floor":6,"key":"SteroidPotion"},{"floor":10,"key":"Explosive Potion"},{"floor":12,"key":"Fire Potion"},{"floor":18,"key":"Dexterity Potion"},{"floor":22,"key":"PowerPotion"}],"is_trial":false,"path_per_floor":["M","?","M","$","M","E","R","?","T","M","?","M","R","E","R","B",null,"M","M","$","?","M","R","E","M","T","?","R","?","?","E","R","B"],"character_chosen":"THE_SILENT","items_purchased":["Dodge and Roll","Lantern"],"campfire_rested":1,"item_purchase_floors":[4,20],"current_hp_per_floor":[70,70,64,64,64,42,42,39,39,39,39,38,38,24,24,19,58,40,20,20,20,6,27,11,11,11,34,34,28,17,14,14,0],"gold":160,"neow_bonus":"TEN_PERCENT_HP_BONUS","is_prod":false,"is_daily":false,"chose_seed":false,"campfire_upgraded":5,"win_rate":0,"timestamp":1550376698,"path_taken":["M","?","M","$","M","E","R","?","T","M","?","M","R","E","R","BOSS","M","M","$","?","M","R","E","M","T","?","R","?","?","E","R","BOSS"],"build_version":"2019-01-23","purchased_purges":2,"victory":false,"max_hp_per_floor":[77,71,71,71,71,71,71,71,71,71,71,71,71,71,71,71,71,71,71,71,71,71,71,71,71,71,71,71,71,71,71,71,71],"card_choices":[{"not_picked":["Blur","Choke"],"picked":"Dodge and Roll","floor":1},{"not_picked":["Cloak And Dagger","Poisoned Stab"],"picked":"Bouncing Flask","floor":3},{"not_picked":["Deadly Poison","Expertise"],"picked":"Caltrops","floor":5},{"not_picked":["Underhanded Strike","Quick Slash"],"picked":"Well Laid Plans","floor":6},{"not_picked":["Outmaneuver","Predator","Bane"],"picked":"SKIP","floor":10},{"not_picked":["Crippling Poison","Prepared","Dagger Spray"],"picked":"SKIP","floor":12},{"not_picked":["Tactician","Outmaneuver","Reflex"],"picked":"SKIP","floor":14},{"not_picked":["Phantasmal Killer","Corpse Explosion"],"picked":"Bullet Time","floor":16},{"not_picked":["Slice","Prepared","Poisoned Stab"],"picked":"SKIP","floor":18},{"not_picked":["Setup","Bouncing Flask+1","Sucker Punch"],"picked":"SKIP","floor":19},{"not_picked":["Deadly Poison","Outmaneuver"],"picked":"Cloak And Dagger","floor":22},{"not_picked":["Skewer","Tactician"],"picked":"Cloak And Dagger","floor":24},{"not_picked":["Poisoned Stab","Corpse Explosion","Blur"],"picked":"SKIP","floor":25},{"not_picked":["Quick Slash","Slice"],"picked":"Blade Dance","floor":31}],"player_experience":457298,"relics_obtained":[{"floor":6,"key":"Kunai"},{"floor":9,"key":"Bronze Scales"},{"floor":14,"key":"Art of War"},{"floor":24,"key":"Ginger"},{"floor":26,"key":"The Courier"},{"floor":31,"key":"Ornamental Fan"}],"event_choices":[{"damage_healed":0,"gold_gain":0,"player_choice":"Lose Max HP","damage_taken":0,"relics_obtained":["Golden Idol"],"max_hp_gain":0,"max_hp_loss":6,"event_name":"Golden Idol","floor":2,"gold_loss":0},{"damage_healed":0,"gold_gain":0,"player_choice":"Success","damage_taken":3,"relics_obtained":["Shuriken"],"max_hp_gain":0,"max_hp_loss":0,"event_name":"Scrap Ooze","floor":8,"gold_loss":0},{"damage_healed":0,"gold_gain":0,"player_choice":"Ignored","damage_taken":0,"max_hp_gain":0,"max_hp_loss":0,"event_name":"Liars Game","floor":11,"gold_loss":0},{"damage_healed":0,"gold_gain":0,"player_choice":"Opened","damage_taken":0,"relics_obtained":["Bag of Preparation"],"max_hp_gain":0,"max_hp_loss":0,"event_name":"The Mausoleum","floor":21,"gold_loss":0,"cards_obtained":["Writhe"]},{"damage_healed":23,"gold_gain":0,"player_choice":"Heal","damage_taken":0,"max_hp_gain":0,"max_hp_loss":0,"event_name":"The Library","floor":27,"gold_loss":0},{"damage_healed":0,"gold_gain":0,"player_choice":"Joined the Cult","damage_taken":6,"max_hp_gain":0,"max_hp_loss":0,"event_name":"Nest","floor":29,"gold_loss":0,"cards_obtained":["RitualDagger"]},{"damage_healed":0,"gold_gain":0,"player_choice":"Fight","damage_taken":0,"max_hp_gain":0,"max_hp_loss":0,"event_name":"Colosseum","floor":30,"gold_loss":0},{"damage_healed":0,"gold_gain":0,"player_choice":"Fled From Nobs","damage_taken":0,"max_hp_gain":0,"max_hp_loss":0,"event_name":"Colosseum","floor":30,"gold_loss":0}],"is_beta":false,"boss_relics":[{"not_picked":["Busted Crown","Calling Bell"],"picked":"Lizard Tail"}],"items_purged_floors":[4,20],"is_endless":false,"potions_floor_spawned":[3,6,10,12,18,22],"killed_by":"Champ","ascension_level":12}