{"gold_per_floor":[118,43,53,71,82,82,82,82,382,399,415,429,455,490,490,589,589,574,592,592,507,297,297,308,183,183,213,213,213,213,213],"floor_reached":31,"playtime":2008,"items_purged":["Strike_R","Strike_R","Strike_R"],"score":255,"play_id":"39367b31-ec9e-4329-8d09-d563cdbd94a1","local_time":"20190220003544","is_ascension_mode":false,"campfire_choices":[{"floor":6.0,"key":"RECALL"},{"data":"Shrug It Off","floor":8.0,"key":"SMITH"},{"floor":15.0,"key":"REST"},{"data":"Juggernaut","floor":23.0,"key":"SMITH"},{"floor":28.0,"key":"REST"}],"neow_cost":"NONE","seed_source_timestamp":0,"circlet_count":0,"master_deck":["Strike_R","Strike_R","Defend_R","Defend_R","Defend_R","Defend_R","Bash","Headbutt","Disarm","Shrug It Off+1","Shrug It Off","Shrug It Off","Juggernaut+1","Battle Trance"],"special_seed":0,"relics":["Burning Blood","Old Coin","Odd Mushroom","Ginger","Sozu","MawBank","Tiny Chest","Bird Faced Urn"],"potions_floor_usage":[],"damage_taken":[{"damage":0.0,"enemies":"2 Louse","floor":1.0,"turns":3.0},{"damage":7.0,"enemies":"Small Slimes","floor":3.0,"turns":5.0},{"damage":4.0,"enemies":"Cultist","floor":4.0,"turns":4.0},{"damage":13.0,"enemies":"Looter","floor":5.0,"turns":3.0},{"damage":4.0,"enemies":"Red Slaver","floor":10.0,"turns":6.0},{"damage":4.0,"enemies":"Large Slime","floor":11.0,"turns":8.0},{"damage":4.0,"enemies":"2 Fungi Beasts","floor":12.0,"turns":5.0},{"damage":40.0,"enemies":"The Mushroom Lair","floor":13.0,"turns":9.0},{"damage":41.0,"enemies":"Lagavulin","floor":14.0,"turns":8.0},{"damage":39.0,"enemies":"Hexaghost","floor":16.0,"turns":16.0},{"damage":7.0,"enemies":"2 Thieves","floor":18.0,"turns":4.0},{"damage":11.0,"enemies":"Spheric Guardian","floor":19.0,"turns":6.0},{"damage":12.0,"enemies":"Snecko","floor":24.0,"turns":7.0},{"damage":72.0,"enemies":"Gremlin Leader","floor":27.0,"turns":12.0},{"damage":0,"enemies":"3 Cultists","floor":31,"turns":1}],"seed_played":"-373659486038275821","potions_obtained":[{"floor":3.0,"key":"LiquidBronze"},{"floor":11.0,"key":"Weak Potion"},{"floor":13.0,"key":"SteroidPotion"},{"floor":14.0,"key":"AttackPotion"}],"is_trial":false,"path_per_floor":["M","$","M","M","M","R","$","R","T","M","M","M","?","E","R","B",null,"M","M","?","?","$","R","M","$","T","E","R","?","?","M"],"character_chosen":"IRONCLAD","items_purchased":["Tiny Chest"],"campfire_rested":2,"item_purchase_floors":[22],"current_hp_per_floor":[88,88,87,88,81,81,81,81,81,83,85,87,53,18,44,11,88,87,82,82,82,82,82,76,76,76,10,36,19,19,19],"gold":213,"neow_bonus":"TEN_PERCENT_HP_BONUS","is_prod":false,"is_daily":false,"chose_seed":false,"campfire_upgraded":2,"win_rate":0,"timestamp":1550590544,"path_taken":["M","$","M","M","M","R","$","R","T","M","M","M","?","E","R","BOSS","M","M","?","?","$","R","M","$","T","E","R","?","?","M"],"build_version":"2019-01-23","purchased_purges":3,"victory":false,"max_hp_per_floor":[88,88,88,88,88,88,88,88,88,88,88,88,88,88,88,88,88,88,88,88,88,88,88,88,88,88,88,88,93,93,93],"card_choices":[{"not_picked":["Havoc","Warcry"],"picked":"Headbutt","floor":1.0},{"not_picked":["Clash","Warcry"],"picked":"Disarm","floor":3.0},{"not_picked":["Hemokinesis","Offering"],"picked":"Shrug It Off","floor":4.0},{"not_picked":["Rampage","Perfected Strike","Sword Boomerang"],"picked":"SKIP","floor":5.0},{"not_picked":["Clothesline","Hemokinesis","Heavy Blade"],"picked":"SKIP","floor":10.0},{"not_picked":["Shockwave","Pommel Strike","Hemokinesis"],"picked":"SKIP","floor":11.0},{"not_picked":["Infernal Blade","Berserk","Burning Pact"],"picked":"SKIP","floor":12.0},{"not_picked":["Uppercut","Second Wind"],"picked":"Shrug It Off","floor":13.0},{"not_picked":["Fiend Fire","Searing Blow"],"picked":"Shrug It Off","floor":14.0},{"not_picked":["Immolate","Feed"],"picked":"Juggernaut","floor":16.0},{"not_picked":["Sever Soul","Wild Strike","Thunderclap+1"],"picked":"SKIP","floor":18.0},{"not_picked":["Armaments","Flex","Uppercut"],"picked":"SKIP","floor":19.0},{"not_picked":["Reckless Charge","Feel No Pain"],"picked":"Battle Trance","floor":24.0},{"not_picked":["Infernal Blade+1","Demon Form","Searing Blow+1"],"picked":"SKIP","floor":27.0}],"player_experience":151869,"relics_obtained":[{"floor":9.0,"key":"Old Coin"},{"floor":13.0,"key":"Odd Mushroom"},{"floor":14.0,"key":"Ginger"},{"floor":27.0,"key":"Bird Faced Urn"}],"event_choices":[{"damage_healed":0.0,"max_hp_gain":0.0,"max_hp_loss":0.0,"gold_gain":0.0,"event_name":"Mushrooms","player_choice":"Fought Mushrooms","floor":13.0,"gold_loss":0.0,"damage_taken":0.0},{"damage_healed":0.0,"max_hp_gain":0.0,"max_hp_loss":0.0,"gold_gain":0.0,"event_name":"Ghosts","player_choice":"Ignored","floor":20.0,"gold_loss":0.0,"damage_taken":0.0},{"damage_healed":0.0,"max_hp_gain":0.0,"max_hp_loss":0.0,"gold_gain":0.0,"event_name":"Addict","player_choice":"Obtained Relic","floor":21.0,"gold_loss":85.0,"damage_taken":0.0,"relics_obtained":["MawBank"]},{"damage_healed":0.0,"max_hp_gain":5.0,"max_hp_loss":0.0,"gold_gain":0.0,"event_name":"Forgotten Altar","player_choice":"Shed Blood","floor":29.0,"gold_loss":0.0,"damage_taken":22.0},{"damage_healed":0,"gold_gain":0,"player_choice":"Ignored","damage_taken":0,"max_hp_gain":0,"max_hp_loss":0,"event_name":"Cursed Tome","floor":30,"gold_loss":0}],"is_beta":false,"boss_relics":[{"not_picked":["Black Star","Pandora\u0027s Box"],"picked":"Sozu"}],"items_purged_floors":[2,22,25],"is_endless":false,"potions_floor_spawned":[3,11,13,14,19,27],"killed_by":"3 Cultists","ascension_level":0}