{"gold_per_floor":[117,192,117,136,136,136,136,164,164,164,178,193,193,211,211,211],"floor_reached":16,"playtime":647,"items_purged":["Shame"],"score":135,"play_id":"1be6d92a-77df-422e-adcf-80166e389dbb","local_time":"20190216031241","is_ascension_mode":true,"campfire_choices":[{"data":"After Image","floor":6,"key":"SMITH"},{"floor":10,"key":"REST"},{"data":"After Image","floor":15,"key":"SMITH"}],"neow_cost":"CURSE","seed_source_timestamp":226291212941700,"circlet_count":0,"master_deck":["Defend_G","Defend_G","Defend_G","Defend_G","Defend_G","Strike_G","Strike_G","Strike_G+1","Strike_G+1","Survivor","Neutralize","After Image+1","Backflip","Backstab","Deadly Poison","Prepared","After Image+1"],"relics":["Ring of the Snake","Meat on the Bone","Tough Bandages"],"potions_floor_usage":[16],"damage_taken":[{"damage":0,"enemies":"2 Louse","floor":1,"turns":2},{"damage":1,"enemies":"Small Slimes","floor":4,"turns":6},{"damage":33,"enemies":"3 Sentries","floor":8,"turns":15},{"damage":0,"enemies":"Cultist","floor":11,"turns":4},{"damage":17,"enemies":"Large Slime","floor":12,"turns":7},{"damage":0,"enemies":"3 Louse","floor":14,"turns":4},{"damage":52,"enemies":"Slime Boss","floor":16,"turns":11}],"seed_played":"-8170496770168633634","potions_obtained":[{"floor":1,"key":"SmokeBomb"},{"floor":14,"key":"Dexterity Potion"}],"is_trial":false,"path_per_floor":["M","?","$","M","?","R","?","E","T","R","M","M","?","M","R","B"],"character_chosen":"THE_SILENT","items_purchased":[],"campfire_rested":1,"item_purchase_floors":[],"current_hp_per_floor":[63,52,52,51,37,37,37,4,4,25,37,32,37,49,49,0],"gold":211,"neow_bonus":"THREE_RARE_CARDS","is_prod":false,"is_daily":false,"chose_seed":false,"campfire_upgraded":2,"win_rate":0,"timestamp":1550283161,"path_taken":["M","?","$","M","?","R","?","E","T","R","M","?","?","M","R","BOSS"],"build_version":"2019-01-23","purchased_purges":1,"victory":false,"max_hp_per_floor":[70,70,70,70,70,70,70,70,70,70,70,70,75,75,75,75],"card_choices":[{"not_picked":["Doppelganger","Malaise"],"picked":"After Image","floor":0},{"not_picked":["Cloak And Dagger","Slice"],"picked":"Backflip","floor":1},{"not_picked":["Tactician","Underhanded Strike","Sucker Punch"],"picked":"SKIP","floor":4},{"not_picked":["Endless Agony","Deflect"],"picked":"Backstab","floor":8},{"not_picked":["Dagger Spray","Blade Dance"],"picked":"Deadly Poison","floor":11},{"not_picked":["Well Laid Plans","Cloak And Dagger"],"picked":"Prepared","floor":12},{"not_picked":["Flying Knee","Quick Slash"],"picked":"After Image","floor":14}],"player_experience":430767,"relics_obtained":[{"floor":8,"key":"Meat on the Bone"},{"floor":9,"key":"Tough Bandages"}],"event_choices":[{"damage_healed":0,"gold_gain":75,"player_choice":"Gather Gold","damage_taken":11,"max_hp_gain":0,"max_hp_loss":0,"event_name":"World of Goop","floor":2,"gold_loss":0},{"damage_healed":0,"gold_gain":0,"player_choice":"Entered Light","damage_taken":14,"max_hp_gain":0,"max_hp_loss":0,"event_name":"Shining Light","floor":5,"gold_loss":0,"cards_upgraded":["Strike_G","Strike_G"]},{"cards_removed":["Strike_G"],"damage_healed":0,"gold_gain":0,"player_choice":"Purged","damage_taken":0,"max_hp_gain":0,"max_hp_loss":0,"event_name":"Purifier","floor":7,"gold_loss":0},{"damage_healed":0,"gold_gain":0,"player_choice":"Donut","damage_taken":0,"max_hp_gain":5,"max_hp_loss":0,"event_name":"Big Fish","floor":13,"gold_loss":0}],"is_beta":false,"boss_relics":[],"items_purged_floors":[3],"is_endless":false,"potions_floor_spawned":[1,14],"killed_by":"Slime Boss","ascension_level":7}