{"gold_per_floor":[217,217,229,65,17,17,43,63,63,73,130,55,67,94,94,194,194,213,213,163,173,193,193],"floor_reached":23,"playtime":1470,"items_purged":["Strike_G"],"score":232,"play_id":"76536d3e-7f68-4120-842c-78058e560723","local_time":"20181222215724","is_ascension_mode":true,"campfire_choices":[{"data":"Apotheosis","floor":6,"key":"SMITH"},{"floor":15,"key":"REST"}],"neow_cost":"NONE","seed_source_timestamp":26464313681303,"circlet_count":0,"master_deck":["Defend_G","Defend_G","Defend_G","Defend_G","Defend_G","Strike_G","Strike_G","Strike_G","Survivor","Neutralize","Backflip","Blade Dance","Apotheosis+1","Poisoned Stab","Catalyst","Bouncing Flask","Footwork","Dodge and Roll","PiercingWail","After Image","Corpse Explosion","Bouncing Flask"],"relics":["Ring of the Snake","Bottled Flame","Kunai","Tiny Chest","Ginger","Sozu","Happy Flower"],"potions_floor_usage":[14,16,18,18],"damage_taken":[{"damage":0,"enemies":"Jaw Worm","floor":1,"turns":4},{"damage":6,"enemies":"Cultist","floor":3,"turns":6},{"damage":10,"enemies":"3 Sentries","floor":7,"turns":12},{"damage":4,"enemies":"Small Slimes","floor":8,"turns":3},{"damage":0,"enemies":"Looter","floor":10,"turns":3},{"damage":31,"enemies":"Gremlin Nob","floor":11,"turns":4},{"damage":8,"enemies":"Exordium Thugs","floor":13,"turns":5},{"damage":3,"enemies":"3 Sentries","floor":14,"turns":12},{"damage":23,"enemies":"Slime Boss","floor":16,"turns":10},{"damage":6,"enemies":"2 Thieves","floor":18,"turns":5},{"damage":0,"enemies":"Shell Parasite","floor":21,"turns":7},{"damage":5,"enemies":"Sentry and Sphere","floor":22,"turns":6},{"damage":70,"enemies":"Slavers","floor":23,"turns":4}],"seed_played":"-443335817682829573","potions_obtained":[{"floor":3,"key":"SpeedPotion"},{"floor":7,"key":"Explosive Potion"},{"floor":10,"key":"Swift Potion"},{"floor":11,"key":"PowerPotion"},{"floor":13,"key":"GhostInAJar"},{"floor":16,"key":"SkillPotion"}],"is_trial":false,"path_per_floor":["M","?","M","$","$","R","E","M","T","M","E","$","M","E","R","B",null,"M","?","?","M","M","E"],"character_chosen":"THE_SILENT","items_purchased":["Apotheosis","Poisoned Stab"],"campfire_rested":1,"item_purchase_floors":[4,5],"current_hp_per_floor":[70,70,64,64,64,64,54,50,50,50,19,19,11,8,29,6,70,64,64,64,64,59,0],"gold":193,"neow_bonus":"HUNDRED_GOLD","is_prod":false,"is_daily":false,"chose_seed":false,"campfire_upgraded":1,"win_rate":0,"timestamp":1545508644,"path_taken":["M","?","M","?","$","R","E","M","T","M","E","?","M","E","R","BOSS","M","?","?","M","M","E"],"build_version":"2018-12-20","purchased_purges":1,"victory":false,"max_hp_per_floor":[70,70,70,70,70,70,70,70,70,70,70,70,70,70,70,70,70,70,70,70,70,70,70],"card_choices":[{"not_picked":["Dagger Spray","Leg Sweep"],"picked":"Backflip","floor":1},{"not_picked":["Eviscerate","Deflect","Slice"],"picked":"SKIP","floor":3},{"not_picked":["Dagger Spray","Flying Knee"],"picked":"Catalyst","floor":7},{"not_picked":["Choke","Prepared"],"picked":"Bouncing Flask","floor":8},{"not_picked":["Backstab","Distraction"],"picked":"Footwork","floor":10},{"not_picked":["Dagger Throw","Distraction"],"picked":"Dodge and Roll","floor":11},{"not_picked":["Poisoned Stab","Distraction"],"picked":"PiercingWail","floor":13},{"not_picked":["Backflip","Infinite Blades"],"picked":"After Image","floor":14},{"not_picked":["Phantasmal Killer","Storm of Steel"],"picked":"Corpse Explosion","floor":16},{"not_picked":["Leg Sweep","Choke","Crippling Poison"],"picked":"SKIP","floor":18},{"not_picked":["Backstab","Outmaneuver"],"picked":"Bouncing Flask","floor":21},{"not_picked":["Riddle With Holes","Quick Slash+1","Prepared"],"picked":"SKIP","floor":22}],"player_experience":58874,"relics_obtained":[{"floor":7,"key":"Bottled Flame"},{"floor":9,"key":"Kunai"},{"floor":11,"key":"Tiny Chest"},{"floor":14,"key":"Ginger"}],"event_choices":[{"damage_healed":0,"gold_gain":0,"cards_transformed":["Strike_G"],"player_choice":"Transformed","damage_taken":0,"max_hp_gain":0,"max_hp_loss":0,"event_name":"Transmorgrifier","floor":2,"gold_loss":0,"cards_obtained":["Blade Dance"]},{"damage_healed":0,"gold_gain":0,"player_choice":"Opened","damage_taken":0,"relics_obtained":["Happy Flower"],"max_hp_gain":0,"max_hp_loss":0,"event_name":"The Mausoleum","floor":19,"gold_loss":0},{"damage_healed":0,"gold_gain":0,"player_choice":"Bet on Murderer","damage_taken":0,"max_hp_gain":0,"max_hp_loss":0,"event_name":"The Joust","floor":20,"gold_loss":50}],"is_beta":false,"boss_relics":[{"not_picked":["Calling Bell","Ectoplasm"],"picked":"Sozu"}],"items_purged_floors":[12],"is_endless":false,"potions_floor_spawned":[3,7,10,11,13,16,18,21],"killed_by":"Slavers","ascension_level":2}