{"gold_per_floor":[112,112,124,124,149,183,183,222,222,222,265,280,320,343,343,436,436,461,482,154,170,184,215,215,250,250,291,17,36,36,52,52,147,147,170,170,191,211,336,376,391,391,391,391,422,446,784,805,805,805],"floor_reached":51,"playtime":4396,"items_purged":["Pain","Regret"],"score":1909,"play_id":"926a4fe3-5f63-41b2-8f94-2ce727b2dec9","local_time":"20190217101416","is_ascension_mode":true,"campfire_choices":[{"floor":7,"key":"REST"},{"data":"Cloak And Dagger","floor":10,"key":"SMITH"},{"floor":15,"key":"REST"},{"floor":24,"key":"REST"},{"floor":30,"key":"REST"},{"data":"Shame","floor":32,"key":"PURGE"},{"data":"Doubt","floor":44,"key":"PURGE"},{"floor":49,"key":"REST"}],"neow_cost":"NONE","seed_source_timestamp":0,"circlet_count":0,"master_deck":["AscendersBane","Defend_G","Defend_G","Defend_G","Defend_G","Defend_G","Strike_G","Strike_G","Strike_G","Strike_G","Strike_G","Survivor","Neutralize+1","Quick Slash","Backstab","Cloak And Dagger+1","Die Die Die","Caltrops","Blade Dance","Blur","Night Terror","Backstab+1","Cloak And Dagger","Well Laid Plans","Blade Dance","Infinite Blades","Backflip","Tactician+1","Tools of the Trade","Adrenaline+1","Backflip+1","Caltrops","Backstab","PiercingWail+1","Accuracy","Accuracy+1","Well Laid Plans","Endless Agony"],"special_seed":0,"relics":["Ring of the Snake","Lantern","Golden Idol","Bag of Preparation","Pear","Potion Belt","Pen Nib","Kunai","Calling Bell","Snake Skull","The Courier","Dead Branch","Mummified Hand","Peace Pipe","Darkstone Periapt","Bottled Tornado","Regal Pillow","Toxic Egg 2","Cursed Key","Mango","Ancient Tea Set","Strawberry","PreservedInsect","Old Coin"],"potions_floor_usage":[6,8,13,13,19,50],"damage_taken":[{"damage":7,"enemies":"Jaw Worm","floor":1,"turns":5},{"damage":0,"enemies":"2 Louse","floor":3,"turns":3},{"damage":0,"enemies":"Small Slimes","floor":5,"turns":2},{"damage":33,"enemies":"Lagavulin","floor":6,"turns":7},{"damage":12,"enemies":"Gremlin Nob","floor":8,"turns":3},{"damage":10,"enemies":"3 Sentries","floor":11,"turns":9},{"damage":0,"enemies":"Red Slaver","floor":12,"turns":2},{"damage":19,"enemies":"Lagavulin","floor":13,"turns":7},{"damage":1,"enemies":"Exordium Wildlife","floor":14,"turns":3},{"damage":0,"enemies":"The Guardian","floor":16,"turns":15},{"damage":5,"enemies":"Chosen","floor":18,"turns":3},{"damage":1,"enemies":"Spheric Guardian","floor":19,"turns":2},{"damage":0,"enemies":"Snecko","floor":21,"turns":4},{"damage":20,"enemies":"Centurion and Healer","floor":22,"turns":6},{"damage":21,"enemies":"Book of Stabbing","floor":23,"turns":6},{"damage":19,"enemies":"Gremlin Leader","floor":25,"turns":7},{"damage":6,"enemies":"Book of Stabbing","floor":27,"turns":5},{"damage":4,"enemies":"Snake Plant","floor":29,"turns":3},{"damage":0,"enemies":"Chosen and Byrds","floor":31,"turns":4},{"damage":23,"enemies":"Collector","floor":33,"turns":9},{"damage":0,"enemies":"3 Shapes","floor":35,"turns":3},{"damage":0,"enemies":"3 Darklings","floor":37,"turns":3},{"damage":12,"enemies":"Writhing Mass","floor":38,"turns":3},{"damage":0,"enemies":"Mind Bloom Boss Battle","floor":39,"turns":2},{"damage":15,"enemies":"Nemesis","floor":40,"turns":5},{"damage":0,"enemies":"Spire Growth","floor":41,"turns":3},{"damage":0,"enemies":"Reptomancer","floor":45,"turns":6},{"damage":0,"enemies":"Transient","floor":46,"turns":5},{"damage":15,"enemies":"Nemesis","floor":47,"turns":3},{"damage":0,"enemies":"Maw","floor":48,"turns":5},{"damage":42,"enemies":"Time Eater","floor":50,"turns":12}],"seed_played":"7994102419428265934","potions_obtained":[{"floor":1,"key":"Explosive Potion"},{"floor":3,"key":"AttackPotion"},{"floor":11,"key":"SkillPotion"},{"floor":12,"key":"Dexterity Potion"},{"floor":13,"key":"Poison Potion"},{"floor":14,"key":"Fire Potion"},{"floor":18,"key":"SteroidPotion"},{"floor":19,"key":"Swift Potion"},{"floor":29,"key":"SkillPotion"},{"floor":33,"key":"GhostInAJar"},{"floor":39,"key":"GhostInAJar"},{"floor":45,"key":"PowerPotion"}],"is_trial":false,"path_per_floor":["M","?","M","?","M","E","R","E","T","R","E","M","E","M","R","B",null,"M","M","$","M","M","E","R","E","T","E","$","M","R","M","R","B",null,"M","?","M","M","?","E","M","?","T","R","E","M","E","M","R","B",null],"character_chosen":"THE_SILENT","items_purchased":["Mummified Hand","Well Laid Plans","Blade Dance","Toxic Egg 2"],"campfire_rested":5,"item_purchase_floors":[20,20,20,28],"current_hp_per_floor":[52,52,52,52,52,19,37,35,35,35,25,25,6,5,26,26,60,55,54,54,54,34,13,34,15,15,9,9,5,41,41,41,18,58,58,58,58,46,60,45,45,45,58,58,58,58,43,43,87,45],"gold":805,"neow_bonus":"RANDOM_COMMON_RELIC","is_prod":false,"is_daily":false,"chose_seed":false,"campfire_upgraded":1,"win_rate":0,"timestamp":1550394856,"path_taken":["M","?","M","?","?","E","R","E","T","R","E","M","E","M","R","BOSS","M","M","$","M","M","E","R","E","T","E","$","M","R","M","R","BOSS","M","?","M","?","?","E","M","?","T","R","E","?","E","M","R","BOSS"],"build_version":"2019-01-23","purchased_purges":2,"victory":true,"max_hp_per_floor":[66,66,66,61,61,61,61,71,71,71,71,71,71,71,71,71,71,71,71,71,71,71,71,71,71,71,71,71,71,71,71,71,71,71,71,71,71,71,85,85,85,85,98,98,98,98,98,98,98,98],"card_choices":[{"not_picked":["Catalyst","Setup"],"picked":"Quick Slash","floor":1},{"not_picked":["Prepared","Blur"],"picked":"Backstab","floor":3},{"not_picked":["Blade Dance","Flying Knee"],"picked":"Cloak And Dagger","floor":5},{"not_picked":["Sucker Punch","Choke"],"picked":"Die Die Die","floor":6},{"not_picked":["Distraction","Deadly Poison","Prepared"],"picked":"SKIP","floor":8},{"not_picked":["Flying Knee","Slice","Quick Slash"],"picked":"SKIP","floor":11},{"not_picked":["Backflip","Quick Slash"],"picked":"Caltrops","floor":12},{"not_picked":["Deadly Poison","Heel Hook"],"picked":"Blade Dance","floor":13},{"not_picked":["All Out Attack","Die Die Die"],"picked":"Blur","floor":14},{"not_picked":["A Thousand Cuts","Die Die Die"],"picked":"Night Terror","floor":16},{"not_picked":["Eviscerate","Riddle With Holes"],"picked":"Backstab+1","floor":18},{"not_picked":["Dagger Spray","Predator"],"picked":"Cloak And Dagger","floor":19},{"not_picked":["Flechettes+1","Dagger Throw"],"picked":"Infinite Blades","floor":21},{"not_picked":["Dash","Flying Knee+1","Prepared"],"picked":"SKIP","floor":22},{"not_picked":["Prepared","All Out Attack"],"picked":"Backflip","floor":23},{"not_picked":["Poisoned Stab","Underhanded Strike","Sucker Punch"],"picked":"SKIP","floor":25},{"not_picked":["Bane","Quick Slash","Dodge and Roll"],"picked":"SKIP","floor":27},{"not_picked":["Predator","Setup+1"],"picked":"Tactician+1","floor":29},{"not_picked":["Dagger Throw","Underhanded Strike+1"],"picked":"Tools of the Trade","floor":31},{"not_picked":["Venomology+1","Unload"],"picked":"Adrenaline+1","floor":33},{"not_picked":["Dodge and Roll+1","Dagger Throw"],"picked":"Backflip+1","floor":35},{"not_picked":["Catalyst+1","Noxious Fumes+1"],"picked":"Caltrops","floor":37},{"not_picked":["Prepared+1","Noxious Fumes"],"picked":"Backstab","floor":38},{"not_picked":["Dagger Throw","Dagger Spray"],"picked":"PiercingWail+1","floor":39},{"not_picked":["Bouncing Flask+1","Bane"],"picked":"Accuracy","floor":40},{"not_picked":["Dagger Spray","Finisher+1","Predator"],"picked":"SKIP","floor":41},{"not_picked":["Catalyst+1","Riddle With Holes+1"],"picked":"Accuracy+1","floor":45},{"not_picked":["Deadly Poison+1","Flying Knee+1","Flechettes"],"picked":"SKIP","floor":46},{"not_picked":["Sucker Punch","Riddle With Holes"],"picked":"Well Laid Plans","floor":47},{"not_picked":["Underhanded Strike","Wraith Form v2"],"picked":"Endless Agony","floor":48}],"player_experience":466515,"relics_obtained":[{"floor":6,"key":"Bag of Preparation"},{"floor":8,"key":"Pear"},{"floor":9,"key":"Potion Belt"},{"floor":11,"key":"Pen Nib"},{"floor":13,"key":"Kunai"},{"floor":17,"key":"Snake Skull"},{"floor":17,"key":"The Courier"},{"floor":17,"key":"Dead Branch"},{"floor":23,"key":"Peace Pipe"},{"floor":25,"key":"Darkstone Periapt"},{"floor":26,"key":"Bottled Tornado"},{"floor":27,"key":"Regal Pillow"},{"floor":39,"key":"Mango"},{"floor":40,"key":"Ancient Tea Set"},{"floor":43,"key":"Strawberry"},{"floor":45,"key":"PreservedInsect"},{"floor":47,"key":"Old Coin"}],"event_choices":[{"damage_healed":0,"gold_gain":0,"player_choice":"Grow","damage_taken":0,"max_hp_gain":0,"max_hp_loss":0,"event_name":"Living Wall","floor":2,"gold_loss":0,"cards_upgraded":["Neutralize"]},{"damage_healed":0,"gold_gain":0,"player_choice":"Lose Max HP","damage_taken":0,"relics_obtained":["Golden Idol"],"max_hp_gain":0,"max_hp_loss":5,"event_name":"Golden Idol","floor":4,"gold_loss":0},{"damage_healed":0,"gold_gain":0,"player_choice":"Bought 0 Potions","damage_taken":0,"max_hp_gain":0,"max_hp_loss":0,"event_name":"The Woman in Blue","floor":36,"gold_loss":0},{"damage_healed":0,"gold_gain":0,"player_choice":"Fight","damage_taken":0,"max_hp_gain":0,"max_hp_loss":0,"event_name":"MindBloom","floor":39,"gold_loss":0},{"damage_healed":0,"gold_gain":0,"player_choice":"Leave","damage_taken":0,"max_hp_gain":0,"max_hp_loss":0,"event_name":"FaceTrader","floor":42,"gold_loss":0}],"is_beta":false,"boss_relics":[{"not_picked":["Runic Dome","Tiny House"],"picked":"Calling Bell"},{"not_picked":["Lizard Tail","Orrery"],"picked":"Cursed Key"}],"items_purged_floors":[20,28],"is_endless":false,"potions_floor_spawned":[1,3,11,12,13,14,18,19,29,33,39,40,45,47],"ascension_level":14}