{"path_per_floor":["M","?","M","T","$","R","M","R","T","$","R","M","E","M","R","B",null,"M","?","$","M","$","R","M","R","T","M","M","R","?","M","R","B",null,"M","M","?","M","M","R"],"character_chosen":"IRONCLAD","items_purchased":["Searing Blow","Double Tap"],"gold_per_floor":[111,111,121,145,67,67,84,84,107,32,32,49,78,95,95,199,199,215,215,34,44,44,44,63,63,63,77,94,94,194,214,214,314,314,328,345,345,356,376,376,376],"floor_reached":41,"campfire_rested":0,"playtime":1210,"current_hp_per_floor":[72,72,69,69,69,69,63,63,63,63,63,47,40,40,40,13,57,63,63,63,63,63,63,69,69,69,68,72,72,72,72,72,57,68,30,40,40,35,37,37,0],"items_purged":["Regret","Strike_R"],"gold":376,"score":630,"play_id":"a53e998a-3510-4b42-8391-ba0ddf9380d2","local_time":"20180521213716","is_prod":false,"is_daily":false,"chose_seed":false,"is_ascension_mode":true,"campfire_upgraded":9,"timestamp":1526931436,"campfire_choices":[{"data":"Searing Blow","floor":6,"key":"SMITH"},{"data":"Searing Blow+1","floor":8,"key":"SMITH"},{"data":"Searing Blow+2","floor":11,"key":"SMITH"},{"data":"Searing Blow+3","floor":15,"key":"SMITH"},{"data":"Searing Blow+4","floor":23,"key":"SMITH"},{"data":"Searing Blow+5","floor":25,"key":"SMITH"},{"data":"Searing Blow+6","floor":29,"key":"SMITH"},{"data":"Searing Blow+7","floor":32,"key":"SMITH"},{"data":"Searing Blow+8","floor":40,"key":"SMITH"}],"path_taken":["M","?","M","?","$","R","M","R","T","$","R","M","E","?","R","BOSS","M","?","$","M","$","R","M","R","T","?","?","R","?","M","R","BOSS","M","M","?","?","M","R","M"],"build_version":"2018-05-17","seed_source_timestamp":173253868469818,"purchased_purges":2,"victory":false,"master_deck":["Strike_R","Strike_R","Strike_R","Defend_R","Defend_R","Defend_R","Bash","AscendersBane","Spot Weakness","Searing Blow+9","Double Tap","Headbutt","Dropkick","Master of Strategy"],"max_hp_per_floor":[72,72,72,72,72,72,72,72,72,72,72,72,72,72,72,72,72,72,72,72,72,72,72,72,72,72,72,72,72,72,72,72,72,72,72,72,72,72,72,72,72],"relics":["Black Blood","Pen Nib","Dream Catcher","Regal Pillow","Bag of Marbles","Snecko Eye","Shovel"],"card_choices":[{"not_picked":["True Grit","Sever Soul","Wild Strike"],"picked":"SKIP","floor":1},{"not_picked":["Flame Barrier","Second Wind"],"picked":"Spot Weakness","floor":3},{"not_picked":["Shrug It Off","Anger","Sword Boomerang"],"picked":"SKIP","floor":7},{"not_picked":["Hemokinesis","Fiend Fire","Flex"],"picked":"SKIP","floor":12},{"not_picked":["Perfected Strike","Exhume","Infernal Blade"],"picked":"SKIP","floor":13},{"not_picked":["Clash","Shrug It Off","Warcry"],"picked":"SKIP","floor":14},{"not_picked":["Combust","Cleave","Power Through"],"picked":"SKIP","floor":18},{"not_picked":["Sword Boomerang","Iron Wave","Inflame"],"picked":"SKIP","floor":21},{"not_picked":["Uppercut","Evolve+1","Rupture"],"picked":"SKIP","floor":24},{"not_picked":["Twin Strike","Combust"],"picked":"Headbutt","floor":27},{"not_picked":["Blood for Blood","Sever Soul+1"],"picked":"Dropkick","floor":28},{"not_picked":["Sever Soul+1","Flex+1","Anger"],"picked":"SKIP","floor":31},{"not_picked":["Clash","Inflame+1","Flex"],"picked":"SKIP","floor":35},{"not_picked":["Rupture","Body Slam+1","Metallicize+1"],"picked":"SKIP","floor":36},{"not_picked":["Dramatic Entrance","Panache"],"picked":"Master of Strategy","floor":37},{"not_picked":["Battle Trance","Iron Wave","Corruption"],"picked":"SKIP","floor":38},{"not_picked":["Pommel Strike+1","Clothesline","Thunderclap"],"picked":"SKIP","floor":39}],"player_experience":167223,"potions_floor_usage":[27,33,33,33],"damage_taken":[{"damage":4,"enemies":"Small Slimes","floor":1,"turns":4},{"damage":9,"enemies":"Cultist","floor":3,"turns":3},{"damage":12,"enemies":"Jaw Worm","floor":7,"turns":3},{"damage":22,"enemies":"Exordium Thugs","floor":12,"turns":3},{"damage":13,"enemies":"3 Sentries","floor":13,"turns":6},{"damage":6,"enemies":"Exordium Wildlife","floor":14,"turns":3},{"damage":33,"enemies":"The Guardian","floor":16,"turns":8},{"damage":0,"enemies":"Spheric Guardian","floor":18,"turns":2},{"damage":6,"enemies":"2 Thieves","floor":21,"turns":2},{"damage":0,"enemies":"Sentry and Sphere","floor":24,"turns":2},{"damage":7,"enemies":"3 Cultists","floor":27,"turns":3},{"damage":0,"enemies":"Snake Plant","floor":28,"turns":1},{"damage":0,"enemies":"Snecko","floor":31,"turns":1},{"damage":30,"enemies":"Champ","floor":33,"turns":4},{"damage":48,"enemies":"3 Darklings","floor":35,"turns":7},{"damage":0,"enemies":"Orb Walker","floor":36,"turns":1},{"damage":15,"enemies":"Sphere and 2 Shapes","floor":38,"turns":3},{"damage":8,"enemies":"3 Darklings","floor":39,"turns":4},{"damage":43,"enemies":"4 Shapes","floor":41,"turns":2}],"relics_obtained":[{"floor":4,"key":"Dream Catcher"},{"floor":9,"key":"Regal Pillow"},{"floor":13,"key":"Bag of Marbles"},{"floor":26,"key":"Shovel"}],"event_choices":[{"event_name":"Big Fish","player_choice":"Box","floor":2,"damage_taken":0},{"event_name":"The Mausoleum","player_choice":"No","floor":19,"damage_taken":0},{"event_name":"Golden Shrine","player_choice":"Pray","floor":30,"damage_taken":0},{"event_name":"SensoryStone","player_choice":"Memory 1","floor":37,"damage_taken":0}],"boss_relics":[{"not_picked":["Mark of Pain","Cursed Key"],"picked":"Snecko Eye"},{"not_picked":["Calling Bell","Pandora\u0027s Box"],"picked":"Black Blood"}],"potions_floor_spawned":[12,16,18,24,28,31,36],"seed_played":"2548868267709405255","killed_by":"4 Shapes","ascension_level":10,"potions_obtained":[{"floor":12,"key":"Fire Potion"},{"floor":16,"key":"Regen Potion"},{"floor":18,"key":"SpeedPotion"},{"floor":24,"key":"Energy Potion"},{"floor":28,"key":"SkillPotion"},{"floor":36,"key":"Ancient Potion"}],"is_trial":false}