{"gold_per_floor":[116,116,116,131,56,91,115,134,187,218,130,130,150,169,169,169],"floor_reached":16,"playtime":282,"items_purged":["Strike_R","Strike_R"],"score":239,"play_id":"d28c08eb-df9e-4a1f-aecb-9de0720001da","local_time":"20190202165440","is_ascension_mode":true,"campfire_choices":[{"data":"Dual Wield","floor":12,"key":"SMITH"},{"floor":15,"key":"REST"}],"neow_cost":"NONE","seed_source_timestamp":429464550713200,"circlet_count":0,"master_deck":["AscendersBane","Strike_R","Strike_R","Strike_R+1","Defend_R","Defend_R","Defend_R+1","Defend_R","Bash","Dual Wield+1"],"relics":["Burning Blood","NeowsBlessing","Golden Idol","Letter Opener","MawBank"],"potions_floor_usage":[],"damage_taken":[{"damage":0,"enemies":"Small Slimes","floor":1,"turns":1},{"damage":0,"enemies":"Jaw Worm","floor":4,"turns":1},{"damage":0,"enemies":"Gremlin Nob","floor":6,"turns":1},{"damage":3,"enemies":"Cultist","floor":7,"turns":4},{"damage":16,"enemies":"2 Fungi Beasts","floor":8,"turns":3},{"damage":7,"enemies":"3 Louse","floor":10,"turns":6},{"damage":26,"enemies":"Exordium Thugs","floor":13,"turns":5},{"damage":13,"enemies":"Blue Slaver","floor":14,"turns":4},{"damage":0,"enemies":"Slime Boss","floor":16,"turns":1}],"seed_played":"-2557421906410074112","potions_obtained":[{"floor":4,"key":"FearPotion"},{"floor":8,"key":"Swift Potion"}],"is_trial":false,"path_per_floor":["M","?","?","M","$","E","M","M","T","M","$","R","M","M","R","B"],"character_chosen":"IRONCLAD","items_purchased":[],"campfire_rested":1,"item_purchase_floors":[],"current_hp_per_floor":[74,51,51,57,57,63,66,56,56,55,55,55,35,28,48,48],"gold":169,"neow_bonus":"THREE_ENEMY_KILL","is_prod":false,"is_daily":false,"chose_seed":false,"campfire_upgraded":1,"win_rate":0,"timestamp":1549122880,"path_taken":["M","?","?","M","$","E","M","M","T","M","$","R","M","M","R","BOSS"],"build_version":"2019-01-23","purchased_purges":2,"victory":false,"max_hp_per_floor":[75,75,68,68,68,68,68,68,68,68,68,68,68,68,68,68],"card_choices":[{"not_picked":["Thunderclap","Pummel"],"picked":"Dual Wield","floor":1},{"not_picked":["Rampage","Spot Weakness","Body Slam"],"picked":"SKIP","floor":4},{"not_picked":["Battle Trance","Hemokinesis","Blood for Blood"],"picked":"SKIP","floor":6},{"not_picked":["Perfected Strike","Sword Boomerang","Shrug It Off"],"picked":"SKIP","floor":7},{"not_picked":["Sword Boomerang","Heavy Blade","Burning Pact"],"picked":"SKIP","floor":8},{"not_picked":["Rupture","Sever Soul","Rage"],"picked":"SKIP","floor":10},{"not_picked":["Burning Pact","Wild Strike","Pummel"],"picked":"SKIP","floor":13},{"not_picked":["True Grit","Body Slam","Heavy Blade"],"picked":"SKIP","floor":14}],"player_experience":310734,"relics_obtained":[{"floor":6,"key":"Letter Opener"},{"floor":9,"key":"MawBank"}],"event_choices":[{"damage_healed":0,"gold_gain":0,"player_choice":"Entered Light","damage_taken":23,"max_hp_gain":0,"max_hp_loss":0,"event_name":"Shining Light","floor":2,"gold_loss":0,"cards_upgraded":["Defend_R","Strike_R"]},{"damage_healed":0,"gold_gain":0,"player_choice":"Lose Max HP","damage_taken":0,"relics_obtained":["Golden Idol"],"max_hp_gain":0,"max_hp_loss":7,"event_name":"Golden Idol","floor":3,"gold_loss":0}],"is_beta":false,"boss_relics":[],"items_purged_floors":[5,11],"is_endless":false,"potions_floor_spawned":[4,8,10,13],"killed_by":"Slime Boss","ascension_level":17}