{"gold_per_floor":[110,185,185,200,215,215,234,234,234,248,262,278,298,55,55,153,153,168,168,12,12,32,45,45],"floor_reached":24,"playtime":1547,"items_purged":["Pain"],"score":259,"play_id":"8aebd422-785f-4d5e-ad34-cecd53d16170","local_time":"20190216024444","is_ascension_mode":true,"campfire_choices":[{"data":"Neutralize","floor":6,"key":"SMITH"},{"data":"Night Terror","floor":8,"key":"SMITH"},{"floor":15,"key":"REST"}],"neow_cost":"PERCENT_DAMAGE","seed_source_timestamp":223713097674500,"circlet_count":0,"master_deck":["Defend_G","Defend_G","Defend_G","Defend_G","Defend_G","Strike_G","Strike_G","Strike_G","Strike_G","Survivor","Neutralize+1","Dash","Quick Slash","Predator","Night Terror+1","Escape Plan","Bouncing Flask","Blur","Poisoned Stab","PiercingWail","Well Laid Plans","Deflect","Die Die Die","Discovery","Venomology","Dodge and Roll","Mind Blast","Masterful Stab+1","Noxious Fumes","Dagger Throw+1","Leg Sweep"],"relics":["Ring of the Snake","Prayer Wheel","WarpedTongs","Sundial","Anchor","Runic Pyramid","Calipers"],"potions_floor_usage":[7,13,16,16,18,22,22,22,23,24],"damage_taken":[{"damage":0,"enemies":"Small Slimes","floor":1,"turns":3},{"damage":5,"enemies":"Cultist","floor":4,"turns":4},{"damage":3,"enemies":"2 Louse","floor":5,"turns":3},{"damage":9,"enemies":"Exordium Thugs","floor":7,"turns":7},{"damage":17,"enemies":"Blue Slaver","floor":10,"turns":4},{"damage":11,"enemies":"Lots of Slimes","floor":11,"turns":7},{"damage":1,"enemies":"Looter","floor":12,"turns":4},{"damage":0,"enemies":"3 Louse","floor":13,"turns":1},{"damage":9,"enemies":"Slime Boss","floor":16,"turns":11},{"damage":35,"enemies":"3 Byrds","floor":18,"turns":8},{"damage":5,"enemies":"Chosen","floor":22,"turns":7},{"damage":13,"enemies":"Snecko","floor":23,"turns":7},{"damage":0,"enemies":"Gremlin Leader","floor":24,"turns":3}],"seed_played":"-9130412826873253861","potions_obtained":[{"floor":4,"key":"Dexterity Potion"},{"floor":5,"key":"Regen Potion"},{"floor":7,"key":"Block Potion"},{"floor":12,"key":"Explosive Potion"},{"floor":22,"key":"LiquidBronze"}],"is_trial":false,"path_per_floor":["M","?","?","M","M","R","M","R","T","M","M","M","M","$","R","B",null,"M","?","$","?","M","M","E"],"character_chosen":"THE_SILENT","items_purchased":["Discovery","Anchor","Mind Blast"],"campfire_rested":1,"item_purchase_floors":[14,14,20],"current_hp_per_floor":[45,34,34,29,26,26,32,32,32,15,4,3,3,3,24,15,56,21,21,21,21,16,3,3],"gold":45,"neow_bonus":"ONE_RARE_RELIC","is_prod":false,"is_daily":false,"chose_seed":false,"campfire_upgraded":2,"win_rate":0,"timestamp":1550281484,"path_taken":["M","?","?","M","M","R","?","R","T","M","M","?","?","$","R","BOSS","M","?","?","?","?","M","E"],"build_version":"2019-01-23","purchased_purges":1,"victory":false,"max_hp_per_floor":[70,70,70,70,70,70,70,70,70,70,70,70,70,70,70,70,70,70,70,70,70,70,70,70],"card_choices":[{"not_picked":["Dagger Throw","Bane","Eviscerate"],"picked":"SKIP","floor":1},{"not_picked":["Blade Dance","Sucker Punch","Dagger Throw"],"picked":"SKIP","floor":1},{"not_picked":["Outmaneuver","Bane"],"picked":"Dash","floor":4},{"not_picked":["Accuracy","Prepared"],"picked":"Quick Slash","floor":4},{"not_picked":["Cloak And Dagger","Flying Knee"],"picked":"Predator","floor":5},{"not_picked":["Blade Dance","Deadly Poison"],"picked":"Night Terror","floor":5},{"not_picked":["Tactician","Bouncing Flask"],"picked":"Escape Plan","floor":7},{"not_picked":["Backflip","Acrobatics","Infinite Blades"],"picked":"SKIP","floor":7},{"not_picked":["Accuracy","Calculated Gamble"],"picked":"Bouncing Flask","floor":10},{"not_picked":["Outmaneuver","Infinite Blades"],"picked":"Blur","floor":10},{"not_picked":["Dodge and Roll","Reflex"],"picked":"Poisoned Stab","floor":11},{"not_picked":["Skewer","Flying Knee"],"picked":"PiercingWail","floor":11},{"not_picked":["Riddle With Holes","Backflip"],"picked":"Well Laid Plans","floor":12},{"not_picked":["Flying Knee","Backstab"],"picked":"Deflect","floor":12},{"not_picked":["Outmaneuver","Dagger Throw"],"picked":"Die Die Die","floor":13},{"not_picked":["Bouncing Flask","Slice","Cloak And Dagger"],"picked":"SKIP","floor":13},{"not_picked":["Die Die Die","Grand Finale"],"picked":"Venomology","floor":16},{"not_picked":["Dash","Deadly Poison+1","Accuracy"],"picked":"SKIP","floor":18},{"not_picked":["Sucker Punch+1","Flying Knee","Dagger Spray+1"],"picked":"SKIP","floor":18},{"not_picked":["Terror","Riddle With Holes"],"picked":"Masterful Stab+1","floor":22},{"not_picked":["Catalyst","Quick Slash"],"picked":"Noxious Fumes","floor":22},{"not_picked":["Acrobatics","Noxious Fumes"],"picked":"Dagger Throw+1","floor":23},{"not_picked":["Heel Hook+1","Slice"],"picked":"Leg Sweep","floor":23}],"player_experience":428217,"relics_obtained":[{"floor":9,"key":"Sundial"}],"event_choices":[{"damage_healed":0,"gold_gain":75,"player_choice":"Gather Gold","damage_taken":11,"max_hp_gain":0,"max_hp_loss":0,"event_name":"World of Goop","floor":2,"gold_loss":0},{"damage_healed":0,"gold_gain":0,"player_choice":"Rummage","damage_taken":0,"relics_obtained":["WarpedTongs"],"max_hp_gain":0,"max_hp_loss":0,"event_name":"Accursed Blacksmith","floor":3,"gold_loss":0,"cards_obtained":["Pain"]},{"damage_healed":0,"gold_gain":0,"cards_transformed":["Strike_G"],"player_choice":"Transformed","damage_taken":0,"max_hp_gain":0,"max_hp_loss":0,"event_name":"Transmorgrifier","floor":19,"gold_loss":0,"cards_obtained":["Dodge and Roll"]},{"damage_healed":0,"gold_gain":0,"player_choice":"Gave Potion","damage_taken":0,"relics_obtained":["Calipers"],"max_hp_gain":0,"max_hp_loss":0,"event_name":"WeMeetAgain","floor":21,"gold_loss":0}],"is_beta":false,"boss_relics":[{"not_picked":["Black Star","White Beast Statue"],"picked":"Runic Pyramid"}],"items_purged_floors":[20],"is_endless":false,"potions_floor_spawned":[4,5,7,12,22],"killed_by":"Gremlin Leader","ascension_level":7}