{"gold_per_floor":[13,13,30,30,6,6,21,21,21,21,34,34,44,69,69,164,164,176,186,186,186,199,232,246,246,246,264,283,283,293,305,305,402,402,419,419,41,41,59,83,83,95,118,118,138,0,0,10,10,10],"floor_reached":51,"playtime":3500,"items_purged":[],"score":932,"play_id":"60cc04ea-4084-4526-9bed-a5a05405ae94","local_time":"20181104022456","is_ascension_mode":true,"campfire_choices":[{"floor":6,"key":"REST"},{"data":"Defragment","floor":10,"key":"SMITH"},{"floor":12,"key":"REST"},{"floor":15,"key":"REST"},{"floor":25,"key":"REST"},{"floor":29,"key":"REST"},{"floor":32,"key":"REST"},{"floor":41,"key":"REST"},{"floor":44,"key":"REST"},{"floor":47,"key":"REST"},{"floor":49,"key":"REST"}],"neow_cost":"NO_GOLD","seed_source_timestamp":2517816467528519,"circlet_count":0,"master_deck":["Strike_B+1","Strike_B+1","Defend_B+1","Defend_B+1","Defend_B+1","Defend_B+1","Zap+1","Dualcast","Darkness","Ball Lightning","Cold Snap","Defragment+1","Glacier","Genetic Algorithm","Echo Form","Machine Learning","Reinforced Body+1","FTL","Seek+1","Jack Of All Trades+1","Chrysalis","Flash of Steel","Auto Shields","Conserve Battery+1"],"relics":["Cracked Core","Cables","Ginger","Vajra","Busted Crown","Anchor","Bottled Tornado","Fusion Hammer","DataDisk","War Paint","CultistMask","Bronze Scales","PreservedInsect","Red Mask"],"potions_floor_usage":[23,23,23,50,50],"damage_taken":[{"damage":9,"enemies":"Jaw Worm","floor":1,"turns":4},{"damage":9,"enemies":"Small Slimes","floor":3,"turns":4},{"damage":0,"enemies":"Cultist","floor":7,"turns":2},{"damage":3,"enemies":"2 Fungi Beasts","floor":11,"turns":2},{"damage":0,"enemies":"Exordium Thugs","floor":13,"turns":3},{"damage":28,"enemies":"Lagavulin","floor":14,"turns":4},{"damage":34,"enemies":"Slime Boss","floor":16,"turns":5},{"damage":12,"enemies":"Chosen","floor":18,"turns":4},{"damage":18,"enemies":"2 Thieves","floor":19,"turns":4},{"damage":18,"enemies":"Shelled Parasite and Fungi","floor":22,"turns":5},{"damage":19,"enemies":"Slavers","floor":23,"turns":4},{"damage":0,"enemies":"Cultist and Chosen","floor":24,"turns":5},{"damage":2,"enemies":"Centurion and Healer","floor":27,"turns":5},{"damage":0,"enemies":"Sentry and Sphere","floor":28,"turns":4},{"damage":14,"enemies":"Snake Plant","floor":30,"turns":4},{"damage":2,"enemies":"Snecko","floor":31,"turns":4},{"damage":32,"enemies":"Champ","floor":33,"turns":12},{"damage":0,"enemies":"Orb Walker","floor":35,"turns":3},{"damage":7,"enemies":"3 Shapes","floor":39,"turns":4},{"damage":12,"enemies":"Transient","floor":42,"turns":5},{"damage":0,"enemies":"3 Darklings","floor":45,"turns":5},{"damage":14,"enemies":"Maw","floor":48,"turns":6},{"damage":49,"enemies":"Donu and Deca","floor":50,"turns":14}],"seed_played":"-3051785054772475854","potions_obtained":[{"floor":7,"key":"Energy Potion"},{"floor":16,"key":"Poison Potion"},{"floor":22,"key":"AttackPotion"},{"floor":24,"key":"SteroidPotion"},{"floor":27,"key":"Swift Potion"},{"floor":30,"key":"SpeedPotion"},{"floor":33,"key":"AttackPotion"},{"floor":39,"key":"Regen Potion"}],"is_trial":false,"path_per_floor":["M","?","M","?","$","R","M","?","T","R","M","R","M","E","R","B",null,"M","M","?","?","M","E","M","R","T","M","M","R","M","M","R","B",null,"M","?","$","?","M","T","R","M","T","R","M","?","R","M","R","B",null],"character_chosen":"DEFECT","items_purchased":["Cold Snap","DataDisk","War Paint","Flash of Steel"],"campfire_rested":10,"item_purchase_floors":[5,37,37,37],"current_hp_per_floor":[73,55,46,43,43,69,69,69,69,69,66,89,89,61,87,53,80,68,50,50,50,32,13,13,39,39,37,37,63,49,47,73,41,77,77,67,67,67,60,60,86,74,74,89,89,89,89,75,89,52],"gold":10,"neow_bonus":"TWENTY_PERCENT_HP_BONUS","is_prod":false,"is_daily":false,"chose_seed":false,"campfire_upgraded":1,"win_rate":0,"timestamp":1541265896,"path_taken":["M","?","M","?","?","R","M","?","T","R","M","R","?","E","R","BOSS","M","M","?","?","?","E","M","R","T","M","M","R","M","M","R","BOSS","M","?","$","?","?","?","R","M","T","R","M","?","R","M","R","BOSS"],"build_version":"2018-11-01","purchased_purges":0,"victory":true,"max_hp_per_floor":[89,89,89,89,89,89,89,89,89,89,89,89,89,89,89,89,89,89,89,89,89,89,89,89,89,89,89,89,89,89,89,89,89,89,89,89,89,89,89,89,89,89,89,89,89,89,89,89,89,89],"card_choices":[{"not_picked":["Go for the Eyes","Turbo"],"picked":"Darkness","floor":1},{"not_picked":["Coolheaded","Redo"],"picked":"Ball Lightning","floor":3},{"not_picked":["Coolheaded","Buffer"],"picked":"Defragment","floor":7},{"not_picked":["Coolheaded","Go for the Eyes"],"picked":"Glacier","floor":11},{"not_picked":["Barrage","Steam Power"],"picked":"Genetic Algorithm","floor":13},{"not_picked":["Glacier","Rebound"],"picked":"Echo Form","floor":14},{"not_picked":["Echo Form","Fission"],"picked":"Machine Learning","floor":16},{"not_picked":["Beam Cell"],"picked":"SKIP","floor":18},{"not_picked":["Compile Driver"],"picked":"SKIP","floor":19},{"not_picked":["Hello World"],"picked":"SKIP","floor":22},{"not_picked":[],"picked":"Reinforced Body+1","floor":23},{"not_picked":[],"picked":"FTL","floor":24},{"not_picked":["Streamline+1"],"picked":"SKIP","floor":27},{"not_picked":["Steam Power+1"],"picked":"SKIP","floor":28},{"not_picked":["Rebound"],"picked":"SKIP","floor":30},{"not_picked":["Stack"],"picked":"SKIP","floor":31},{"not_picked":[],"picked":"Seek","floor":33},{"not_picked":["Rebound+1"],"picked":"SKIP","floor":35},{"not_picked":[],"picked":"Jack Of All Trades","floor":36},{"not_picked":[],"picked":"Chrysalis","floor":36},{"not_picked":["Heatsinks"],"picked":"SKIP","floor":39},{"not_picked":["Redo"],"picked":"SKIP","floor":42},{"not_picked":[],"picked":"Auto Shields","floor":45},{"not_picked":[],"picked":"Conserve Battery+1","floor":48}],"player_experience":384069,"relics_obtained":[{"floor":9,"key":"Ginger"},{"floor":14,"key":"Vajra"},{"floor":23,"key":"Anchor"},{"floor":26,"key":"Bottled Tornado"},{"floor":40,"key":"Bronze Scales"},{"floor":43,"key":"PreservedInsect"}],"event_choices":[{"damage_healed":0,"gold_gain":0,"player_choice":"Entered Light","damage_taken":18,"max_hp_gain":0,"max_hp_loss":0,"event_name":"Shining Light","floor":2,"gold_loss":0,"cards_upgraded":["Strike_B","Zap"]},{"damage_healed":0,"gold_gain":0,"player_choice":"Success","damage_taken":3,"relics_obtained":["Cables"],"max_hp_gain":0,"max_hp_loss":0,"event_name":"Scrap Ooze","floor":4,"gold_loss":0},{"cards_removed":["Strike_B"],"damage_healed":0,"gold_gain":0,"player_choice":"Purged","damage_taken":0,"max_hp_gain":0,"max_hp_loss":0,"event_name":"Purifier","floor":8,"gold_loss":0},{"damage_healed":0,"gold_gain":0,"player_choice":"Simplicity","damage_taken":0,"max_hp_gain":0,"max_hp_loss":0,"event_name":"Back to Basics","floor":20,"gold_loss":0,"cards_upgraded":["Strike_B","Strike_B","Defend_B","Defend_B","Defend_B","Defend_B"]},{"cards_removed":["Strike_B"],"damage_healed":0,"gold_gain":0,"player_choice":"Purged","damage_taken":0,"max_hp_gain":0,"max_hp_loss":0,"event_name":"Purifier","floor":21,"gold_loss":0},{"damage_healed":0,"gold_gain":0,"player_choice":"Memory 3","damage_taken":10,"max_hp_gain":0,"max_hp_loss":0,"event_name":"SensoryStone","floor":36,"gold_loss":0},{"damage_healed":0,"gold_gain":0,"player_choice":"Trade","damage_taken":0,"relics_obtained":["CultistMask"],"max_hp_gain":0,"max_hp_loss":0,"event_name":"FaceTrader","floor":38,"gold_loss":0},{"damage_healed":0,"gold_gain":0,"player_choice":"Paid","damage_taken":0,"relics_obtained":["Red Mask"],"max_hp_gain":0,"max_hp_loss":0,"event_name":"Tomb of Lord Red Mask","floor":46,"gold_loss":138}],"is_beta":false,"boss_relics":[{"not_picked":["Philosopher\u0027s Stone","Calling Bell"],"picked":"Busted Crown"},{"not_picked":["Tiny House","Runic Dome"],"picked":"Fusion Hammer"}],"items_purged_floors":[],"is_endless":false,"potions_floor_spawned":[7,16,22,24,27,30,33,39,42],"ascension_level":6}