{"gold_per_floor":[110,110,110,122,132,157,157,189,235,235,247,247],"floor_reached":12,"playtime":554,"items_purged":[],"score":145,"play_id":"7d874149-2c5e-4aa4-a856-319c5ecaeaad","local_time":"20190129045217","is_ascension_mode":true,"campfire_choices":[{"floor":7,"key":"REST"},{"data":"Metallicize","floor":10,"key":"SMITH"}],"neow_cost":"NONE","seed_source_timestamp":40245197681900,"circlet_count":0,"master_deck":["AscendersBane","Strike_R","Strike_R","Strike_R","Strike_R","Defend_R","Defend_R","Defend_R","Defend_R","Bash","Rage","Feel No Pain","Disarm","Metallicize+1","Burning Pact","Immolate"],"relics":["Burning Blood","FaceOfCleric","Frozen Egg 2","Bag of Marbles","Blood Vial"],"potions_floor_usage":[11],"damage_taken":[{"damage":5,"enemies":"2 Louse","floor":1,"turns":3},{"damage":10,"enemies":"Small Slimes","floor":4,"turns":6},{"damage":12,"enemies":"Cultist","floor":5,"turns":4},{"damage":54,"enemies":"Gremlin Nob","floor":6,"turns":6},{"damage":26,"enemies":"3 Sentries","floor":8,"turns":14},{"damage":10,"enemies":"Exordium Thugs","floor":11,"turns":3},{"damage":39,"enemies":"Lagavulin","floor":12,"turns":7}],"seed_played":"1010894418904539197","potions_obtained":[{"floor":1,"key":"SpeedPotion"},{"floor":4,"key":"SpeedPotion"},{"floor":8,"key":"Poison Potion"}],"is_trial":false,"path_per_floor":["M","?","?","M","M","E","R","E","T","R","M","E"],"character_chosen":"IRONCLAD","items_purchased":[],"campfire_rested":1,"item_purchase_floors":[],"current_hp_per_floor":[81,81,81,78,73,26,53,34,34,34,33,0],"gold":247,"neow_bonus":"TEN_PERCENT_HP_BONUS","is_prod":false,"is_daily":false,"chose_seed":false,"campfire_upgraded":1,"win_rate":0,"timestamp":1548733937,"path_taken":["M","?","?","M","M","E","R","E","T","R","?","E"],"build_version":"2019-01-23","purchased_purges":0,"victory":false,"max_hp_per_floor":[88,88,88,89,90,91,91,92,92,92,93,93],"card_choices":[{"not_picked":["Rage","Wild Strike","Sword Boomerang"],"picked":"SKIP","floor":1},{"not_picked":["Wild Strike","Sword Boomerang"],"picked":"Rage","floor":1},{"not_picked":["Shrug It Off","Uppercut"],"picked":"Disarm","floor":4},{"not_picked":["Armaments","Thunderclap"],"picked":"Metallicize","floor":5},{"not_picked":["Warcry","Cleave"],"picked":"Burning Pact","floor":6},{"not_picked":["Body Slam","Twin Strike"],"picked":"Immolate","floor":8},{"not_picked":["Cleave","Pummel","Perfected Strike"],"picked":"SKIP","floor":11}],"player_experience":263183,"relics_obtained":[{"floor":6,"key":"Frozen Egg 2"},{"floor":8,"key":"Bag of Marbles"},{"floor":9,"key":"Blood Vial"}],"event_choices":[{"damage_healed":0,"gold_gain":0,"cards_transformed":["Strike_R"],"player_choice":"Change","damage_taken":0,"max_hp_gain":0,"max_hp_loss":0,"event_name":"Living Wall","floor":2,"gold_loss":0,"cards_obtained":["Feel No Pain"]},{"damage_healed":0,"gold_gain":0,"player_choice":"Trade","damage_taken":0,"relics_obtained":["FaceOfCleric"],"max_hp_gain":0,"max_hp_loss":0,"event_name":"FaceTrader","floor":3,"gold_loss":0}],"is_beta":false,"boss_relics":[],"items_purged_floors":[],"is_endless":false,"potions_floor_spawned":[1,4,8],"killed_by":"Lagavulin","ascension_level":13}