{"gold_per_floor":[118,118,128,128,140,140,174,191,240,265,275,275,291,301,301,399,399,416,416,31,43,21,51,66,66,66,16,16,34,48,79,79,182,182,196,209,1208,1218,1265,1275,1275,1307,1307,1307,488,515,528,538,538,538],"floor_reached":51,"playtime":3584,"items_purged":["Shame","Normality"],"score":836,"play_id":"a3169559-2723-48a8-af50-c3a207091f61","local_time":"20190217225304","is_ascension_mode":false,"campfire_choices":[{"data":"Perfected Strike","floor":6,"key":"SMITH"},{"floor":12,"key":"REST"},{"data":"Uppercut","floor":15,"key":"SMITH"},{"data":"Chrysalis","floor":28,"key":"SMITH"},{"floor":32,"key":"REST"},{"data":"Reaper","floor":44,"key":"SMITH"},{"floor":49,"key":"REST"}],"neow_cost":"NONE","seed_source_timestamp":542219808481093,"circlet_count":0,"master_deck":["Strike_R","Strike_R","Strike_R+1","Strike_R","Strike_R","Defend_R","Defend_R","Defend_R","Defend_R","Bash+1","Cleave","Perfected Strike+1","Iron Wave","Perfected Strike+1","Clothesline","Dropkick","Clothesline","Infernal Blade","Uppercut+1","Juggernaut","Entrench","Chrysalis+1","Carnage","Cleave+1","Shrug It Off","Rampage+1","Intimidate+1","Perfected Strike","Cleave","Wild Strike","Impervious","Sword Boomerang+1","Searing Blow+1","Normality","Cleave+1","Uppercut+1","Impervious","Reaper+1","Pain","Iron Wave","Wild Strike","Clothesline+1","Heavy Blade"],"relics":["Snecko Eye","Self Forming Clay","Boot","Smiling Mask","Red Skull","Mark of Pain","Blood Vial","Bronze Scales","Mercury Hourglass","Unceasing Top","Anchor","Cursed Key","Ice Cream","Sundial","Question Card","Shuriken","FossilizedHelix","OrangePellets","Lantern"],"potions_floor_usage":[13,16,29,33,38,39,47,50],"damage_taken":[{"damage":7,"enemies":"Small Slimes","floor":1,"turns":3},{"damage":0,"enemies":"Jaw Worm","floor":3,"turns":2},{"damage":7,"enemies":"2 Louse","floor":5,"turns":3},{"damage":13,"enemies":"3 Sentries","floor":7,"turns":4},{"damage":0,"enemies":"Exordium Thugs","floor":8,"turns":1},{"damage":0,"enemies":"Lagavulin","floor":10,"turns":2},{"damage":0,"enemies":"Red Slaver","floor":11,"turns":1},{"damage":0,"enemies":"2 Fungi Beasts","floor":13,"turns":2},{"damage":4,"enemies":"3 Louse","floor":14,"turns":2},{"damage":4,"enemies":"Hexaghost","floor":16,"turns":5},{"damage":1,"enemies":"Chosen","floor":18,"turns":3},{"damage":10,"enemies":"Spheric Guardian","floor":21,"turns":3},{"damage":27,"enemies":"Slavers","floor":23,"turns":4},{"damage":4,"enemies":"Centurion and Healer","floor":24,"turns":4},{"damage":1,"enemies":"Chosen and Byrds","floor":29,"turns":3},{"damage":0,"enemies":"Snake Plant","floor":30,"turns":1},{"damage":12,"enemies":"Book of Stabbing","floor":31,"turns":4},{"damage":61,"enemies":"Automaton","floor":33,"turns":8},{"damage":6,"enemies":"3 Shapes","floor":35,"turns":2},{"damage":23,"enemies":"3 Darklings","floor":36,"turns":3},{"damage":6,"enemies":"Transient","floor":38,"turns":5},{"damage":42,"enemies":"2 Orb Walkers","floor":39,"turns":4},{"damage":0,"enemies":"Sphere and 2 Shapes","floor":40,"turns":3},{"damage":1,"enemies":"Reptomancer","floor":42,"turns":3},{"damage":42,"enemies":"Giant Head","floor":46,"turns":7},{"damage":10,"enemies":"Writhing Mass","floor":47,"turns":3},{"damage":5,"enemies":"4 Shapes","floor":48,"turns":4},{"damage":48,"enemies":"Donu and Deca","floor":50,"turns":7}],"seed_played":"-3949752943577950081","potions_obtained":[{"floor":1,"key":"SteroidPotion"},{"floor":8,"key":"Weak Potion"},{"floor":11,"key":"PowerPotion"},{"floor":21,"key":"Swift Potion"},{"floor":29,"key":"Ancient Potion"},{"floor":33,"key":"SpeedPotion"},{"floor":36,"key":"Swift Potion"},{"floor":38,"key":"Fire Potion"},{"floor":39,"key":"SteroidPotion"},{"floor":47,"key":"Swift Potion"}],"is_trial":false,"path_per_floor":["M","?","M","?","M","R","E","M","T","E","M","R","M","M","R","B",null,"M","?","$","M","$","E","M","?","T","$","R","M","M","E","R","B",null,"M","M","?","M","?","M","?","E","T","R","$","E","M","M","R","B",null],"character_chosen":"IRONCLAD","items_purchased":["Chrysalis","Carnage","Blood Vial","Shrug It Off","Shuriken","FossilizedHelix","OrangePellets","Iron Wave"],"campfire_rested":3,"item_purchase_floors":[20,20,20,22,45,45,45,45],"current_hp_per_floor":[73,66,66,50,43,43,30,30,30,30,30,54,54,50,50,46,80,79,79,79,70,70,45,43,43,43,43,43,44,46,36,60,1,80,74,53,53,49,9,11,70,69,69,69,69,46,43,43,64,18],"gold":538,"neow_bonus":"BOSS_RELIC","is_prod":false,"is_daily":false,"chose_seed":false,"campfire_upgraded":4,"win_rate":0.0,"timestamp":1550415184,"path_taken":["M","?","M","?","M","R","E","M","T","E","M","R","M","M","R","BOSS","M","?","$","M","?","E","?","?","T","$","R","M","M","E","R","BOSS","M","M","?","M","?","M","?","E","T","R","$","E","M","M","R","BOSS"],"build_version":"2019-01-23","purchased_purges":2,"victory":true,"max_hp_per_floor":[80,80,80,80,80,80,80,80,80,80,80,80,80,80,80,80,80,80,80,80,80,80,80,80,80,80,80,80,80,80,80,80,80,80,80,80,80,80,80,80,70,70,70,70,70,70,70,70,70,70],"card_choices":[{"not_picked":["Sever Soul","Evolve"],"picked":"Cleave","floor":1},{"not_picked":["Wild Strike","Combust"],"picked":"Perfected Strike","floor":3},{"not_picked":["Sword Boomerang","Disarm"],"picked":"Iron Wave","floor":5},{"not_picked":["Armaments","Clash"],"picked":"Perfected Strike","floor":7},{"not_picked":["Twin Strike","Second Wind"],"picked":"Clothesline","floor":8},{"not_picked":["Warcry","Iron Wave"],"picked":"Dropkick","floor":10},{"not_picked":["Cleave","Sword Boomerang"],"picked":"Clothesline","floor":11},{"not_picked":["Double Tap","Rampage"],"picked":"Infernal Blade","floor":13},{"not_picked":["Blood for Blood","Clash"],"picked":"Uppercut","floor":14},{"not_picked":["Feed","Berserk"],"picked":"Juggernaut","floor":16},{"not_picked":["Havoc","Sever Soul"],"picked":"Entrench","floor":18},{"not_picked":["Headbutt","True Grit"],"picked":"Cleave+1","floor":21},{"not_picked":["Body Slam","Juggernaut"],"picked":"Rampage+1","floor":23},{"not_picked":["Flex","Cleave+1"],"picked":"Intimidate+1","floor":24},{"not_picked":["True Grit","Whirlwind"],"picked":"Perfected Strike","floor":29},{"not_picked":["Sword Boomerang","Clash"],"picked":"Cleave","floor":30},{"not_picked":["Seeing Red+1","Sword Boomerang"],"picked":"Wild Strike","floor":31},{"not_picked":["Immolate","Dark Embrace"],"picked":"Impervious","floor":33},{"not_picked":["Twin Strike","Warcry+1"],"picked":"Sword Boomerang+1","floor":35},{"not_picked":["Sever Soul","Twin Strike+1"],"picked":"Searing Blow+1","floor":36},{"not_picked":["Shrug It Off","Havoc"],"picked":"Cleave+1","floor":38},{"not_picked":["Warcry+1","Cleave"],"picked":"Uppercut+1","floor":39},{"not_picked":["Pommel Strike+1","Headbutt"],"picked":"Impervious","floor":40},{"not_picked":["Fire Breathing","Impervious"],"picked":"Reaper","floor":42},{"not_picked":["Armaments+1","Warcry+1","True Grit+1"],"picked":"Wild Strike","floor":46},{"not_picked":["True Grit","Juggernaut","Sword Boomerang"],"picked":"Clothesline+1","floor":47},{"not_picked":["Power Through","Shrug It Off+1","Sever Soul"],"picked":"Heavy Blade","floor":48}],"player_experience":95990,"relics_obtained":[{"floor":7,"key":"Boot"},{"floor":9,"key":"Smiling Mask"},{"floor":10,"key":"Red Skull"},{"floor":23,"key":"Bronze Scales"},{"floor":26,"key":"Unceasing Top"},{"floor":31,"key":"Anchor"},{"floor":39,"key":"Ice Cream"},{"floor":42,"key":"Sundial"},{"floor":43,"key":"Question Card"},{"floor":46,"key":"Lantern"}],"event_choices":[{"damage_healed":0,"gold_gain":0,"player_choice":"Success","damage_taken":7,"relics_obtained":["Self Forming Clay"],"max_hp_gain":0,"max_hp_loss":0,"event_name":"Scrap Ooze","floor":2,"gold_loss":0},{"damage_healed":0,"gold_gain":0,"player_choice":"Entered Light","damage_taken":16,"max_hp_gain":0,"max_hp_loss":0,"event_name":"Shining Light","floor":4,"gold_loss":0,"cards_upgraded":["Bash","Strike_R"]},{"damage_healed":0,"gold_gain":0,"player_choice":"Upgraded","damage_taken":0,"max_hp_gain":0,"max_hp_loss":0,"event_name":"Upgrade Shrine","floor":19,"gold_loss":0,"cards_upgraded":["Perfected Strike"]},{"damage_healed":0,"gold_gain":0,"player_choice":"Stole Relic","damage_taken":0,"relics_obtained":["Mercury Hourglass"],"max_hp_gain":0,"max_hp_loss":0,"event_name":"Addict","floor":25,"gold_loss":0,"cards_obtained":["Shame"]},{"damage_healed":0,"gold_gain":999,"player_choice":"Gold","damage_taken":0,"max_hp_gain":0,"max_hp_loss":0,"event_name":"MindBloom","floor":37,"gold_loss":0,"cards_obtained":["Normality","Normality"]},{"damage_healed":0,"gold_gain":0,"player_choice":"Fight","damage_taken":0,"max_hp_gain":0,"max_hp_loss":0,"event_name":"Mysterious Sphere","floor":39,"gold_loss":0},{"damage_healed":70,"gold_gain":0,"player_choice":"Heal","damage_taken":0,"max_hp_gain":0,"max_hp_loss":10,"event_name":"The Moai Head","floor":41,"gold_loss":0}],"is_beta":false,"boss_relics":[{"not_picked":["White Beast Statue","Runic Dome"],"picked":"Mark of Pain"},{"not_picked":["Empty Cage","Busted Crown"],"picked":"Cursed Key"}],"items_purged_floors":[27,45],"is_endless":false,"potions_floor_spawned":[1,8,11,21,29,33,36,38,39,47,48],"ascension_level":0}