{"gold_per_floor":[115,115,115,130,130,143,176,176,224,243,263,282,313,187,187,311,311],"floor_reached":17,"playtime":564,"items_purged":["Strike_B"],"score":167,"play_id":"38ffc019-15fb-4d9b-823e-6ad89731a216","local_time":"20181006230459","is_ascension_mode":false,"campfire_choices":[{"data":"Hello World","floor":8,"key":"SMITH"},{"floor":15,"key":"REST"}],"neow_cost":"NONE","seed_source_timestamp":1165595566066390,"circlet_count":0,"master_deck":["Strike_B","Strike_B","Strike_B","Defend_B","Defend_B","Defend_B","Defend_B","Zap","Dualcast","BootSequence","Hello World+1","Electrodynamics","Defragment"],"relics":["Cracked Core","NeowsBlessing","Omamori","Golden Idol","Strawberry","Smiling Mask","Shuriken","Coffee Dripper"],"potions_floor_usage":[13],"damage_taken":[{"damage":0,"enemies":"Jaw Worm","floor":1,"turns":1},{"damage":0,"enemies":"Small Slimes","floor":4,"turns":1},{"damage":0,"enemies":"2 Louse","floor":6,"turns":1},{"damage":9,"enemies":"Gremlin Nob","floor":7,"turns":4},{"damage":0,"enemies":"Looter","floor":10,"turns":3},{"damage":0,"enemies":"3 Louse","floor":11,"turns":3},{"damage":13,"enemies":"Exordium Wildlife","floor":12,"turns":6},{"damage":31,"enemies":"Lagavulin","floor":13,"turns":5},{"damage":21,"enemies":"Slime Boss","floor":16,"turns":6}],"seed_played":"-8434075850702280912","potions_obtained":[{"floor":4,"key":"SpeedPotion"},{"floor":7,"key":"Poison Potion"},{"floor":12,"key":"EssenceOfSteel"},{"floor":16,"key":"FocusPotion"}],"is_trial":false,"path_per_floor":["M","?","?","M","?","M","E","R","T","M","M","M","E","$","R","B"],"character_chosen":"DEFECT","items_purchased":["Defragment"],"campfire_rested":1,"item_purchase_floors":[14],"current_hp_per_floor":[75,68,68,68,50,50,48,48,48,48,48,35,4,4,28,7,82],"gold":311,"neow_bonus":"THREE_ENEMY_KILL","is_prod":false,"is_daily":false,"chose_seed":false,"campfire_upgraded":1,"win_rate":0,"timestamp":1538859899,"path_taken":["M","?","?","?","?","M","E","R","T","M","M","M","E","$","R","BOSS"],"build_version":"2018-10-04v2","purchased_purges":1,"victory":false,"max_hp_per_floor":[75,75,75,75,75,75,82,82,82,82,82,82,82,82,82,82,82],"card_choices":[{"not_picked":["Streamline","Steam"],"picked":"BootSequence","floor":1},{"not_picked":["Sweeping Beam","Beam Cell","Streamline"],"picked":"SKIP","floor":4},{"not_picked":["Cold Snap","Undo","Redo"],"picked":"SKIP","floor":6},{"not_picked":["Double Energy","Beam Cell"],"picked":"Hello World","floor":7},{"not_picked":["Stack","Streamline","Conserve Battery"],"picked":"SKIP","floor":10},{"not_picked":["Turbo","Hologram","Go for the Eyes"],"picked":"SKIP","floor":11},{"not_picked":["Cold Snap","Conserve Battery"],"picked":"Electrodynamics","floor":12},{"not_picked":["Redo","Conserve Battery","Scrape"],"picked":"SKIP","floor":13}],"player_experience":223997,"relics_obtained":[{"floor":7,"key":"Strawberry"},{"floor":9,"key":"Smiling Mask"},{"floor":13,"key":"Shuriken"}],"event_choices":[{"event_name":"Scrap Ooze","player_choice":"success","floor":2,"damage_taken":7},{"event_name":"The Cleric","player_choice":"Leave","floor":3,"damage_taken":0},{"event_name":"Golden Idol","player_choice":"Take Damage","floor":5,"damage_taken":0}],"is_beta":false,"boss_relics":[{"not_picked":["Eternal Feather","Tiny House"],"picked":"Coffee Dripper"}],"items_purged_floors":[14],"is_endless":false,"potions_floor_spawned":[4,7,12,16],"ascension_level":0}