{"path_per_floor":["M","?","?","M","M","R","T","$","T","M","R","E","M","M","R","B",null,"M","$","?","?","$","R","M","E","T","R","?","E","M","M","R","B",null,"M","$","?","?","M","R","E","R","T","M","?","R","M","M","R","B"],"character_chosen":"IRONCLAD","items_purchased":["Lantern","Gremlin Horn"],"gold_per_floor":[116,191,191,210,227,227,253,28,105,117,117,152,164,174,174,275,275,293,193,193,193,68,68,85,111,111,111,142,170,184,197,197,292,292,307,50,50,50,69,69,98,98,124,143,365,365,376,390,390,390],"floor_reached":51,"campfire_rested":1,"playtime":1674,"current_hp_per_floor":[35,24,24,24,29,29,29,29,39,42,69,75,68,74,74,26,74,76,76,58,42,42,42,44,43,43,43,51,40,44,48,48,52,84,93,93,83,83,66,66,74,74,74,78,78,78,82,78,78,51],"items_purged":["Defend_R","Blood for Blood","Twin Strike"],"gold":390,"score":1241,"play_id":"7f5e550c-1be0-4f3c-a2da-82d826ae52fd","local_time":"20180519230434","is_prod":false,"is_daily":false,"chose_seed":false,"is_ascension_mode":true,"campfire_upgraded":9,"timestamp":1526763874,"campfire_choices":[{"data":"Flex","floor":6,"key":"SMITH"},{"floor":11,"key":"REST"},{"data":"Rampage","floor":15,"key":"SMITH"},{"data":"Offering","floor":23,"key":"SMITH"},{"data":"Double Tap","floor":27,"key":"SMITH"},{"data":"Carnage","floor":32,"key":"SMITH"},{"data":"Deep Breath","floor":40,"key":"SMITH"},{"data":"Pommel Strike","floor":42,"key":"SMITH"},{"data":"Pommel Strike","floor":46,"key":"SMITH"},{"data":"Jack Of All Trades","floor":49,"key":"SMITH"}],"path_taken":["M","?","?","M","M","R","?","$","T","?","R","E","M","M","R","BOSS","M","$","?","?","$","R","M","E","T","R","?","E","M","?","R","BOSS","M","$","?","?","M","R","E","R","T","M","?","R","M","M","R","BOSS"],"build_version":"2018-05-17","seed_source_timestamp":5218230331816,"purchased_purges":3,"victory":true,"master_deck":["Flex+1","Battle Trance","Thunderclap","Rampage+1","Double Tap+1","Pommel Strike+1","Offering+1","Pommel Strike+1","Dropkick","Pummel","Iron Wave","Carnage+1","Thunderclap","Metallicize+1","Pommel Strike+1","Jack Of All Trades+1","Deep Breath+1","Dropkick+1"],"max_hp_per_floor":[80,80,80,80,80,80,80,80,90,90,90,90,90,90,90,90,90,90,90,95,95,95,95,95,95,95,95,95,95,95,95,95,95,95,95,95,95,95,95,95,95,95,95,95,95,95,95,95,95,95],"relics":["Burning Blood","Ginger","Omamori","Ancient Tea Set","Lantern","Pear","Calipers","Pandora\u0027s Box","Necronomicon","Vajra","Blood Vial","Red Mask","Regal Pillow","Astrolabe","Gremlin Horn","Pen Nib","Juzu Bracelet"],"card_choices":[{"not_picked":["Clash","Wild Strike"],"picked":"Flex","floor":1},{"not_picked":["Body Slam","Cleave"],"picked":"Battle Trance","floor":4},{"not_picked":["Headbutt","Clothesline"],"picked":"Thunderclap","floor":5},{"not_picked":["Blood for Blood","Clash"],"picked":"Rampage","floor":10},{"not_picked":["Flex","Infernal Blade","Sever Soul"],"picked":"SKIP","floor":12},{"not_picked":["Cleave","Flex"],"picked":"Double Tap","floor":13},{"not_picked":["Reckless Charge","Shrug It Off"],"picked":"Pommel Strike","floor":14},{"not_picked":["Juggernaut","Double Tap"],"picked":"Offering","floor":16},{"not_picked":["Perfected Strike","Metallicize","Seeing Red"],"picked":"SKIP","floor":18},{"not_picked":["Iron Wave","Combust+1","Power Through+1"],"picked":"SKIP","floor":24},{"not_picked":["Hemokinesis","Corruption"],"picked":"Carnage","floor":25},{"not_picked":["Dual Wield","Combust+1"],"picked":"Thunderclap","floor":29},{"not_picked":["Wild Strike","Warcry","Clothesline+1"],"picked":"SKIP","floor":30},{"not_picked":["Body Slam","Impervious","Intimidate"],"picked":"SKIP","floor":31},{"not_picked":["Fire Breathing+1","Sword Boomerang","Body Slam"],"picked":"SKIP","floor":35},{"not_picked":["Swift Strike","Mind Blast"],"picked":"Jack Of All Trades","floor":37},{"not_picked":["Purity","Thinking Ahead"],"picked":"Deep Breath","floor":37},{"not_picked":["Shockwave+1","Clash+1","Sword Boomerang"],"picked":"SKIP","floor":39},{"not_picked":["Headbutt","Thunderclap+1","Sword Boomerang+1"],"picked":"SKIP","floor":41},{"not_picked":["Thunderclap+1","Reckless Charge","Carnage"],"picked":"SKIP","floor":44},{"not_picked":["Iron Wave","True Grit+1","Clothesline+1"],"picked":"SKIP","floor":47},{"not_picked":["Clash","Warcry+1"],"picked":"Dropkick+1","floor":48}],"player_experience":120366,"potions_floor_usage":[12,12,16,16,50],"damage_taken":[{"damage":7,"enemies":"Jaw Worm","floor":1,"turns":3},{"damage":6,"enemies":"2 Louse","floor":4,"turns":3},{"damage":1,"enemies":"Cultist","floor":5,"turns":3},{"damage":3,"enemies":"3 Louse","floor":10,"turns":3},{"damage":0,"enemies":"Lagavulin","floor":12,"turns":1},{"damage":13,"enemies":"Exordium Thugs","floor":13,"turns":3},{"damage":0,"enemies":"Blue Slaver","floor":14,"turns":1},{"damage":54,"enemies":"The Guardian","floor":16,"turns":9},{"damage":4,"enemies":"Spheric Guardian","floor":18,"turns":1},{"damage":4,"enemies":"Chosen","floor":24,"turns":1},{"damage":7,"enemies":"Slavers","floor":25,"turns":2},{"damage":0,"enemies":"Masked Bandits","floor":28,"turns":2},{"damage":19,"enemies":"Gremlin Leader","floor":29,"turns":2},{"damage":4,"enemies":"Sentry and Sphere","floor":30,"turns":1},{"damage":4,"enemies":"Cultist and Chosen","floor":31,"turns":1},{"damage":4,"enemies":"Collector","floor":33,"turns":2},{"damage":8,"enemies":"Orb Walker","floor":35,"turns":2},{"damage":29,"enemies":"3 Shapes","floor":39,"turns":2},{"damage":0,"enemies":"Nemesis","floor":41,"turns":1},{"damage":4,"enemies":"Maw","floor":44,"turns":2},{"damage":4,"enemies":"3 Darklings","floor":47,"turns":1},{"damage":12,"enemies":"Sphere and 2 Shapes","floor":48,"turns":1},{"damage":35,"enemies":"Awakened One","floor":50,"turns":3}],"relics_obtained":[{"floor":7,"key":"Ancient Tea Set"},{"floor":9,"key":"Pear"},{"floor":12,"key":"Calipers"},{"floor":21,"key":"Necronomicon"},{"floor":25,"key":"Vajra"},{"floor":26,"key":"Blood Vial"},{"floor":28,"key":"Red Mask"},{"floor":29,"key":"Regal Pillow"},{"floor":41,"key":"Pen Nib"},{"floor":43,"key":"Juzu Bracelet"}],"event_choices":[{"event_name":"World of Goop","player_choice":"Gather Gold","floor":2,"damage_taken":0},{"event_name":"Accursed Blacksmith","player_choice":"Rummage","floor":3,"damage_taken":0},{"event_name":"Forgotten Altar","player_choice":"Shed Blood","floor":20,"damage_taken":0},{"event_name":"Cursed Tome","player_choice":"Obtained Book","floor":21,"damage_taken":0},{"event_name":"Masked Bandits","player_choice":"Fought over 111 gold","floor":28,"damage_taken":0},{"event_name":"SensoryStone","player_choice":"Memory 3","floor":37,"damage_taken":0},{"event_name":"Purifier","player_choice":"One Purge","floor":38,"damage_taken":0},{"event_name":"Tomb of Lord Red Mask","player_choice":"Wore Mask","floor":45,"damage_taken":0}],"boss_relics":[{"not_picked":["Snecko Eye","Runic Pyramid"],"picked":"Pandora\u0027s Box"},{"not_picked":["White Beast Statue","Lizard Tail"],"picked":"Astrolabe"}],"potions_floor_spawned":[4,5,10,14,16,24,29,30,44,48],"seed_played":"6031098150346970105","ascension_level":8,"potions_obtained":[{"floor":4,"key":"Swift Potion"},{"floor":5,"key":"SkillPotion"},{"floor":10,"key":"SteroidPotion"},{"floor":14,"key":"LiquidBronze"},{"floor":16,"key":"FearPotion"},{"floor":24,"key":"Explosive Potion"},{"floor":29,"key":"Swift Potion"}],"is_trial":false}