{"gold_per_floor":[114,114,114,133,133,171,55,55,80,118,118,82,120,139,139,264,264,283,208,208,123,161,199,218,256,306,325,325,21,21,40,40,165,165,184,184,14,14,33,71,18,56,106,125,144,163,201,220,274,274],"floor_reached":51,"playtime":3176,"items_purged":[],"score":1811,"play_id":"4e8264db-d350-4f0f-beba-b20554131272","local_time":"20190107021607","daily_mods":["Cursed Run","Hoarder","DeadlyEvents"],"is_ascension_mode":false,"campfire_choices":[{"data":"Zap","floor":8,"key":"SMITH"},{"data":"Dualcast","floor":11,"key":"SMITH"},{"floor":15,"key":"REST"},{"data":"Redo","floor":28,"key":"SMITH"},{"floor":30,"key":"REST"},{"floor":32,"key":"DIG"}],"neow_cost":"","seed_source_timestamp":239582138575827,"circlet_count":0,"master_deck":["Strike_B","Strike_B","Strike_B","Strike_B","Defend_B","Defend_B","Defend_B","Defend_B","Zap+1","Dualcast+1","Cold Snap","Cold Snap","Cold Snap","Storm","Storm","Ball Lightning","Ball Lightning","Ball Lightning","Sweeping Beam","Sweeping Beam","Sweeping Beam","Sweeping Beam","Sweeping Beam","Sweeping Beam","ReplayTheSpireMod:Calculation Training","ReplayTheSpireMod:Calculation Training","ReplayTheSpireMod:Calculation Training","Chill","Chill","Chill","Melter","Melter","Melter","Stack","Stack","Stack","Loop","Loop","Loop","SwitchThreat","SwitchThreat","SwitchThreat","Mirror Shield","Mirror Shield","Mirror Shield","Heatsinks","Heatsinks","Heatsinks","Go for the Eyes","Go for the Eyes","Go for the Eyes","Hologram","Hologram","Hologram","Conserve Battery","Conserve Battery","Conserve Battery","Go for the Eyes","Go for the Eyes","Go for the Eyes","Doubt","Doubt","Doubt","ReplayTheSpireMod:Faulty Equipment","ReplayTheSpireMod:Faulty Equipment","ReplayTheSpireMod:Faulty Equipment","Redo+1","Redo","Redo","Go for the Eyes","Go for the Eyes","Go for the Eyes","Redo","Redo","Redo","Hallucinations","Hallucinations","Hallucinations","Sunder","Sunder","Sunder","Beam Cell","Beam Cell","Beam Cell","Gash","Gash","Gash","Pot Of Greed","Pot Of Greed","Pot Of Greed","Pot Of Greed","Pot Of Greed","Pot Of Greed","Pot Of Greed","Pot Of Greed","Pot Of Greed","Pot Of Greed","Pot Of Greed","Pot Of Greed","Pot Of Greed","Pot Of Greed","Pot Of Greed","Pot Of Greed","Pot Of Greed","Pot Of Greed","Pot Of Greed","Pot Of Greed","Pot Of Greed","Pot Of Greed","Pot Of Greed","Pot Of Greed","Doubt","Doubt","Doubt","Creative AI","Creative AI","Creative AI","FTL+1","FTL+1","FTL+1","Mind Blast","Mind Blast","Mind Blast","Static Discharge","Static Discharge","Static Discharge","Streamline","Streamline","Streamline","Streamline","Streamline","Streamline","Ball Lightning+1","Ball Lightning+1","Ball Lightning+1","Finesse","Finesse","Finesse","Pot Of Greed","Pot Of Greed","Pot Of Greed","Jack Of All Trades","Jack Of All Trades","Jack Of All Trades","Mayhem","Mayhem","Mayhem","Auto Shields+1","Auto Shields+1","Auto Shields+1","Sweeping Beam+1","Sweeping Beam+1","Sweeping Beam+1","Beam Cell","Beam Cell","Beam Cell","Beam Cell+1","Beam Cell+1","Beam Cell+1","Decay","Decay","Decay","Chill","Chill","Chill","Gash","Gash","Gash","Gash+1","Gash+1","Gash+1","Echo Form","Echo Form","Echo Form","Go for the Eyes","Go for the Eyes","Go for the Eyes","Pot Of Greed","Pot Of Greed","Pot Of Greed","Gash+1","Gash+1","Gash+1","Hallucinations","Hallucinations","Hallucinations"],"special_seed":17902,"relics":["Cursed Key","Darkstone Periapt","Du-Vu Doll","Golden Idol","Blood Vial","Mango","Replay:Rubber Ducky","Question Card","Regal Pillow","Orrery","Ancient Bracer","Pantograph","Solar Panel","Replay:Ringing Soul","Blue Doll","Divine Protection","Grinning Jar","Fusion Hammer","Bag of Marbles","Strawberry","Bronze Scales","Letter Opener","Incense Burner"],"potions_floor_usage":[],"damage_taken":[{"damage":1,"enemies":"Jaw Worm","floor":1,"turns":3},{"damage":5,"enemies":"2 Louse","floor":4,"turns":2},{"damage":24,"enemies":"3 Sentries","floor":6,"turns":8},{"damage":8,"enemies":"Gremlin Nob","floor":10,"turns":3},{"damage":21,"enemies":"Lagavulin","floor":13,"turns":4},{"damage":0,"enemies":"Small Slimes","floor":14,"turns":1},{"damage":21,"enemies":"Hexaghost","floor":16,"turns":7},{"damage":6,"enemies":"Chosen","floor":18,"turns":5},{"damage":8,"enemies":"Gremlin Leader","floor":22,"turns":6},{"damage":25,"enemies":"Replay:Snechameleon","floor":23,"turns":8},{"damage":4,"enemies":"Spheric Guardian","floor":24,"turns":3},{"damage":40,"enemies":"Slavers","floor":25,"turns":6},{"damage":9,"enemies":"3 Cultists","floor":27,"turns":4},{"damage":18,"enemies":"Centurion and Healer","floor":31,"turns":4},{"damage":0,"enemies":"Pondfish","floor":33,"turns":9},{"damage":0,"enemies":"3 Shapes","floor":35,"turns":3},{"damage":0,"enemies":"Orb Walker","floor":39,"turns":1},{"damage":0,"enemies":"Nemesis","floor":40,"turns":1},{"damage":0,"enemies":"Reptomancer","floor":42,"turns":1},{"damage":0,"enemies":"Jaw Worm Horde","floor":44,"turns":1},{"damage":0,"enemies":"Sphere and 2 Shapes","floor":45,"turns":1},{"damage":0,"enemies":"Writhing Mass","floor":46,"turns":1},{"damage":0,"enemies":"Nemesis","floor":47,"turns":1},{"damage":0,"enemies":"Spire Growth","floor":48,"turns":1},{"damage":0,"enemies":"2 Orb Walkers","floor":49,"turns":1},{"damage":0,"enemies":"Time Eater","floor":50,"turns":1}],"seed_played":"7362796189856692124","potions_obtained":[{"floor":1,"key":"Adrenaline Potion"},{"floor":10,"key":"Poison Potion"},{"floor":14,"key":"GamblersBrew"},{"floor":18,"key":"Slimebound:SlimedPotion"},{"floor":39,"key":"Slimebound:ThreeZeroPotion"}],"is_trial":false,"path_per_floor":["M","?","?","M","?","E","$","R","T","E","R","$","E","M","R","B",null,"M","?","?","?","E","E","M","E","T","M","R","$","R","M","R","B",null,"M","?","$","?","M","E","$","E","T","M","M","M","E","M","R","B",null],"character_chosen":"DEFECT","items_purchased":["Sweeping Beam","ReplayTheSpireMod:Calculation Training","Melter","Divine Protection","Beam Cell","Mind Blast","Static Discharge","Streamline","Ball Lightning+1","Beam Cell"],"campfire_rested":2,"item_purchase_floors":[7,7,12,29,29,37,37,37,37,41],"current_hp_per_floor":[74,69,66,63,56,48,48,48,54,48,48,48,29,31,72,59,95,89,89,101,101,95,72,76,45,54,50,50,53,105,96,99,135,140,143,143,146,139,144,149,152,164,173,178,183,186,189,192,195,204],"gold":274,"neow_bonus":"","is_prod":false,"is_daily":true,"chose_seed":false,"campfire_upgraded":3,"win_rate":0,"timestamp":1546820167,"path_taken":["M","?","?","M","?","E","$","R","T","?","R","?","E","M","R","BOSS","M","?","?","?","?","E","M","E","T","M","R","$","R","?","R","BOSS","M","?","$","?","M","E","?","?","T","?","M","M","E","?","R","BOSS"],"build_version":"2019-01-03v4","purchased_purges":0,"victory":true,"max_hp_per_floor":[75,69,69,69,69,83,83,83,89,89,89,89,89,89,89,95,95,95,95,107,107,107,107,107,110,119,122,122,125,125,128,131,140,140,143,143,146,149,152,155,158,168,177,180,183,186,189,192,195,204],"card_choices":[{"not_picked":["Turbo","Compile Driver"],"picked":"Cold Snap","floor":1},{"not_picked":["Stack","ReplayTheSpireMod:GoodbyeWorld"],"picked":"Storm","floor":4},{"not_picked":["Consume","Conserve Battery"],"picked":"Ball Lightning","floor":6},{"not_picked":["Rebound","BasicCrystalCard"],"picked":"Chill","floor":10},{"not_picked":["Static Discharge","Scrape","Storm"],"picked":"Stack","floor":13},{"not_picked":["Hello World","Beam Cell","Compile Driver"],"picked":"Loop","floor":14},{"not_picked":["Hyperbeam","Rainbow","ReplayTheSpireMod:Omega Cannon"],"picked":"Mirror Shield","floor":16},{"not_picked":["BasicCrystalCard","Conserve Battery","Steam"],"picked":"Heatsinks","floor":17},{"not_picked":["Ball Lightning","Barrage","Tempest"],"picked":"Go for the Eyes","floor":17},{"not_picked":["Steam","Panic Button","BootSequence"],"picked":"Hologram","floor":17},{"not_picked":["Compile Driver","Turbo","Stack"],"picked":"Conserve Battery","floor":17},{"not_picked":["Multi-Cast","Stack","Hologram"],"picked":"Go for the Eyes","floor":17},{"not_picked":["Turbo","Stack","Reinforced Body","BasicCrystalCard"],"picked":"SKIP","floor":18},{"not_picked":["Capacitor","Coolheaded","Double Energy"],"picked":"Redo","floor":22},{"not_picked":["Steam Power","Coolheaded+1","Barrage"],"picked":"Go for the Eyes","floor":23},{"not_picked":["Auto Shields","Rebound","Darkness+1","Reinforced Body"],"picked":"SKIP","floor":24},{"not_picked":["Thunder Strike","Static Discharge","Reinforced Body"],"picked":"Redo","floor":25},{"not_picked":["Rebound","Leap+1","FIFO Queue+1"],"picked":"Sunder","floor":27},{"not_picked":["Barrage","Go for the Eyes","Conserve Battery"],"picked":"Gash","floor":31},{"not_picked":["ReplayRNGCard","Reboot","Fission"],"picked":"Creative AI","floor":33},{"not_picked":["Rebound","Ball Lightning","ReplayGash"],"picked":"FTL+1","floor":35},{"not_picked":["Poisoned Strike","Flash of Steel","Purity"],"picked":"Finesse","floor":38},{"not_picked":["Metamorphosis","Replay:Sssssssssshield","Chrysalis"],"picked":"Jack Of All Trades","floor":38},{"not_picked":["Impatience","Bandage Up","Survey Options"],"picked":"Mayhem","floor":38},{"not_picked":["Blizzard+1","BasicCrystalCard","Aggregate+1"],"picked":"Auto Shields+1","floor":39},{"not_picked":["Turbo","Heatsinks","Ball Lightning"],"picked":"Sweeping Beam+1","floor":40},{"not_picked":["ReplaySort+1","Heatsinks","ReplayRNGCard"],"picked":"Beam Cell+1","floor":42},{"not_picked":["Skim","Undo+1","Barrage+1"],"picked":"Chill","floor":44},{"not_picked":["Force Field","Barrage+1","ReplaySort+1"],"picked":"Gash","floor":45},{"not_picked":["Leap","Rebound","Barrage"],"picked":"Gash+1","floor":46},{"not_picked":["Compile Driver+1","Conserve Battery","Loop"],"picked":"Echo Form","floor":47},{"not_picked":["Reprogram+1","ReplayTheSpireMod:GoodbyeWorld+1","ReplayTheSpireMod:System Scan"],"picked":"Go for the Eyes","floor":48},{"not_picked":["Crystallizer+1","Aggregate+1","Panic Button+1"],"picked":"Gash+1","floor":49}],"player_experience":94419,"relics_obtained":[{"floor":6,"key":"Mango"},{"floor":9,"key":"Replay:Rubber Ducky"},{"floor":10,"key":"Question Card"},{"floor":13,"key":"Regal Pillow"},{"floor":22,"key":"Pantograph"},{"floor":23,"key":"Solar Panel"},{"floor":25,"key":"Replay:Ringing Soul"},{"floor":26,"key":"Blue Doll"},{"floor":32,"key":"Grinning Jar"},{"floor":40,"key":"Bag of Marbles"},{"floor":42,"key":"Strawberry"},{"floor":43,"key":"Bronze Scales"},{"floor":47,"key":"Letter Opener"},{"floor":49,"key":"Incense Burner"}],"event_choices":[{"damage_healed":0,"gold_gain":0,"player_choice":"Lose Max HP","damage_taken":0,"relics_obtained":["Golden Idol"],"max_hp_gain":0,"max_hp_loss":6,"event_name":"Golden Idol","floor":2,"gold_loss":0},{"damage_healed":0,"gold_gain":0,"player_choice":"Success","damage_taken":3,"relics_obtained":["Blood Vial"],"max_hp_gain":0,"max_hp_loss":0,"event_name":"Scrap Ooze","floor":3,"gold_loss":0},{"cards_removed":["Storm"],"damage_healed":0,"gold_gain":0,"player_choice":"Card Removal","damage_taken":7,"max_hp_gain":0,"max_hp_loss":0,"event_name":"Golden Wing","floor":5,"gold_loss":0},{"cards_removed":["ReplayTheSpireMod:Restless Dread"],"damage_healed":0,"gold_gain":0,"player_choice":"Gave Gold","damage_taken":0,"max_hp_gain":0,"max_hp_loss":0,"event_name":"Beggar","floor":19,"gold_loss":75},{"damage_healed":0,"gold_gain":0,"cards_transformed":["ReplayTheSpireMod:Restless Dread","ReplayTheSpireMod:Restless Dread"],"player_choice":"Became Test Subject","damage_taken":0,"max_hp_gain":0,"max_hp_loss":0,"event_name":"Drug Dealer","floor":20,"gold_loss":0,"cards_obtained":["Doubt","ReplayTheSpireMod:Faulty Equipment"]},{"damage_healed":0,"gold_gain":0,"player_choice":"Obtained Relic","damage_taken":0,"relics_obtained":["Ancient Bracer"],"max_hp_gain":0,"max_hp_loss":0,"event_name":"Addict","floor":21,"gold_loss":85},{"damage_healed":0,"gold_gain":0,"player_choice":"Ignored","damage_taken":0,"max_hp_gain":0,"max_hp_loss":0,"event_name":"Tomb of Lord Red Mask","floor":36,"gold_loss":0},{"damage_healed":0,"gold_gain":0,"player_choice":"Memory 3","damage_taken":10,"max_hp_gain":0,"max_hp_loss":0,"event_name":"SensoryStone","floor":38,"gold_loss":0},{"damage_healed":0,"gold_gain":0,"player_choice":"Fight","damage_taken":0,"max_hp_gain":0,"max_hp_loss":0,"event_name":"Mysterious Sphere","floor":49,"gold_loss":0}],"is_beta":false,"boss_relics":[{"not_picked":["Snecko Eye","Runic Dome"],"picked":"Orrery"},{"not_picked":["Snecko Heart","Coffee Dripper"],"picked":"Fusion Hammer"}],"items_purged_floors":[],"is_endless":false,"potions_floor_spawned":[1,10,14,18,23,25,31,39,40,45,46,49],"ascension_level":0}