{"path_per_floor":["M","?","$","T","M","R","M","M","T","R","M","R","E","?","R","B",null,"M","M","$","M","?","R","M","E","T","M","$","?","?","?","R"],"character_chosen":"THE_SILENT","items_purchased":["Slice","Pen Nib","Infinite Blades","Enlightenment"],"gold_per_floor":[109,109,86,138,148,148,158,177,177,177,196,196,224,224,224,324,324,337,350,166,185,185,185,204,236,236,255,53,53,53,53,53],"floor_reached":33,"campfire_rested":1,"playtime":2266,"current_hp_per_floor":[70,56,56,56,56,56,54,51,51,51,41,41,16,70,70,40,70,70,70,70,50,50,50,44,23,23,12,12,12,12,12,28],"items_purged":[],"gold":53,"play_id":"b7b919a6-a04e-4319-a342-f3504f51c917","is_prod":false,"is_daily":false,"campfire_rituals":0,"campfire_upgraded":5,"is_hardmode":false,"path_taken":["M","?","$","?","M","R","M","M","T","R","?","R","E","?","R","BOSS","M","M","$","M","?","R","M","E","T","M","$","?","?","?","R","BOSS"],"build_version":"2018-01-11-PROD1","purchased_purges":0,"victory":false,"master_deck":["Defend_G","Defend_G","Defend_G","Defend_G","Survivor","Neutralize","Dodge and Roll","Slice","Night Terror","Bouncing Flask","Flying Knee","Blade Dance","Accuracy","Phantasmal Killer","Poisoned Stab","Infinite Blades","Infinite Blades","Slice","Night Terror","Escape Plan","Dagger Spray","Blade Dance","Enlightenment","Bite_G","Bite_G","Bite_G","Bite_G","Bite_G","Sucker Punch"],"max_hp_per_floor":[70,70,70,70,70,70,70,70,70,70,70,70,70,70,70,70,70,70,70,70,70,70,70,70,80,80,80,80,56,56,56,56],"relics":["Ring of the Snake","Vajra","Oddly Smooth Stone","Gambling Chip","Toxic Egg","Snecko Eye","Pen Nib","Pear","Peace Pipe"],"campfire_meditates":0,"card_choices":[{"not_picked":["Poisoned Stab","Acrobatics"],"picked":"Dodge and Roll"},{"not_picked":["Backflip","Deflect"],"picked":"Night Terror"},{"not_picked":["Backflip","Acrobatics"],"picked":"Bouncing Flask"},{"not_picked":["Crippling Poison","Eviscerate"],"picked":"Flying Knee"},{"not_picked":["Acrobatics","Sucker Punch"],"picked":"Blade Dance"},{"not_picked":["Escape Plan","Dagger Spray"],"picked":"Accuracy"},{"not_picked":["Corpse Explosion","Tactician"],"picked":"Phantasmal Killer"},{"not_picked":["Heel Hook","Sucker Punch"],"picked":"Poisoned Stab"},{"not_picked":["Backflip","Reflex"],"picked":"Infinite Blades"},{"not_picked":["Skewer","Caltrops"],"picked":"Slice"},{"not_picked":["Dodge and Roll","Deflect"],"picked":"Escape Plan"},{"not_picked":["Slice","Deflect"],"picked":"Dagger Spray"},{"not_picked":["Dodge and Roll","Sucker Punch"],"picked":"Blade Dance"}],"player_experience":40712,"potions_floor_usage":[13,25,25,27,33],"damage_taken":[{"damage":0,"enemies":"Cultist","floor":1,"turns":4},{"damage":0,"enemies":"Small Slimes","floor":5,"turns":3},{"damage":2,"enemies":"Blue Slaver","floor":7,"turns":5},{"damage":3,"enemies":"2 Fungi Beasts","floor":8,"turns":3},{"damage":10,"enemies":"Exordium Wildlife","floor":11,"turns":5},{"damage":25,"enemies":"Gremlin Nob","floor":13,"turns":4},{"damage":30,"enemies":"The Guardian","floor":16,"turns":11},{"damage":0,"enemies":"Spheric Guardian","floor":18,"turns":2},{"damage":0,"enemies":"3 Byrds","floor":19,"turns":4},{"damage":20,"enemies":"Centurion and Healer","floor":21,"turns":7},{"damage":6,"enemies":"Snake Plant","floor":24,"turns":3},{"damage":46,"enemies":"Slavers","floor":25,"turns":6},{"damage":11,"enemies":"3 Cultists","floor":27,"turns":4},{"damage":49,"enemies":"Collector","floor":33,"turns":10}],"event_choices":[{"event_name":"Shining Light","player_choice":"Entered Light","floor":2,"damage_taken":0},{"event_name":"Wheel of Change","player_choice":"Full Heal","floor":14,"damage_taken":0},{"event_name":"Duplicator","player_choice":"One dupe","floor":22,"damage_taken":0},{"event_name":"Vampires","player_choice":"Became a vampire","floor":29,"damage_taken":0},{"event_name":"Transmorgrifier","player_choice":"Transform","floor":30,"damage_taken":0},{"event_name":"Drug Dealer","player_choice":"Ignored","floor":31,"damage_taken":0}],"boss_relics":[{"not_picked":["Philosopher\u0027s Stone","Eternal Feather"],"picked":"Snecko Eye"}],"potions_floor_spawned":[11,16,21,24,25,27],"seed_played":"-3718901556000864505","killed_by":"Collector","is_trial":false}