{"gold_per_floor":[111,31,44,57,76,76,76,76,125,145,171,171,199,35,35,111,111,123,134,134,151,169,169],"floor_reached":23,"playtime":688,"items_purged":[],"score":561,"play_id":"7b250a4c-24c8-40ba-9e7c-193fe204a04f","local_time":"20190202152134","is_ascension_mode":true,"campfire_choices":[{"data":"Perfected Strike","floor":6,"key":"SMITH"},{"data":"Whirlwind","floor":8,"key":"SMITH"},{"floor":12,"key":"REST"},{"floor":15,"key":"REST"}],"neow_cost":"NONE","seed_source_timestamp":0,"circlet_count":0,"master_deck":["AscendersBane","Strike_R+1","Strike_R","Strike_R","Strike_R","Strike_R","Defend_R","Defend_R","Defend_R","Defend_R","Bash","Cleave","Cleave+1","Whirlwind+1","Perfected Strike+1","Clash","Inflame","Impervious","Iron Wave","Reaper","Ghostly Armor","Seeing Red","Headbutt","Twin Strike","Anger","Shrug It Off"],"special_seed":0,"relics":["Busted Crown","Strawberry","Dream Catcher","Whetstone","Prayer Wheel","Bag of Marbles","Sozu"],"potions_floor_usage":[11,13,23],"damage_taken":[{"damage":7,"enemies":"Small Slimes","floor":1,"turns":3},{"damage":0,"enemies":"Cultist","floor":3,"turns":2},{"damage":0,"enemies":"2 Louse","floor":4,"turns":3},{"damage":25,"enemies":"Exordium Thugs","floor":5,"turns":5},{"damage":6,"enemies":"Looter","floor":10,"turns":2},{"damage":10,"enemies":"3 Sentries","floor":11,"turns":4},{"damage":15,"enemies":"Lagavulin","floor":13,"turns":5},{"damage":13,"enemies":"Slime Boss","floor":16,"turns":7},{"damage":0,"enemies":"3 Byrds","floor":18,"turns":1},{"damage":13,"enemies":"Spheric Guardian","floor":19,"turns":4},{"damage":18,"enemies":"Cultist and Chosen","floor":21,"turns":5},{"damage":22,"enemies":"Snecko","floor":22,"turns":4},{"damage":52,"enemies":"Book of Stabbing","floor":23,"turns":5}],"seed_played":"3223072901519971323","potions_obtained":[{"floor":3,"key":"Explosive Potion"},{"floor":5,"key":"Explosive Potion"},{"floor":10,"key":"AttackPotion"},{"floor":13,"key":"Weak Potion"}],"is_trial":false,"path_per_floor":["M","?","M","M","M","R","?","R","T","M","E","R","E","$","R","B",null,"M","M","?","M","M","E"],"character_chosen":"IRONCLAD","items_purchased":["Bag of Marbles"],"campfire_rested":2,"item_purchase_floors":[14],"current_hp_per_floor":[61,68,68,68,43,43,38,38,38,32,22,46,31,31,55,42,72,72,59,59,53,37,0],"gold":169,"neow_bonus":"BOSS_RELIC","is_prod":false,"is_daily":false,"chose_seed":false,"campfire_upgraded":2,"win_rate":0,"timestamp":1549117294,"path_taken":["M","?","?","M","M","R","?","R","T","M","E","R","E","?","R","BOSS","M","M","?","M","M","E"],"build_version":"2019-01-23","purchased_purges":0,"victory":false,"max_hp_per_floor":[75,82,82,82,82,82,82,82,82,82,82,82,82,82,82,82,82,82,82,82,82,82,82],"card_choices":[{"not_picked":[],"picked":"Cleave","floor":1},{"not_picked":[],"picked":"Cleave","floor":3},{"not_picked":[],"picked":"Whirlwind","floor":4},{"not_picked":[],"picked":"Perfected Strike","floor":5},{"not_picked":[],"picked":"Clash","floor":10},{"not_picked":[],"picked":"Inflame","floor":11},{"not_picked":[],"picked":"Impervious","floor":13},{"not_picked":[],"picked":"Iron Wave","floor":15},{"not_picked":[],"picked":"Reaper","floor":16},{"not_picked":[],"picked":"Ghostly Armor","floor":18},{"not_picked":[],"picked":"Seeing Red","floor":18},{"not_picked":[],"picked":"Headbutt","floor":19},{"not_picked":["Searing Blow"],"picked":"SKIP","floor":19},{"not_picked":[],"picked":"Twin Strike","floor":21},{"not_picked":[],"picked":"Anger","floor":21},{"not_picked":[],"picked":"Shrug It Off","floor":22},{"not_picked":["Searing Blow"],"picked":"SKIP","floor":22}],"player_experience":304987,"relics_obtained":[{"floor":9,"key":"Dream Catcher"},{"floor":11,"key":"Whetstone"},{"floor":13,"key":"Prayer Wheel"}],"event_choices":[{"damage_healed":0,"gold_gain":0,"player_choice":"Paid Gold","damage_taken":0,"relics_obtained":["Strawberry"],"max_hp_gain":0,"max_hp_loss":0,"event_name":"WeMeetAgain","floor":2,"gold_loss":80},{"damage_healed":0,"gold_gain":0,"player_choice":"Bought 0 Potions","damage_taken":0,"max_hp_gain":0,"max_hp_loss":0,"event_name":"The Woman in Blue","floor":7,"gold_loss":0},{"damage_healed":0,"gold_gain":0,"player_choice":"Ignored","damage_taken":0,"max_hp_gain":0,"max_hp_loss":0,"event_name":"Ghosts","floor":20,"gold_loss":0}],"is_beta":false,"boss_relics":[{"not_picked":["Tiny House","Black Star"],"picked":"Sozu"}],"items_purged_floors":[],"is_endless":false,"potions_floor_spawned":[3,5,10,13,18],"killed_by":"Book of Stabbing","ascension_level":17}