{"gold_per_floor":[15,31,47,58,58,58,86,11,91,118,118,130,130,150,150,227,227,241,241,221,92,110,110,125,143,170,170,170,170],"floor_reached":29,"playtime":1307,"items_purged":["Strike_B","Defend_B"],"score":435,"play_id":"df675c7c-a105-4d72-bf14-d7321a5388fe","local_time":"20190215000718","is_ascension_mode":true,"campfire_choices":[{"data":"Go for the Eyes","floor":6,"key":"SMITH"},{"floor":11,"key":"REST"},{"floor":13,"key":"REST"},{"floor":15,"key":"REST"},{"floor":23,"key":"REST"},{"floor":27,"key":"REST"}],"neow_cost":"NO_GOLD","seed_source_timestamp":2474812173346937,"circlet_count":0,"master_deck":["AscendersBane","Strike_B","Strike_B","Defend_B+1","Defend_B","Defend_B","Zap+1","Dualcast","Gash","Seek","Go for the Eyes+1","Cold Snap","Glacier","Leap","Cold Snap","Redo","Creative AI","Self Repair","Defragment","Leap","Capacitor","Glacier"],"relics":["Cracked Core","Peace Pipe","Ginger","Bottled Flame","Smiling Mask","Lizard Tail","War Paint","Nilry\u0027s Codex"],"potions_floor_usage":[7,16],"damage_taken":[{"damage":2,"enemies":"Jaw Worm","floor":1,"turns":3},{"damage":2,"enemies":"Small Slimes","floor":2,"turns":3},{"damage":2,"enemies":"2 Louse","floor":3,"turns":4},{"damage":8,"enemies":"Red Slaver","floor":4,"turns":3},{"damage":15,"enemies":"3 Sentries","floor":7,"turns":9},{"damage":32,"enemies":"Lagavulin","floor":10,"turns":7},{"damage":2,"enemies":"Blue Slaver","floor":12,"turns":3},{"damage":1,"enemies":"2 Fungi Beasts","floor":14,"turns":4},{"damage":49,"enemies":"Slime Boss","floor":16,"turns":15},{"damage":56,"enemies":"3 Byrds","floor":18,"turns":10},{"damage":10,"enemies":"Spheric Guardian","floor":22,"turns":10},{"damage":35,"enemies":"Chosen and Byrds","floor":24,"turns":6},{"damage":34,"enemies":"Shelled Parasite and Fungi","floor":25,"turns":16},{"damage":17,"enemies":"Centurion and Healer","floor":29,"turns":3}],"seed_played":"-1775320979879613522","potions_obtained":[{"floor":2,"key":"Swift Potion"},{"floor":4,"key":"SkillPotion"},{"floor":10,"key":"FocusPotion"},{"floor":14,"key":"AttackPotion"},{"floor":20,"key":"SteroidPotion"}],"is_trial":false,"path_per_floor":["M","M","M","M","?","R","E","$","T","E","R","M","R","M","R","B",null,"M","?","?","$","M","R","M","M","T","R","?","M"],"character_chosen":"DEFECT","items_purchased":["Defragment"],"campfire_rested":5,"item_purchase_floors":[21],"current_hp_per_floor":[62,60,58,50,50,50,35,35,35,3,24,22,43,42,63,14,57,1,15,15,15,12,33,35,8,8,29,8,0],"gold":170,"neow_bonus":"ONE_RARE_RELIC","is_prod":false,"is_daily":false,"chose_seed":false,"campfire_upgraded":1,"win_rate":0,"timestamp":1550156838,"path_taken":["M","M","M","M","?","R","E","$","T","E","R","M","R","M","R","BOSS","M","?","?","$","?","R","M","M","T","R","?","M"],"build_version":"2019-01-23","purchased_purges":2,"victory":false,"max_hp_per_floor":[71,71,71,71,71,71,71,71,71,71,71,71,71,71,71,71,71,71,71,71,71,71,71,71,71,71,71,71,71],"card_choices":[{"not_picked":["Barrage","Rebound"],"picked":"Gash","floor":1},{"not_picked":["Coolheaded","Ball Lightning"],"picked":"Seek","floor":2},{"not_picked":["Streamline","Steam"],"picked":"Go for the Eyes","floor":3},{"not_picked":["Redo","Go for the Eyes"],"picked":"Cold Snap","floor":4},{"not_picked":["Genetic Algorithm","Redo"],"picked":"Glacier","floor":7},{"not_picked":["Multi-Cast","Tempest"],"picked":"Leap","floor":10},{"not_picked":["Loop","Scrape"],"picked":"Cold Snap","floor":12},{"not_picked":["Reprogram","Turbo"],"picked":"Redo","floor":14},{"not_picked":["Seek","Core Surge"],"picked":"Creative AI","floor":16},{"not_picked":["Steam Power+1","FTL"],"picked":"Self Repair","floor":18},{"not_picked":["Gash","Static Discharge"],"picked":"Leap","floor":22},{"not_picked":["BootSequence","Steam Power+1"],"picked":"Capacitor","floor":24},{"not_picked":["Sweeping Beam","FTL"],"picked":"Glacier","floor":25}],"player_experience":620854,"relics_obtained":[{"floor":7,"key":"Ginger"},{"floor":9,"key":"Bottled Flame"},{"floor":10,"key":"Smiling Mask"},{"floor":26,"key":"War Paint"},{"floor":28,"key":"Nilry\u0027s Codex"}],"event_choices":[{"cards_removed":["Strike_B"],"damage_healed":0,"gold_gain":0,"player_choice":"Forget","damage_taken":0,"max_hp_gain":0,"max_hp_loss":0,"event_name":"Living Wall","floor":5,"gold_loss":0},{"damage_healed":14,"gold_gain":0,"player_choice":"Heal","damage_taken":0,"max_hp_gain":0,"max_hp_loss":0,"event_name":"The Library","floor":19,"gold_loss":0},{"damage_healed":0,"gold_gain":0,"player_choice":"Bought 1 Potion","damage_taken":0,"max_hp_gain":0,"max_hp_loss":0,"event_name":"The Woman in Blue","floor":20,"gold_loss":0},{"damage_healed":0,"gold_gain":0,"player_choice":"Obtained Book","damage_taken":21,"max_hp_gain":0,"max_hp_loss":0,"event_name":"Cursed Tome","floor":28,"gold_loss":0}],"is_beta":false,"boss_relics":[{"not_picked":["Snecko Eye","Runic Dome"],"picked":"Lizard Tail"}],"items_purged_floors":[8,21],"is_endless":false,"potions_floor_spawned":[2,4,10,14,22],"killed_by":"Centurion and Healer","ascension_level":17}