{"path_per_floor":["M","M","M","M","M","E","M","M","T","E","M","E","R","?","R","B",null,"M","?","M","M","M"],"character_chosen":"IRONCLAD","items_purchased":[],"gold_per_floor":[10,21,37,53,71,101,115,129,154,183,153,180,180,180,180,275,275,285,285,301,311,327,327],"floor_reached":23,"campfire_rested":0,"playtime":1267,"current_hp_per_floor":[80,80,80,79,76,61,63,69,69,45,51,42,42,42,42,16,87,77,77,81,52,56,0],"items_purged":[],"gold":327,"score":217,"play_id":"d47c06e0-8f67-4e90-91ad-6dd8120abc58","local_time":"20180517215336","is_prod":false,"is_daily":false,"chose_seed":false,"is_ascension_mode":false,"campfire_upgraded":0,"timestamp":1526586816,"path_taken":["M","M","M","M","M","E","M","M","T","E","M","E","R","?","R","BOSS","M","?","M","M","M","E"],"build_version":"2018-05-10","seed_source_timestamp":332217141697559,"purchased_purges":0,"victory":false,"master_deck":["Strike_R","Strike_R","Strike_R","Strike_R","Strike_R","Defend_R","Defend_R","Defend_R","Defend_R","Bash","Thunderclap","Thunderclap","Spot Weakness","Metallicize","Battle Trance","Whirlwind","Dropkick","Offering","Whirlwind+1"],"max_hp_per_floor":[80,80,80,80,80,87,87,87,87,87,87,87,87,87,87,87,87,87,87,87,87,87,87],"relics":["Burning Blood","Ginger","Strawberry","Juzu Bracelet","Girya","Molten Egg 2","Runic Pyramid","Blood Vial"],"card_choices":[{"not_picked":["Hemokinesis","Havoc"],"picked":"Thunderclap","floor":2},{"not_picked":["Shockwave","Sword Boomerang"],"picked":"Thunderclap","floor":3},{"not_picked":["Hemokinesis","Wild Strike"],"picked":"Spot Weakness","floor":4},{"not_picked":["Infernal Blade","Twin Strike"],"picked":"Metallicize","floor":5},{"not_picked":["Infernal Blade","Sword Boomerang"],"picked":"Battle Trance","floor":8},{"not_picked":["Feel No Pain","Flex"],"picked":"Whirlwind","floor":10},{"not_picked":["Shrug It Off","Heavy Blade"],"picked":"Dropkick","floor":11},{"not_picked":["Fiend Fire","Juggernaut"],"picked":"Offering","floor":16},{"not_picked":["Evolve","Havoc"],"picked":"Whirlwind","floor":21}],"player_experience":80830,"potions_floor_usage":[8,12,18],"damage_taken":[{"damage":5,"enemies":"Small Slimes","floor":1,"turns":4},{"damage":2,"enemies":"2 Louse","floor":2,"turns":3},{"damage":5,"enemies":"Jaw Worm","floor":3,"turns":5},{"damage":7,"enemies":"Looter","floor":4,"turns":5},{"damage":9,"enemies":"Gremlin Gang","floor":5,"turns":4},{"damage":28,"enemies":"Gremlin Nob","floor":6,"turns":4},{"damage":4,"enemies":"Blue Slaver","floor":7,"turns":4},{"damage":0,"enemies":"Lots of Slimes","floor":8,"turns":2},{"damage":30,"enemies":"Lagavulin","floor":10,"turns":7},{"damage":0,"enemies":"Looter","floor":11,"turns":4},{"damage":24,"enemies":"3 Sentries","floor":12,"turns":5},{"damage":32,"enemies":"The Guardian","floor":16,"turns":11},{"damage":16,"enemies":"2 Thieves","floor":18,"turns":2},{"damage":4,"enemies":"Chosen","floor":20,"turns":4},{"damage":37,"enemies":"Snake Plant","floor":21,"turns":4},{"damage":4,"enemies":"3 Cultists","floor":22,"turns":2},{"damage":59,"enemies":"Book of Stabbing","floor":23,"turns":5}],"event_choices":[{"event_name":"Liars Game","player_choice":"disagreed","floor":14,"damage_taken":0},{"event_name":"The Mausoleum","player_choice":"Yes","floor":19,"damage_taken":0}],"boss_relics":[{"not_picked":["Ectoplasm","Runic Cube"],"picked":"Runic Pyramid"}],"potions_floor_spawned":[1,4,5,12,16,21],"seed_played":"-5811627380313728879","killed_by":"Book of Stabbing","ascension_level":0,"is_trial":false}