{"path_per_floor":["M","?","?","M","?","R","M","R","T","E","M","?","$","M","R","B",null,"M","?","M","M","?"],"character_chosen":"THE_SILENT","items_purchased":["After Image"],"gold_per_floor":[109,109,109,124,199,199,209,209,209,241,258,258,180,191,191,287,287,303,403,418,429,429],"floor_reached":23,"campfire_rested":1,"playtime":1508,"current_hp_per_floor":[69,69,69,58,47,47,41,41,41,19,19,36,36,28,49,16,70,54,54,43,24,24],"items_purged":[],"gold":429,"play_id":"1702b1e1-d916-48bc-aeb6-5d22638a5dd4","is_prod":false,"is_daily":false,"campfire_rituals":0,"campfire_upgraded":2,"is_hardmode":false,"path_taken":["M","?","?","M","?","R","M","R","T","E","?","?","?","?","R","BOSS","M","?","M","M","?","E"],"build_version":"2018-01-11-PROD1","purchased_purges":0,"victory":false,"master_deck":["Defend_G","Defend_G","Defend_G","Defend_G","Defend_G","Strike_G","Strike_G","Strike_G","Strike_G","Strike_G","Survivor","Neutralize","Dagger Throw","Endless Agony","Sucker Punch","Dagger Throw","Flechettes","Parasite","After Image","Endless Agony","Venomology","Terror","Outmaneuver","Backflip"],"max_hp_per_floor":[70,70,70,70,70,70,70,70,70,70,70,70,70,70,70,70,70,70,70,70,70,70],"relics":["Ring of the Snake","Singing Bowl","Du-Vu Doll","Toolbox","Question Card"],"campfire_meditates":0,"card_choices":[{"not_picked":["PiercingWail","Blade Dance"],"picked":"Dagger Throw"},{"not_picked":["Acrobatics","PiercingWail"],"picked":"Endless Agony"},{"not_picked":["Calculated Gamble","Cloak And Dagger"],"picked":"Sucker Punch"},{"not_picked":["Deadly Poison","Well Laid Plans"],"picked":"Dagger Throw"},{"not_picked":["Caltrops","Prepared"],"picked":"Flechettes"},{"not_picked":["Crippling Poison","Deadly Poison"],"picked":"Endless Agony"},{"not_picked":["Wraith Form","Grand Finale"],"picked":"Venomology"},{"not_picked":["Accuracy","Infinite Blades","Dagger Throw"],"picked":"Terror"},{"not_picked":["Bane","Footwork","Underhanded Strike"],"picked":"Outmaneuver"},{"not_picked":["Catalyst","Leg Sweep","Dagger Spray"],"picked":"Backflip"}],"player_experience":130019,"potions_floor_usage":[23,23],"damage_taken":[{"damage":1.0,"enemies":"Cultist","floor":1.0,"turns":5.0},{"damage":11.0,"enemies":"Blue Slaver","floor":4.0,"turns":4.0},{"damage":6.0,"enemies":"2 Louse","floor":7.0,"turns":3.0},{"damage":22.0,"enemies":"3 Sentries","floor":10.0,"turns":6.0},{"damage":0.0,"enemies":"Large Slime","floor":11.0,"turns":4.0},{"damage":8.0,"enemies":"3 Louse","floor":14.0,"turns":3.0},{"damage":33.0,"enemies":"Slime Boss","floor":16.0,"turns":16.0},{"damage":16,"enemies":"2 Thieves","floor":18,"turns":4},{"damage":11,"enemies":"3 Byrds","floor":20,"turns":5},{"damage":19,"enemies":"Centurion and Healer","floor":21,"turns":7},{"damage":25,"enemies":"Book of Stabbing","floor":23,"turns":5}],"event_choices":[{"event_name":"Upgrade Shrine","player_choice":"Upgraded","floor":2.0,"damage_taken":0.0},{"event_name":"Golden Wing","player_choice":"Ignored","floor":3.0,"damage_taken":0.0},{"event_name":"World of Goop","player_choice":"Gather Gold","floor":5.0,"damage_taken":0.0},{"event_name":"Mushrooms","player_choice":"Healed and dodged fight","floor":12.0,"damage_taken":0.0},{"event_name":"Golden Shrine","player_choice":"Pray","floor":19,"damage_taken":0},{"event_name":"Back to Basics","player_choice":"Simplicity","floor":22,"damage_taken":0}],"boss_relics":[{"not_picked":["Runic Pyramid","Sozu"],"picked":"Question Card"}],"potions_floor_spawned":[11,21],"seed_played":"8579393380324619675","killed_by":"Book of Stabbing","is_trial":false}