{"gold_per_floor":[116,116,127,138,138,167,167,181,234,261,280,309,309,344,344,421,421,434,452,462,259,275,309,309,340,340,365,365,444,444,464,464,543,543,555,555,167,217,234,234,265,285,339,339,370,470,502,502,502,502],"floor_reached":51,"playtime":2928,"items_purged":["Strike_G","Strike_G"],"score":1920,"play_id":"0bf5ae67-3823-4cbb-a093-08eff015e631","local_time":"20190219031421","is_ascension_mode":true,"campfire_choices":[{"floor":7,"key":"REST"},{"data":"Backstab","floor":13,"key":"SMITH"},{"data":"Footwork","floor":15,"key":"SMITH"},{"data":"Well Laid Plans","floor":32,"key":"SMITH"},{"data":"Wraith Form v2","floor":40,"key":"SMITH"},{"data":"Noxious Fumes","floor":44,"key":"SMITH"},{"floor":49,"key":"REST"}],"neow_cost":"NONE","seed_source_timestamp":483303446566200,"circlet_count":0,"master_deck":["AscendersBane","Defend_G","Defend_G","Defend_G","Defend_G","Defend_G","Survivor","Neutralize+1","PiercingWail+1","Cloak And Dagger+1","Bouncing Flask+1","Footwork+1","Deadly Poison+1","Backstab+1","Cloak And Dagger+1","Malaise+1","Blur+1","Catalyst+1","Backflip+1","Dodge and Roll+1","Footwork","Crippling Poison+1","Catalyst+1","Noxious Fumes+1","After Image","Well Laid Plans+1","Ghostly+1","Ghostly+1","Ghostly+1","PiercingWail+1","Wraith Form v2+1","Finesse+1","Deep Breath+1","Crippling Poison+1","Leg Sweep+1","PiercingWail+1","Leg Sweep+1"],"relics":["Ring of the Snake","NeowsBlessing","Toxic Egg 2","Snake Skull","Strawberry","Centennial Puzzle","Bag of Preparation","Omamori","Astrolabe","Tiny Chest","Dodecahedron","Anchor","Orichalcum","Bag of Marbles","Calipers","Darkstone Periapt","Sozu","Lee\u0027s Waffle","Pen Nib","Potion Belt","Blood Vial","Ginger","Regal Pillow"],"potions_floor_usage":[10,10,14,16,25],"damage_taken":[{"damage":0,"enemies":"Small Slimes","floor":1,"turns":1},{"damage":0,"enemies":"Cultist","floor":3,"turns":1},{"damage":0,"enemies":"Jaw Worm","floor":4,"turns":1},{"damage":33,"enemies":"3 Sentries","floor":6,"turns":14},{"damage":6,"enemies":"Lots of Slimes","floor":8,"turns":8},{"damage":4,"enemies":"Gremlin Nob","floor":10,"turns":3},{"damage":4,"enemies":"Looter","floor":11,"turns":3},{"damage":7,"enemies":"3 Sentries","floor":12,"turns":7},{"damage":1,"enemies":"Lagavulin","floor":14,"turns":4},{"damage":21,"enemies":"Slime Boss","floor":16,"turns":10},{"damage":2,"enemies":"Spheric Guardian","floor":18,"turns":5},{"damage":2,"enemies":"Shell Parasite","floor":19,"turns":6},{"damage":4,"enemies":"Centurion and Healer","floor":20,"turns":11},{"damage":0,"enemies":"Sentry and Sphere","floor":22,"turns":4},{"damage":9,"enemies":"Slavers","floor":23,"turns":6},{"damage":5,"enemies":"Gremlin Leader","floor":25,"turns":7},{"damage":2,"enemies":"Book of Stabbing","floor":27,"turns":5},{"damage":0,"enemies":"Shelled Parasite and Fungi","floor":31,"turns":3},{"damage":0,"enemies":"Automaton","floor":33,"turns":6},{"damage":0,"enemies":"3 Shapes","floor":35,"turns":5},{"damage":0,"enemies":"Orb Walker","floor":39,"turns":3},{"damage":0,"enemies":"Reptomancer","floor":41,"turns":5},{"damage":0,"enemies":"Maw","floor":42,"turns":6},{"damage":0,"enemies":"Nemesis","floor":45,"turns":5},{"damage":0,"enemies":"Mind Bloom Boss Battle","floor":46,"turns":4},{"damage":3,"enemies":"Reptomancer","floor":47,"turns":6},{"damage":0,"enemies":"Time Eater","floor":50,"turns":11}],"seed_played":"972559854605642912","potions_obtained":[{"floor":6,"key":"EntropicBrew"},{"floor":10,"key":"PowerPotion"},{"floor":14,"key":"GhostInAJar"},{"floor":18,"key":"Swift Potion"},{"floor":20,"key":"Regen Potion"},{"floor":27,"key":"SkillPotion"}],"is_trial":false,"path_per_floor":["M","?","M","M","?","E","R","M","T","E","M","E","R","E","R","B",null,"M","M","M","$","M","E","?","E","T","E","T","T","?","M","R","B",null,"M","?","$","?","M","R","E","M","T","R","E","?","E","?","R","B",null],"character_chosen":"THE_SILENT","items_purchased":["Tiny Chest","Lee\u0027s Waffle","Crippling Poison+1"],"campfire_rested":2,"item_purchase_floors":[21,37,37],"current_hp_per_floor":[59,59,59,59,59,26,45,39,46,42,38,31,31,30,30,9,57,55,53,49,49,49,40,40,50,50,48,48,48,36,36,36,36,36,36,26,43,43,43,43,43,43,43,43,43,43,40,40,43,43],"gold":502,"neow_bonus":"THREE_ENEMY_KILL","is_prod":false,"is_daily":false,"chose_seed":false,"campfire_upgraded":5,"win_rate":0,"timestamp":1550542461,"path_taken":["M","?","?","M","?","E","R","M","T","E","M","E","R","E","R","BOSS","M","?","M","$","M","E","?","E","T","E","?","?","?","M","R","BOSS","M","?","$","?","M","R","E","?","T","R","E","?","E","?","R","BOSS"],"build_version":"2019-01-23","purchased_purges":2,"victory":true,"max_hp_per_floor":[66,66,66,66,66,66,66,66,73,73,73,73,73,73,73,73,73,73,73,73,73,73,73,73,73,73,73,73,73,36,36,36,36,36,36,36,43,43,43,43,43,43,43,43,43,43,43,43,43,43],"card_choices":[{"not_picked":["Deadly Poison","Outmaneuver"],"picked":"Backflip","floor":1},{"not_picked":["Slice","Flying Knee"],"picked":"PiercingWail+1","floor":3},{"not_picked":["Eviscerate","Prepared+1"],"picked":"Cloak And Dagger+1","floor":4},{"not_picked":["Dagger Throw","Backflip+1"],"picked":"Poisoned Stab","floor":6},{"not_picked":["Prepared+1","Reflex+1"],"picked":"Bouncing Flask+1","floor":8},{"not_picked":["Tools of the Trade","Poisoned Stab"],"picked":"Footwork","floor":10},{"not_picked":["Sucker Punch","Caltrops"],"picked":"Deadly Poison+1","floor":11},{"not_picked":["Deadly Poison+1","Terror+1"],"picked":"Backstab","floor":12},{"not_picked":["Dagger Spray","Finisher"],"picked":"Cloak And Dagger+1","floor":14},{"not_picked":["Storm of Steel+1","Grand Finale"],"picked":"Malaise+1","floor":16},{"not_picked":["Cloak And Dagger+1","All Out Attack+1"],"picked":"Dodge and Roll+1","floor":18},{"not_picked":["Dagger Spray","Tactician+1"],"picked":"Footwork","floor":19},{"not_picked":["Predator","Dagger Spray"],"picked":"Crippling Poison+1","floor":20},{"not_picked":["Sucker Punch","Poisoned Stab","Prepared+1"],"picked":"SKIP","floor":22},{"not_picked":["Riddle With Holes","Backflip+1"],"picked":"Catalyst+1","floor":23},{"not_picked":["Choke","Blur+1"],"picked":"After Image","floor":25},{"not_picked":["Terror+1","Escape Plan+1"],"picked":"Well Laid Plans","floor":27},{"not_picked":["Choke","Flying Knee"],"picked":"PiercingWail+1","floor":31},{"not_picked":["Doppelganger+1","Tools of the Trade"],"picked":"Wraith Form v2","floor":33},{"not_picked":["Sucker Punch","Reflex+1","Masterful Stab+1"],"picked":"SKIP","floor":35},{"not_picked":["Swift Strike","Violence+1"],"picked":"Finesse+1","floor":36},{"not_picked":["Jack Of All Trades+1","Mayhem"],"picked":"Deep Breath+1","floor":36},{"not_picked":["Quick Slash","Masterful Stab","Blade Dance+1"],"picked":"SKIP","floor":39},{"not_picked":["Quick Slash","Poisoned Stab+1","Dash"],"picked":"SKIP","floor":41},{"not_picked":["Bane+1","Cloak And Dagger+1"],"picked":"Leg Sweep+1","floor":42},{"not_picked":["Underhanded Strike","Prepared+1"],"picked":"PiercingWail+1","floor":45},{"not_picked":["Slice","Cloak And Dagger+1"],"picked":"Leg Sweep+1","floor":47}],"player_experience":502017,"relics_obtained":[{"floor":6,"key":"Snake Skull"},{"floor":9,"key":"Strawberry"},{"floor":10,"key":"Centennial Puzzle"},{"floor":12,"key":"Bag of Preparation"},{"floor":14,"key":"Omamori"},{"floor":23,"key":"Dodecahedron"},{"floor":25,"key":"Anchor"},{"floor":26,"key":"Orichalcum"},{"floor":27,"key":"Bag of Marbles"},{"floor":28,"key":"Calipers"},{"floor":29,"key":"Darkstone Periapt"},{"floor":41,"key":"Pen Nib"},{"floor":43,"key":"Potion Belt"},{"floor":45,"key":"Blood Vial"},{"floor":46,"key":"Ginger"},{"floor":47,"key":"Regal Pillow"}],"event_choices":[{"cards_removed":["Backflip"],"damage_healed":0,"gold_gain":0,"player_choice":"Gave Card","damage_taken":0,"relics_obtained":["Toxic Egg 2"],"max_hp_gain":0,"max_hp_loss":0,"event_name":"WeMeetAgain","floor":2,"gold_loss":0},{"damage_healed":0,"gold_gain":0,"player_choice":"Upgraded","damage_taken":0,"max_hp_gain":0,"max_hp_loss":0,"event_name":"Upgrade Shrine","floor":5,"gold_loss":0,"cards_upgraded":["Neutralize"]},{"damage_healed":0,"gold_gain":0,"player_choice":"Read","damage_taken":0,"max_hp_gain":0,"max_hp_loss":0,"event_name":"The Library","floor":24,"gold_loss":0,"cards_obtained":["Noxious Fumes"]},{"damage_healed":0,"gold_gain":0,"player_choice":"Became a Ghost","damage_taken":0,"max_hp_gain":0,"max_hp_loss":37,"event_name":"Ghosts","floor":30,"gold_loss":0,"cards_obtained":["Ghostly","Ghostly","Ghostly"]},{"damage_healed":0,"gold_gain":0,"player_choice":"Memory 3","damage_taken":10,"max_hp_gain":0,"max_hp_loss":0,"event_name":"SensoryStone","floor":36,"gold_loss":0},{"damage_healed":0,"gold_gain":50,"player_choice":"Pray","damage_taken":0,"max_hp_gain":0,"max_hp_loss":0,"event_name":"Golden Shrine","floor":38,"gold_loss":0},{"damage_healed":0,"gold_gain":0,"player_choice":"Fight","damage_taken":0,"max_hp_gain":0,"max_hp_loss":0,"event_name":"MindBloom","floor":46,"gold_loss":0},{"cards_removed":["Poisoned Stab"],"damage_healed":0,"gold_gain":0,"player_choice":"Removed Attack","damage_taken":0,"max_hp_gain":0,"max_hp_loss":0,"event_name":"Falling","floor":48,"gold_loss":0}],"is_beta":false,"boss_relics":[{"not_picked":["Tiny House","Runic Dome"],"picked":"Astrolabe"},{"not_picked":["Runic Pyramid","Empty Cage"],"picked":"Sozu"}],"items_purged_floors":[21,37],"is_endless":false,"potions_floor_spawned":[6,10,11,14,18,20,27,31,39,41,45,47],"ascension_level":19}