{"gold_per_floor":[114,129,199,199,162,192,207,237,262,292,307,307,326,345,345,470,470,489,489,539,111,130,168,168,206,206,206,206,206,244,44,44,44],"floor_reached":33,"playtime":1728,"items_purged":[],"score":446,"play_id":"f8143300-8c2a-44ae-a119-8b069a2f5bd0","local_time":"20190127024040","daily_mods":["Insanity","ControlledChaos","Elite Swarm"],"is_ascension_mode":false,"campfire_choices":[{"floor":15,"key":"REST"},{"floor":24,"key":"REST"},{"floor":27,"key":"REST"},{"data":"Metallicize","floor":32,"key":"SMITH"}],"neow_cost":"","seed_source_timestamp":163760937216338,"circlet_count":0,"master_deck":["Flame Barrier","Entrench","Thunderclap","Pummel","Iron Wave","Anger","Twin Strike","Headbutt","Heavy Blade","Wild Strike","Warcry","Sever Soul","Power Through","Burning Pact","Pommel Strike","Thunderclap","True Grit","Shrug It Off","Armaments","Warcry","Flex","Bloodletting","Intimidate","Cleave","Iron Wave","Clothesline","Armaments","Twin Strike","Bloodletting","Cleave","Reckless Charge","Body Slam","Havoc","Anger","Clothesline","Wild Strike","Warcry","Battle Trance","Pummel","Heavy Blade","Combust","Corruption","Flex","Heavy Blade","Heavy Blade","Clash","Flex","True Grit","Entrench","Fire Breathing","Shrug It Off","Flex","Metallicize+1","Anger","Feed","Barricade","Spot Weakness","Thunderclap","Body Slam","Impervious","Entrench+1","The Bomb","Bandage Up","Cleave","Juggernaut","Impervious","Demon Form"],"special_seed":17923,"relics":["Burning Blood","Frozen Eye","Mummified Hand","Dodecahedron","Art of War","Charon\u0027s Ashes","Golden Idol","Black Star","Oddly Smooth Stone","Boot","The Courier","Question Card","Bottled Tornado","PreservedInsect","Self Forming Clay","Anchor","Blood Vial","Kunai"],"potions_floor_usage":[14,16,16,16,33],"damage_taken":[{"damage":11,"enemies":"Jaw Worm","floor":1,"turns":2},{"damage":1,"enemies":"2 Louse","floor":2,"turns":3},{"damage":30,"enemies":"Lagavulin","floor":6,"turns":9},{"damage":0,"enemies":"Small Slimes","floor":7,"turns":2},{"damage":16,"enemies":"3 Sentries","floor":8,"turns":5},{"damage":29,"enemies":"Lagavulin","floor":10,"turns":7},{"damage":1,"enemies":"2 Fungi Beasts","floor":11,"turns":2},{"damage":10,"enemies":"Looter","floor":13,"turns":2},{"damage":24,"enemies":"Exordium Thugs","floor":14,"turns":5},{"damage":23,"enemies":"The Guardian","floor":16,"turns":13},{"damage":4,"enemies":"Chosen","floor":18,"turns":4},{"damage":12,"enemies":"Shell Parasite","floor":22,"turns":2},{"damage":47,"enemies":"Gremlin Leader","floor":23,"turns":5},{"damage":29,"enemies":"Slavers","floor":25,"turns":4},{"damage":0,"enemies":"Gremlin Leader","floor":30,"turns":3},{"damage":93,"enemies":"Champ","floor":33,"turns":11}],"seed_played":"-4277099179774056171","potions_obtained":[{"floor":1,"key":"Explosive Potion"},{"floor":2,"key":"Block Potion"},{"floor":11,"key":"Dexterity Potion"},{"floor":14,"key":"Poison Potion"},{"floor":22,"key":"Ancient Potion"},{"floor":30,"key":"AttackPotion"}],"is_trial":false,"path_per_floor":["M","M","?","?","$","E","M","E","T","E","M","?","M","M","R","B",null,"M","?","T","$","M","E","R","E","T","R","?","?","E","$","R","B"],"character_chosen":"IRONCLAD","items_purchased":["Metallicize","Boot","The Bomb","Bandage Up","Kunai"],"campfire_rested":3,"item_purchase_floors":[5,21,21,21,31],"current_hp_per_floor":[75,80,80,80,80,56,62,52,52,29,34,34,30,12,36,19,80,80,80,80,80,78,37,61,42,42,66,66,80,80,80,80,0],"gold":44,"neow_bonus":"","is_prod":false,"is_daily":true,"chose_seed":false,"campfire_upgraded":1,"win_rate":0,"timestamp":1548549640,"path_taken":["M","M","?","?","$","E","M","E","T","E","M","?","?","M","R","BOSS","M","?","?","$","M","E","R","E","T","R","?","?","E","?","R","BOSS"],"build_version":"2019-01-23","purchased_purges":0,"victory":false,"max_hp_per_floor":[80,80,80,80,80,80,80,80,80,80,80,80,80,80,80,80,80,80,80,80,80,80,80,80,80,80,80,80,80,80,80,80,80],"card_choices":[{"not_picked":["Iron Wave","Shockwave"],"picked":"Shrug It Off","floor":1},{"not_picked":["Clash","Warcry"],"picked":"Flex","floor":2},{"not_picked":["Immolate","Brutality","Bludgeon"],"picked":"SKIP","floor":6},{"not_picked":["Heavy Blade","Fire Breathing"],"picked":"Anger","floor":7},{"not_picked":["Limit Break","Double Tap"],"picked":"Feed","floor":8},{"not_picked":["Immolate","Offering"],"picked":"Barricade","floor":10},{"not_picked":["True Grit","Searing Blow"],"picked":"Spot Weakness","floor":11},{"not_picked":["Headbutt","Warcry"],"picked":"Thunderclap","floor":13},{"not_picked":["Heavy Blade","Pommel Strike"],"picked":"Body Slam","floor":14},{"not_picked":["Reaper","Fiend Fire"],"picked":"Impervious","floor":16},{"not_picked":["Power Through","Searing Blow"],"picked":"Entrench+1","floor":18},{"not_picked":["Reckless Charge","Pommel Strike+1"],"picked":"Cleave","floor":22},{"not_picked":["Dark Embrace","Berserk"],"picked":"Juggernaut","floor":23},{"not_picked":["Bludgeon","Reaper","Fiend Fire"],"picked":"Impervious","floor":25},{"not_picked":["Barricade","Offering","Exhume"],"picked":"Demon Form","floor":30}],"player_experience":82804,"relics_obtained":[{"floor":6,"key":"Mummified Hand"},{"floor":8,"key":"Dodecahedron"},{"floor":9,"key":"Art of War"},{"floor":10,"key":"Charon\u0027s Ashes"},{"floor":20,"key":"Oddly Smooth Stone"},{"floor":23,"key":"The Courier"},{"floor":23,"key":"Question Card"},{"floor":25,"key":"Bottled Tornado"},{"floor":25,"key":"PreservedInsect"},{"floor":26,"key":"Self Forming Clay"},{"floor":30,"key":"Anchor"},{"floor":30,"key":"Blood Vial"}],"event_choices":[{"damage_healed":0,"gold_gain":70,"player_choice":"Gained Gold","damage_taken":0,"max_hp_gain":0,"max_hp_loss":0,"event_name":"Golden Wing","floor":3,"gold_loss":0},{"damage_healed":0,"gold_gain":0,"player_choice":"Leave","damage_taken":0,"max_hp_gain":0,"max_hp_loss":0,"event_name":"The Cleric","floor":4,"gold_loss":0},{"damage_healed":0,"gold_gain":0,"player_choice":"Take Wound","damage_taken":0,"relics_obtained":["Golden Idol"],"max_hp_gain":0,"max_hp_loss":0,"event_name":"Golden Idol","floor":12,"gold_loss":0,"cards_obtained":["Injury"]},{"cards_removed":["Injury"],"damage_healed":0,"gold_gain":0,"player_choice":"Elegance","damage_taken":0,"max_hp_gain":0,"max_hp_loss":0,"event_name":"Back to Basics","floor":19,"gold_loss":0},{"damage_healed":0,"gold_gain":0,"player_choice":"Ignored","damage_taken":0,"max_hp_gain":0,"max_hp_loss":0,"event_name":"Ghosts","floor":28,"gold_loss":0},{"damage_healed":26,"gold_gain":0,"player_choice":"Heal","damage_taken":0,"max_hp_gain":0,"max_hp_loss":0,"event_name":"The Library","floor":29,"gold_loss":0}],"is_beta":false,"boss_relics":[{"not_picked":["Philosopher\u0027s Stone","Coffee Dripper"],"picked":"Black Star"}],"items_purged_floors":[],"is_endless":false,"potions_floor_spawned":[1,2,11,13,14,22,30],"killed_by":"Champ","ascension_level":0}