{"gold_per_floor":[116,130,149,149,18,18,39,39,93,128,148,148,174,193,193,292,292,310,310,296,315,10,10,10,10,10,10],"floor_reached":27,"playtime":1605,"items_purged":[],"score":243,"play_id":"878ab612-eb1c-44fc-8a63-59a5b6c659ce","local_time":"20181027015127","is_ascension_mode":true,"campfire_choices":[{"data":"Buffer","floor":6,"key":"SMITH"},{"data":"Self Repair","floor":8,"key":"SMITH"},{"data":"Zap","floor":12,"key":"SMITH"},{"data":"Creative AI","floor":15,"key":"SMITH"},{"data":"Coolheaded","floor":23,"key":"SMITH"},{"data":"Coolheaded","floor":25,"key":"SMITH"}],"neow_cost":"NONE","seed_source_timestamp":1826504976708412,"circlet_count":0,"master_deck":["Strike_B","Strike_B","Strike_B","Strike_B","Defend_B","Defend_B","Defend_B","Zap+1","Dualcast","Undo","Steam Power","Buffer+1","Self Repair+1","Coolheaded+1","Coolheaded+1","Conserve Battery+1","Leap+1","BootSequence+1","Creative AI+1","Core Surge","Double Energy+1"],"relics":["Cracked Core","Blood Vial","Odd Mushroom","PreservedInsect","Toxic Egg 2","Shuriken","Inserter","Pocketwatch","Darkstone Periapt"],"potions_floor_usage":[20,21,27,27],"damage_taken":[{"damage":2,"enemies":"Jaw Worm","floor":1,"turns":3},{"damage":0,"enemies":"Small Slimes","floor":2,"turns":2},{"damage":1,"enemies":"Cultist","floor":3,"turns":3},{"damage":32,"enemies":"The Mushroom Lair","floor":7,"turns":5},{"damage":0,"enemies":"Gremlin Nob","floor":10,"turns":4},{"damage":11,"enemies":"Large Slime","floor":11,"turns":8},{"damage":5,"enemies":"Gremlin Nob","floor":13,"turns":5},{"damage":8,"enemies":"2 Fungi Beasts","floor":14,"turns":4},{"damage":29,"enemies":"Hexaghost","floor":16,"turns":12},{"damage":7,"enemies":"Chosen","floor":18,"turns":9},{"damage":15,"enemies":"2 Thieves","floor":20,"turns":4},{"damage":17,"enemies":"Centurion and Healer","floor":21,"turns":10},{"damage":71,"enemies":"Gremlin Leader","floor":27,"turns":9}],"seed_played":"-8547766675947252538","potions_obtained":[{"floor":1,"key":"PowerPotion"},{"floor":3,"key":"SkillPotion"},{"floor":7,"key":"Explosive Potion"},{"floor":16,"key":"LiquidBronze"},{"floor":20,"key":"Fire Potion"}],"is_trial":false,"path_per_floor":["M","M","M","?","$","R","?","R","T","?","M","R","E","M","R","B",null,"M","?","M","M","$","R","$","R","T"],"character_chosen":"DEFECT","items_purchased":["Self Repair","Coolheaded","Pocketwatch"],"campfire_rested":0,"item_purchase_floors":[5,5,22],"current_hp_per_floor":[73,75,74,74,74,74,50,50,50,62,63,63,70,74,74,46,75,75,59,56,51,51,51,51,51,51,0],"gold":10,"neow_bonus":"RANDOM_COMMON_RELIC","is_prod":false,"is_daily":false,"chose_seed":false,"campfire_upgraded":6,"win_rate":0,"timestamp":1540572687,"path_taken":["M","M","M","?","?","R","?","R","T","?","M","R","E","?","R","BOSS","M","?","M","M","$","R","?","R","T","E"],"build_version":"2018-10-25v2","purchased_purges":0,"victory":false,"max_hp_per_floor":[75,75,75,75,75,75,75,75,75,75,75,75,75,75,75,75,75,75,75,75,75,75,75,75,75,75,75],"card_choices":[{"not_picked":["Stack","Chaos"],"picked":"Undo","floor":1},{"not_picked":["Streamline","Stack"],"picked":"Steam Power","floor":2},{"not_picked":["Chaos","Consume","Barrage"],"picked":"SKIP","floor":3},{"not_picked":["Go for the Eyes","Barrage"],"picked":"Coolheaded","floor":7},{"not_picked":["Gash","Streamline"],"picked":"Conserve Battery","floor":10},{"not_picked":["Turbo+1","Chaos+1"],"picked":"Leap+1","floor":11},{"not_picked":["Turbo+1","Static Discharge"],"picked":"BootSequence+1","floor":13},{"not_picked":["Force Field+1","Leap+1"],"picked":"Creative AI","floor":14},{"not_picked":["Machine Learning","Multi-Cast+1"],"picked":"Core Surge","floor":16},{"not_picked":["Sweeping Beam","Go for the Eyes+1"],"picked":"Double Energy+1","floor":18},{"not_picked":["Loop+1","Lockon","Turbo+1"],"picked":"SKIP","floor":20},{"not_picked":["Hologram+1","Compile Driver","Steam+1"],"picked":"SKIP","floor":21}],"player_experience":229919,"relics_obtained":[{"floor":7,"key":"Odd Mushroom"},{"floor":9,"key":"PreservedInsect"},{"floor":10,"key":"Toxic Egg 2"},{"floor":13,"key":"Shuriken"},{"floor":26,"key":"Darkstone Periapt"}],"event_choices":[{"damage_healed":0,"gold_gain":0,"cards_transformed":["Defend_B"],"player_choice":"Change","damage_taken":0,"max_hp_gain":0,"max_hp_loss":0,"event_name":"Living Wall","floor":4,"gold_loss":0,"cards_obtained":["Buffer"]},{"damage_healed":0,"gold_gain":0,"player_choice":"Fought Mushrooms","damage_taken":0,"max_hp_gain":0,"max_hp_loss":0,"event_name":"Mushrooms","floor":7,"gold_loss":0},{"damage_healed":0,"gold_gain":30,"player_choice":"Searched \u00273\u0027 times","damage_taken":0,"max_hp_gain":0,"max_hp_loss":0,"event_name":"Dead Adventurer","floor":10,"gold_loss":0},{"damage_healed":0,"gold_gain":0,"player_choice":"Obtained Book","damage_taken":16,"max_hp_gain":0,"max_hp_loss":0,"event_name":"Cursed Tome","floor":19,"gold_loss":0}],"is_beta":false,"boss_relics":[{"not_picked":["Philosopher\u0027s Stone","FrozenCore"],"picked":"Inserter"}],"items_purged_floors":[],"is_endless":false,"potions_floor_spawned":[1,3,7,11,16,20],"killed_by":"Gremlin Leader","ascension_level":3}