{"path_per_floor":["M","?","?","$","M","E","M","M","T","M","M","?","?","M","R","B",null,"M","M","M","?","?","R"],"character_chosen":"IRONCLAD","items_purchased":["Anchor"],"gold_per_floor":[111,178,178,22,39,70,89,107,107,118,131,131,131,141,141,237,237,254,265,277,200,200,200,200],"floor_reached":24,"campfire_rested":1,"playtime":1020,"item_purchase_floors":[],"current_hp_per_floor":[70,70,70,70,70,39,39,32,32,19,10,80,64,64,64,40,70,47,27,10,10,10,34,0],"items_purged":[],"gold":200,"score":300,"play_id":"5f60140c-aa22-48db-be57-0122b6e6f8e9","local_time":"20180527194742","is_prod":false,"is_daily":false,"chose_seed":false,"is_ascension_mode":true,"campfire_upgraded":0,"win_rate":0,"timestamp":1527443262,"campfire_choices":[{"data":"1","floor":15.0,"key":"LIFT"},{"floor":23,"key":"REST"}],"path_taken":["M","?","?","$","M","E","M","M","T","M","?","?","?","?","R","BOSS","M","M","M","?","?","R","E"],"build_version":"2018-05-24","seed_source_timestamp":0,"purchased_purges":0,"victory":false,"master_deck":["Bash","AscendersBane","Shockwave","Spot Weakness+1","True Grit","Heavy Blade","True Grit","Spot Weakness","Havoc","Shockwave+1","Pommel Strike","Battle Trance","Intimidate","Anger","Limit Break","Berserk","Fire Breathing","Iron Wave","True Grit","Heavy Blade","Carnage","Iron Wave","Shrug It Off","Warcry","Metallicize+1","Rupture+1","Inflame","J.A.X."],"max_hp_per_floor":[80,80,80,80,80,80,80,80,80,80,80,80,80,80,80,80,80,80,80,80,80,80,80,80],"relics":["Orrery","Anchor","Girya","Bottled Lightning","Pandora\u0027s Box","Meat on the Bone"],"card_choices":[{"not_picked":["Second Wind","Blood for Blood"],"picked":"Shockwave","floor":0.0},{"not_picked":["Shrug It Off","Clothesline"],"picked":"Spot Weakness","floor":0.0},{"not_picked":["Thunderclap","Berserk"],"picked":"True Grit","floor":0.0},{"not_picked":["Armaments","Clothesline"],"picked":"Heavy Blade","floor":0.0},{"not_picked":["Thunderclap","Hemokinesis"],"picked":"True Grit","floor":0.0},{"not_picked":["Twin Strike","Clothesline"],"picked":"Spot Weakness","floor":1.0},{"not_picked":["Inflame","Searing Blow"],"picked":"Havoc","floor":5.0},{"not_picked":["Bloodletting","Searing Blow"],"picked":"Shockwave","floor":6.0},{"not_picked":["Twin Strike","Blood for Blood"],"picked":"Pommel Strike","floor":7.0},{"not_picked":["Sever Soul","Thunderclap"],"picked":"Battle Trance","floor":8.0},{"not_picked":["Entrench","Shrug It Off"],"picked":"Intimidate","floor":10.0},{"not_picked":["Entrench","Searing Blow"],"picked":"Anger","floor":11.0},{"not_picked":["Infernal Blade","Clash"],"picked":"Limit Break","floor":14.0},{"not_picked":["Bludgeon","Demon Form"],"picked":"Berserk","floor":16.0},{"not_picked":["Seeing Red","Thunderclap"],"picked":"Metallicize+1","floor":18},{"not_picked":["Ghostly Armor+1","Hemokinesis"],"picked":"Rupture+1","floor":19},{"not_picked":["Body Slam","Thunderclap+1"],"picked":"Inflame","floor":20}],"player_experience":198026,"potions_floor_usage":[],"damage_taken":[{"damage":2.0,"enemies":"Jaw Worm","floor":1.0,"turns":3.0},{"damage":0.0,"enemies":"Small Slimes","floor":5.0,"turns":3.0},{"damage":31.0,"enemies":"3 Sentries","floor":6.0,"turns":8.0},{"damage":0.0,"enemies":"Cultist","floor":7.0,"turns":3.0},{"damage":7.0,"enemies":"3 Louse","floor":8.0,"turns":3.0},{"damage":13.0,"enemies":"Lots of Slimes","floor":10.0,"turns":6.0},{"damage":9.0,"enemies":"Gremlin Gang","floor":11.0,"turns":5.0},{"damage":0.0,"enemies":"2 Fungi Beasts","floor":14.0,"turns":2.0},{"damage":24.0,"enemies":"Hexaghost","floor":16.0,"turns":7.0},{"damage":23,"enemies":"2 Thieves","floor":18,"turns":4},{"damage":20,"enemies":"Shell Parasite","floor":19,"turns":4},{"damage":17,"enemies":"Snake Plant","floor":20,"turns":4},{"damage":35,"enemies":"Slavers","floor":24,"turns":3}],"relics_obtained":[{"floor":6.0,"key":"Girya"},{"floor":9.0,"key":"Bottled Lightning"}],"event_choices":[{"event_name":"Golden Wing","player_choice":"Gained Gold","floor":2.0,"damage_taken":0.0},{"event_name":"Living Wall","player_choice":"Change","floor":3.0,"damage_taken":0.0},{"event_name":"Bonfire Elementals","player_choice":"UNCOMMON","floor":12.0,"damage_taken":0.0},{"event_name":"Shining Light","player_choice":"Entered Light","floor":13.0,"damage_taken":0.0},{"event_name":"Drug Dealer","player_choice":"Got JAXXED","floor":21,"damage_taken":0},{"event_name":"The Mausoleum","player_choice":"Yes","floor":22,"damage_taken":0}],"boss_relics":[{"not_picked":["Mark of Pain","Black Star"],"picked":"Pandora\u0027s Box"}],"items_purged_floors":[],"potions_floor_spawned":[7,8,11,18],"seed_played":"-9074536122698214020","killed_by":"Slavers","ascension_level":10,"potions_obtained":[{"floor":7.0,"key":"SkillPotion"},{"floor":8.0,"key":"GamblersBrew"},{"floor":11.0,"key":"Explosive Potion"},{"floor":18,"key":"SteroidPotion"}],"is_trial":false}