{"gold_per_floor":[118,137,148,148,159,159,191,201,201,201,227,377,396,409,409,409],"floor_reached":16,"playtime":2003,"items_purged":[],"score":192,"play_id":"4525afcf-a1a5-4154-8ced-984a417f97ed","local_time":"20190209122846","is_ascension_mode":true,"campfire_choices":[{"floor":6,"key":"REST"},{"floor":10,"key":"REST"},{"floor":15,"key":"REST"}],"neow_cost":"NONE","seed_source_timestamp":2000201976617896,"circlet_count":0,"master_deck":["AscendersBane","Strike_B","Strike_B","Strike_B","Strike_B","Defend_B","Defend_B","Defend_B","Defend_B","Zap","Dualcast","Leap","Coolheaded","Ball Lightning","Force Field","Ball Lightning","Conserve Battery","Doubt","Steam","FTL"],"relics":["Cracked Core","PreservedInsect","Pantograph","Odd Mushroom"],"potions_floor_usage":[7],"damage_taken":[{"damage":2,"enemies":"Jaw Worm","floor":1,"turns":4},{"damage":6,"enemies":"2 Louse","floor":2,"turns":2},{"damage":7,"enemies":"Small Slimes","floor":3,"turns":4},{"damage":6,"enemies":"Red Slaver","floor":5,"turns":4},{"damage":42,"enemies":"Lagavulin","floor":7,"turns":7},{"damage":5,"enemies":"Blue Slaver","floor":8,"turns":5},{"damage":16,"enemies":"The Mushroom Lair","floor":11,"turns":4},{"damage":7,"enemies":"Exordium Wildlife","floor":13,"turns":4},{"damage":7,"enemies":"Large Slime","floor":14,"turns":6},{"damage":69,"enemies":"Slime Boss","floor":16,"turns":9}],"seed_played":"3518061537267538784","potions_obtained":[{"floor":1,"key":"AttackPotion"},{"floor":3,"key":"SteroidPotion"},{"floor":7,"key":"EssenceOfSteel"},{"floor":8,"key":"FocusPotion"}],"is_trial":false,"path_per_floor":["M","M","M","?","M","R","E","M","T","R","?","?","M","M","R","B"],"character_chosen":"DEFECT","items_purchased":[],"campfire_rested":3,"item_purchase_floors":[],"current_hp_per_floor":[62,56,49,54,48,70,28,23,23,45,29,29,22,15,37,0],"gold":409,"neow_bonus":"THREE_CARDS","is_prod":false,"is_daily":false,"chose_seed":false,"campfire_upgraded":0,"win_rate":0,"timestamp":1549682926,"path_taken":["M","M","M","?","M","R","E","M","T","R","?","?","M","M","R","BOSS"],"build_version":"2019-01-23","purchased_purges":0,"victory":false,"max_hp_per_floor":[71,71,71,76,76,76,76,76,76,76,76,76,76,76,76,76],"card_choices":[{"not_picked":["Compile Driver","Conserve Battery"],"picked":"Leap","floor":0},{"not_picked":["Force Field","Turbo"],"picked":"Coolheaded","floor":1},{"not_picked":["Recycle","Streamline","Barrage"],"picked":"SKIP","floor":2},{"not_picked":["Doom and Gloom","Heatsinks","Turbo"],"picked":"SKIP","floor":3},{"not_picked":["Chaos","Turbo"],"picked":"Ball Lightning","floor":5},{"not_picked":["Stack","Static Discharge"],"picked":"Force Field","floor":7},{"not_picked":["Storm","Meteor Strike"],"picked":"Ball Lightning","floor":8},{"not_picked":["Loop","Heatsinks"],"picked":"Conserve Battery","floor":11},{"not_picked":["Gash","Tempest"],"picked":"Steam","floor":13},{"not_picked":["Leap","Darkness"],"picked":"FTL","floor":14}],"player_experience":603667,"relics_obtained":[{"floor":7,"key":"PreservedInsect"},{"floor":9,"key":"Pantograph"},{"floor":11,"key":"Odd Mushroom"}],"event_choices":[{"damage_healed":0,"gold_gain":0,"player_choice":"Donut","damage_taken":0,"max_hp_gain":5,"max_hp_loss":0,"event_name":"Big Fish","floor":4,"gold_loss":0},{"damage_healed":0,"gold_gain":0,"player_choice":"Fought Mushrooms","damage_taken":0,"max_hp_gain":0,"max_hp_loss":0,"event_name":"Mushrooms","floor":11,"gold_loss":0},{"damage_healed":0,"gold_gain":150,"player_choice":"AGREE","damage_taken":0,"max_hp_gain":0,"max_hp_loss":0,"event_name":"Liars Game","floor":12,"gold_loss":0,"cards_obtained":["Doubt"]}],"is_beta":false,"boss_relics":[],"items_purged_floors":[],"is_endless":false,"potions_floor_spawned":[1,3,7,8],"killed_by":"Slime Boss","ascension_level":17}