{"gold_per_floor":[116,116,116,131,131,131,131,161,207,219,12,12,44,44,44,120,120,133,133,143,143,143,143],"floor_reached":23,"playtime":537,"items_purged":[],"score":361,"play_id":"4dd1c2a4-d79a-4b8f-bb16-d36b019a97e9","local_time":"20190207010318","is_ascension_mode":true,"campfire_choices":[{"data":"Perfected Strike","floor":6,"key":"SMITH"},{"data":"Master of Strategy","floor":12,"key":"SMITH"},{"data":"Infernal Blade","floor":15,"key":"SMITH"}],"neow_cost":"NONE","seed_source_timestamp":21132513354700,"circlet_count":0,"master_deck":["AscendersBane","Strike_R","Strike_R+1","Strike_R","Strike_R","Strike_R","Defend_R","Defend_R","Bash+1","Perfected Strike+1","Headbutt","Master of Strategy+1","Infernal Blade+1","Offering","Shrug It Off"],"relics":["Burning Blood","NeowsBlessing","Tiny Chest","Smiling Mask","Whetstone","Snecko Eye"],"potions_floor_usage":[],"damage_taken":[{"damage":0,"enemies":"Cultist","floor":1,"turns":1},{"damage":0,"enemies":"2 Louse","floor":4,"turns":1},{"damage":0,"enemies":"Jaw Worm","floor":10,"turns":1},{"damage":8,"enemies":"Gremlin Nob","floor":13,"turns":3},{"damage":18,"enemies":"Slime Boss","floor":16,"turns":5},{"damage":25,"enemies":"Chosen","floor":18,"turns":4},{"damage":25,"enemies":"3 Byrds","floor":20,"turns":5},{"damage":80,"enemies":"Book of Stabbing","floor":23,"turns":4}],"seed_played":"7935298717115862655","potions_obtained":[{"floor":10,"key":"Block Potion"},{"floor":16,"key":"SteroidPotion"},{"floor":20,"key":"Regen Potion"}],"is_trial":false,"path_per_floor":["M","$","?","M","?","R","?","T","T","M","$","R","E","$","R","B",null,"M","$","M","?","?","E"],"character_chosen":"IRONCLAD","items_purchased":["Master of Strategy"],"campfire_rested":0,"item_purchase_floors":[11],"current_hp_per_floor":[74,74,74,75,68,68,68,68,68,74,74,74,72,72,72,60,71,52,52,33,33,75,0],"gold":143,"neow_bonus":"THREE_ENEMY_KILL","is_prod":false,"is_daily":false,"chose_seed":false,"campfire_upgraded":3,"win_rate":0,"timestamp":1549497798,"path_taken":["M","$","?","?","?","R","?","?","T","?","$","R","E","?","R","BOSS","M","$","M","?","?","E"],"build_version":"2019-01-23","purchased_purges":0,"victory":false,"max_hp_per_floor":[75,75,75,75,75,75,75,75,75,75,75,75,75,75,75,75,75,75,75,75,75,75,75],"card_choices":[{"not_picked":["Flex","Reckless Charge","Thunderclap"],"picked":"SKIP","floor":1},{"not_picked":["Seeing Red","Thunderclap"],"picked":"Perfected Strike","floor":4},{"not_picked":["Wild Strike","Demon Form"],"picked":"Headbutt","floor":10},{"not_picked":["Iron Wave","Anger"],"picked":"Infernal Blade","floor":13},{"not_picked":["Exhume","Juggernaut"],"picked":"Offering","floor":16},{"not_picked":["Entrench","Hemokinesis"],"picked":"Shrug It Off","floor":18},{"not_picked":["True Grit","Ghostly Armor","Clash"],"picked":"SKIP","floor":20}],"player_experience":344725,"relics_obtained":[{"floor":8,"key":"Tiny Chest"},{"floor":9,"key":"Smiling Mask"},{"floor":13,"key":"Whetstone"}],"event_choices":[{"cards_removed":["Defend_R"],"damage_healed":0,"gold_gain":0,"player_choice":"Purged","damage_taken":0,"max_hp_gain":0,"max_hp_loss":0,"event_name":"Purifier","floor":3,"gold_loss":0},{"cards_removed":["Defend_R"],"damage_healed":0,"gold_gain":0,"player_choice":"Card Removal","damage_taken":7,"max_hp_gain":0,"max_hp_loss":0,"event_name":"Golden Wing","floor":5,"gold_loss":0},{"damage_healed":0,"gold_gain":0,"player_choice":"Ignored","damage_taken":0,"max_hp_gain":0,"max_hp_loss":0,"event_name":"Shining Light","floor":7,"gold_loss":0},{"damage_healed":0,"gold_gain":0,"player_choice":"Ignored","damage_taken":0,"max_hp_gain":0,"max_hp_loss":0,"event_name":"Ghosts","floor":21,"gold_loss":0},{"damage_healed":42,"gold_gain":0,"player_choice":"Full Heal","damage_taken":0,"max_hp_gain":0,"max_hp_loss":0,"event_name":"Wheel of Change","floor":22,"gold_loss":0}],"is_beta":false,"boss_relics":[{"not_picked":["Astrolabe","Lizard Tail"],"picked":"Snecko Eye"}],"items_purged_floors":[],"is_endless":false,"potions_floor_spawned":[10,16,20],"killed_by":"Book of Stabbing","ascension_level":19}