{"gold_per_floor":[111,129,129,141,156,190,190,204,204,30,30],"floor_reached":11,"playtime":330,"items_purged":[],"score":135,"play_id":"e9fee93a-9eee-483e-889d-5c52e7abdbc3","local_time":"20190131080331","is_ascension_mode":true,"campfire_choices":[{"data":"Flame Barrier","floor":7,"key":"SMITH"}],"neow_cost":"NONE","seed_source_timestamp":224747277097200,"circlet_count":0,"master_deck":["AscendersBane","Strike_R","Strike_R","Strike_R","Strike_R","Strike_R","Defend_R","Defend_R","Defend_R","Defend_R","Bash","Shrug It Off","Shockwave","Thunderclap","Dropkick","Flame Barrier+1","Infernal Blade"],"relics":["Burning Blood","NeowsBlessing","Paper Frog","The Courier","Sundial","Membership Card"],"potions_floor_usage":[11],"damage_taken":[{"damage":0,"enemies":"Cultist","floor":1,"turns":1},{"damage":0,"enemies":"Small Slimes","floor":2,"turns":1},{"damage":0,"enemies":"Jaw Worm","floor":4,"turns":1},{"damage":5,"enemies":"Blue Slaver","floor":5,"turns":5},{"damage":42,"enemies":"Lagavulin","floor":6,"turns":8},{"damage":12,"enemies":"Exordium Thugs","floor":8,"turns":4},{"damage":59,"enemies":"Gremlin Nob","floor":11,"turns":5}],"seed_played":"-215315377563235160","potions_obtained":[{"floor":1,"key":"EssenceOfSteel"},{"floor":6,"key":"Explosive Potion"}],"is_trial":false,"path_per_floor":["M","M","T","M","M","E","R","M","T","$","E"],"character_chosen":"IRONCLAD","items_purchased":["Membership Card"],"campfire_rested":0,"item_purchase_floors":[10],"current_hp_per_floor":[74,75,75,75,75,39,39,33,33,33,0],"gold":30,"neow_bonus":"THREE_ENEMY_KILL","is_prod":false,"is_daily":false,"chose_seed":false,"campfire_upgraded":1,"win_rate":0,"timestamp":1548918211,"path_taken":["M","?","?","M","M","E","R","M","T","$","E"],"build_version":"2019-01-23","purchased_purges":0,"victory":false,"max_hp_per_floor":[75,75,75,75,75,75,75,75,75,75,75],"card_choices":[{"not_picked":["Disarm","Cleave"],"picked":"Shrug It Off","floor":1},{"not_picked":["Pommel Strike","True Grit"],"picked":"Shockwave","floor":2},{"not_picked":["Burning Pact","Warcry"],"picked":"Thunderclap","floor":4},{"not_picked":["Warcry","Searing Blow"],"picked":"Dropkick","floor":5},{"not_picked":["Dual Wield","Iron Wave"],"picked":"Flame Barrier","floor":6},{"not_picked":["Sentinel","Wild Strike"],"picked":"Infernal Blade","floor":8}],"player_experience":287483,"relics_obtained":[{"floor":3,"key":"Paper Frog"},{"floor":6,"key":"The Courier"},{"floor":9,"key":"Sundial"}],"event_choices":[],"is_beta":false,"boss_relics":[],"items_purged_floors":[],"is_endless":false,"potions_floor_spawned":[1,6],"killed_by":"Gremlin Nob","ascension_level":16}