{"gold_per_floor":[113,113,83,98,98,128,145,171,197,282,321,333,359,383,395,504,516,542,554,584,5,5,30,30,30,30,59,59,59,59,69,69,168,168,186,186,197,215,215,243,243,256,256,256,256],"floor_reached":45,"playtime":2404,"items_purged":["Strike_R"],"score":928,"play_id":"e89abae0-435f-4170-bd95-34678ac983f6","local_time":"20190125033640","is_ascension_mode":true,"campfire_choices":[{"data":"Corruption","floor":15,"key":"SMITH"},{"floor":24,"key":"REST"},{"floor":28,"key":"REST"},{"floor":30,"key":"REST"},{"data":"Corruption","floor":32,"key":"SMITH"},{"floor":41,"key":"REST"},{"data":"Barricade","floor":44,"key":"SMITH"}],"neow_cost":"NONE","seed_source_timestamp":98516734553100,"circlet_count":0,"master_deck":["AscendersBane","Strike_R+1","Defend_R","Defend_R+1","Defend_R","Defend_R","Bash","Shockwave","Corruption+1","Havoc","Shrug It Off","Rampage","Armaments+1","Shrug It Off+1","Headbutt","Barricade+1","Burning Pact+1","Shrug It Off+1","Intimidate+1","Secret Weapon+1","RitualDagger","Feel No Pain","Ghostly Armor+1","Corruption+1","Exhume+1","True Grit+1","Parasite","Fiend Fire","Warcry+1"],"relics":["Burning Blood","NeowsBlessing","Potion Belt","Art of War","MawBank","Toxic Egg 2","StoneCalendar","Cursed Key","Mummified Hand","FossilizedHelix","Smiling Mask","Sozu","NlothsMask","Shuriken"],"potions_floor_usage":[11,11,16,23,27,27,33],"damage_taken":[{"damage":0,"enemies":"2 Louse","floor":1,"turns":1},{"damage":0,"enemies":"Cultist","floor":4,"turns":1},{"damage":0,"enemies":"Lagavulin","floor":6,"turns":1},{"damage":1,"enemies":"Jaw Worm","floor":7,"turns":3},{"damage":51,"enemies":"3 Sentries","floor":8,"turns":12},{"damage":0,"enemies":"Gremlin Nob","floor":11,"turns":3},{"damage":1,"enemies":"Exordium Thugs","floor":13,"turns":5},{"damage":0,"enemies":"Large Slime","floor":14,"turns":6},{"damage":41,"enemies":"The Guardian","floor":16,"turns":9},{"damage":9,"enemies":"2 Thieves","floor":18,"turns":4},{"damage":0,"enemies":"Shell Parasite","floor":20,"turns":5},{"damage":60,"enemies":"Book of Stabbing","floor":23,"turns":7},{"damage":31,"enemies":"Slavers","floor":27,"turns":12},{"damage":0,"enemies":"Snake Plant","floor":31,"turns":3},{"damage":0,"enemies":"Champ","floor":33,"turns":9},{"damage":11,"enemies":"3 Shapes","floor":35,"turns":6},{"damage":0,"enemies":"Orb Walker","floor":37,"turns":6},{"damage":0,"enemies":"Writhing Mass","floor":38,"turns":7},{"damage":58,"enemies":"Nemesis","floor":40,"turns":9},{"damage":0,"enemies":"Maw","floor":42,"turns":8},{"damage":59,"enemies":"Reptomancer","floor":45,"turns":2}],"seed_played":"4868116907683408276","potions_obtained":[{"floor":3,"key":"EssenceOfSteel"},{"floor":3,"key":"Explosive Potion"},{"floor":6,"key":"Strength Potion"},{"floor":11,"key":"EssenceOfSteel"},{"floor":14,"key":"Fire Potion"},{"floor":20,"key":"FairyPotion"},{"floor":23,"key":"Dexterity Potion"},{"floor":27,"key":"Strength Potion"},{"floor":31,"key":"FearPotion"}],"is_trial":false,"path_per_floor":["M","?","?","M","?","E","M","E","T","T","E","$","M","M","R","B",null,"M","?","M","$","?","E","R","$","T","E","R","?","R","M","R","B",null,"M","?","M","M","?","E","R","M","T","R","E"],"character_chosen":"IRONCLAD","items_purchased":["Mummified Hand","Intimidate+1","Secret Weapon+1"],"campfire_rested":4,"item_purchase_floors":[21,21,21],"current_hp_per_floor":[78,62,62,68,68,74,79,34,34,34,40,40,45,51,51,16,64,61,61,67,67,61,7,31,31,31,14,38,38,62,68,68,74,79,74,74,80,80,80,28,52,58,58,58,0],"gold":256,"neow_bonus":"THREE_ENEMY_KILL","is_prod":false,"is_daily":false,"chose_seed":false,"campfire_upgraded":3,"win_rate":0,"timestamp":1548383800,"path_taken":["M","?","?","?","?","E","M","E","T","?","E","$","?","M","R","BOSS","M","?","M","$","?","E","R","$","T","E","R","?","R","M","R","BOSS","M","?","M","M","?","E","R","?","T","R","E"],"build_version":"2019-01-23","purchased_purges":1,"victory":false,"max_hp_per_floor":[80,80,80,80,80,80,80,80,80,80,80,80,80,80,80,80,80,80,80,80,80,80,80,80,80,80,80,80,80,80,80,80,80,80,80,80,80,80,80,80,80,80,80,80,80],"card_choices":[{"not_picked":["Clash","Burning Pact"],"picked":"Shockwave","floor":1},{"not_picked":["Ghostly Armor","Rage"],"picked":"Corruption","floor":4},{"not_picked":["Rage","Exhume"],"picked":"Havoc","floor":6},{"not_picked":["Headbutt","Twin Strike"],"picked":"Shrug It Off","floor":7},{"not_picked":["Sever Soul","Rage"],"picked":"Rampage","floor":8},{"not_picked":["Shockwave+1","Metallicize"],"picked":"Armaments+1","floor":11},{"not_picked":["Entrench+1","Clash"],"picked":"Shrug It Off+1","floor":13},{"not_picked":["Iron Wave","Bludgeon"],"picked":"Headbutt","floor":14},{"not_picked":["Bludgeon","Exhume+1"],"picked":"Barricade","floor":16},{"not_picked":["Rupture+1","Cleave"],"picked":"Burning Pact+1","floor":18},{"not_picked":["Thunderclap","Sever Soul+1"],"picked":"Shrug It Off+1","floor":20},{"not_picked":["Body Slam","True Grit+1"],"picked":"Feel No Pain","floor":23},{"not_picked":["Second Wind+1","Sword Boomerang+1","Pummel"],"picked":"SKIP","floor":27},{"not_picked":["Anger","Combust","Headbutt"],"picked":"SKIP","floor":31},{"not_picked":["Feed","Immolate"],"picked":"Exhume+1","floor":33},{"not_picked":["Thunderclap","Cleave+1","Reckless Charge"],"picked":"SKIP","floor":35},{"not_picked":["Cleave+1","Searing Blow"],"picked":"True Grit+1","floor":37},{"not_picked":["Clash","Cleave"],"picked":"Fiend Fire","floor":38},{"not_picked":["Pummel","Flex+1"],"picked":"Warcry+1","floor":40},{"not_picked":["Warcry+1","Anger+1","Wild Strike+1"],"picked":"SKIP","floor":42}],"player_experience":247836,"relics_obtained":[{"floor":6,"key":"Potion Belt"},{"floor":8,"key":"Art of War"},{"floor":9,"key":"MawBank"},{"floor":10,"key":"Toxic Egg 2"},{"floor":11,"key":"StoneCalendar"},{"floor":23,"key":"FossilizedHelix"},{"floor":27,"key":"Smiling Mask"},{"floor":40,"key":"Shuriken"}],"event_choices":[{"damage_healed":0,"gold_gain":0,"player_choice":"Entered Light","damage_taken":16,"max_hp_gain":0,"max_hp_loss":0,"event_name":"Shining Light","floor":2,"gold_loss":0,"cards_upgraded":["Defend_R","Strike_R"]},{"damage_healed":0,"gold_gain":0,"player_choice":"Bought 2 Potions","damage_taken":0,"max_hp_gain":0,"max_hp_loss":0,"event_name":"The Woman in Blue","floor":3,"gold_loss":0},{"damage_healed":0,"gold_gain":0,"player_choice":"Ignored","damage_taken":0,"max_hp_gain":0,"max_hp_loss":0,"event_name":"Liars Game","floor":5,"gold_loss":0},{"damage_healed":0,"gold_gain":0,"player_choice":"Ignored","damage_taken":0,"max_hp_gain":0,"max_hp_loss":0,"event_name":"Ghosts","floor":19,"gold_loss":0},{"damage_healed":0,"gold_gain":0,"player_choice":"Joined the Cult","damage_taken":6,"max_hp_gain":0,"max_hp_loss":0,"event_name":"Nest","floor":22,"gold_loss":0,"cards_obtained":["RitualDagger"]},{"damage_healed":0,"gold_gain":0,"cards_transformed":["Strike_R","Strike_R"],"player_choice":"Became Test Subject","damage_taken":0,"max_hp_gain":0,"max_hp_loss":0,"event_name":"Drug Dealer","floor":29,"gold_loss":0,"cards_obtained":["Ghostly Armor","Corruption"]},{"cards_removed":["Strike_R"],"damage_healed":0,"gold_gain":0,"player_choice":"Removed Attack","damage_taken":0,"max_hp_gain":0,"max_hp_loss":0,"event_name":"Falling","floor":36,"gold_loss":0},{"damage_healed":0,"gold_gain":0,"player_choice":"Trade","damage_taken":0,"relics_obtained":["NlothsMask"],"max_hp_gain":0,"max_hp_loss":0,"event_name":"FaceTrader","floor":39,"gold_loss":0}],"is_beta":false,"boss_relics":[{"not_picked":["White Beast Statue","Busted Crown"],"picked":"Cursed Key"},{"not_picked":["Calling Bell","Pandora\u0027s Box"],"picked":"Sozu"}],"items_purged_floors":[21],"is_endless":false,"potions_floor_spawned":[6,11,14,20,23,27,31,38,42],"killed_by":"Reptomancer","ascension_level":11}