{"gold_per_floor":[176,253,138,188,247,373,373,517,517,675,675,842,937,1080,1080,1546,1546,1603,1603,1651,1028,1028,1180,1309,1447,1447,1599,1728,1728,1876,2009,2009,2465,2465,2541,2541,1886,1967,1967,2110,2229,2367,2448,2060,2151,2313,2480,2187,2187,2187],"floor_reached":51,"playtime":3375,"items_purged":[],"score":1938,"play_id":"a15828bb-85df-426d-962e-ebdfbfb2048d","local_time":"20181007055217","daily_mods":["Draft","Hoarder","Heirloom","Flight","DeadlyEvents","Elite Swarm","Midas","MonsterHunter"],"is_ascension_mode":true,"campfire_choices":[{"floor":7,"key":"REST"},{"floor":15,"key":"REST"},{"floor":29,"key":"DIG"},{"floor":32,"key":"DIG"},{"floor":49,"key":"DIG"}],"neow_cost":"","seed_source_timestamp":0,"circlet_count":0,"master_deck":["Gash","Gash","Gash","Hologram","Hologram","Hologram","Go for the Eyes","Go for the Eyes","Go for the Eyes","Steam","Steam","Steam+1","Beam Cell","Beam Cell","Beam Cell","Steam","Steam","Steam","Gash","Gash","Gash","Coolheaded","Coolheaded","Ball Lightning","Ball Lightning","Ball Lightning","Reprogram","Reprogram","Reprogram","Static Discharge","Static Discharge","Static Discharge","White Noise","White Noise","White Noise","Beam Cell","Beam Cell","Beam Cell","Hologram","Hologram","Hologram","Sweeping Beam","Sweeping Beam","Sweeping Beam","Beam Cell","Beam Cell","Beam Cell","Gash","Gash","Gash","Beam Cell","Beam Cell","Beam Cell","All For One","All For One","All For One","Fission","Fission","Fission","Seek","Seek","Seek","Seek","Seek","Seek","Gash","Gash","Gash","Go for the Eyes","Go for the Eyes","Go for the Eyes","Sadistic Nature+1","Sadistic Nature+1","Sadistic Nature+1","Fission","Fission","Fission","Seek","Seek","Seek","Reboot","Reboot","Reboot","Beam Cell+1","Beam Cell+1","Beam Cell+1","Chill+1","Chill+1","Chill+1","Steam+1","Steam","Steam","Fission","Fission","Fission","Flash of Steel+1","Flash of Steel+1","Flash of Steel+1","Beam Cell+1","Beam Cell+1","Beam Cell+1","Beam Cell+1","Beam Cell+1","Beam Cell+1","Fission","Fission","Fission","Gash+1","Gash+1","Gash+1","Swift Strike+1","Swift Strike+1","Swift Strike+1"],"relics":["Unceasing Top","Gambling Chip","Tiny Chest","Ginger","Cables","Frozen Egg 2","Letter Opener","Golden Idol","Dream Catcher","Omamori","Lizard Tail","Prayer Wheel","Pen Nib","Boot","Happy Flower","Meat on the Bone","Peace Pipe","Shovel","Lantern","Sundial","Bottled Lightning","DataDisk","Runic Dome","Mango","PreservedInsect","Runic Capacitor","Calipers","Bird Faced Urn","Molten Egg 2","War Paint","Question Card","Anchor","Centennial Puzzle","Mummified Hand","Pear","DollysMirror","FossilizedHelix"],"potions_floor_usage":[],"damage_taken":[{"damage":0,"enemies":"Cultist","floor":1,"turns":2},{"damage":0,"enemies":"Small Slimes","floor":2,"turns":3},{"damage":0,"enemies":"2 Louse","floor":4,"turns":1},{"damage":0,"enemies":"Blue Slaver","floor":5,"turns":1},{"damage":0,"enemies":"3 Sentries","floor":6,"turns":4},{"damage":0,"enemies":"Gremlin Nob","floor":8,"turns":2},{"damage":6,"enemies":"3 Sentries","floor":10,"turns":4},{"damage":0,"enemies":"Gremlin Nob","floor":12,"turns":2},{"damage":0,"enemies":"3 Louse","floor":13,"turns":1},{"damage":0,"enemies":"Lagavulin","floor":14,"turns":3},{"damage":17,"enemies":"The Guardian","floor":16,"turns":4},{"damage":0,"enemies":"Spheric Guardian","floor":18,"turns":1},{"damage":0,"enemies":"2 Thieves","floor":20,"turns":2},{"damage":0,"enemies":"Gremlin Leader","floor":23,"turns":2},{"damage":0,"enemies":"Slavers","floor":24,"turns":2},{"damage":0,"enemies":"Gremlin Leader","floor":25,"turns":2},{"damage":0,"enemies":"Slavers","floor":27,"turns":1},{"damage":0,"enemies":"Gremlin Leader","floor":28,"turns":1},{"damage":0,"enemies":"Book of Stabbing","floor":30,"turns":1},{"damage":0,"enemies":"Slavers","floor":31,"turns":1},{"damage":0,"enemies":"Champ","floor":33,"turns":2},{"damage":0,"enemies":"3 Darklings","floor":35,"turns":1},{"damage":0,"enemies":"Mind Bloom Boss Battle","floor":36,"turns":1},{"damage":0,"enemies":"Orb Walker","floor":38,"turns":1},{"damage":0,"enemies":"Nemesis","floor":40,"turns":1},{"damage":0,"enemies":"2 Orb Walkers","floor":41,"turns":1},{"damage":0,"enemies":"Giant Head","floor":42,"turns":1},{"damage":0,"enemies":"Spire Growth","floor":45,"turns":1},{"damage":0,"enemies":"Nemesis","floor":46,"turns":1},{"damage":0,"enemies":"Giant Head","floor":47,"turns":1},{"damage":0,"enemies":"Donu and Deca","floor":50,"turns":1}],"seed_played":"2669577887346432991","potions_obtained":[{"floor":1,"key":"FocusPotion"},{"floor":6,"key":"Poison Potion"},{"floor":8,"key":"EssenceOfSteel"},{"floor":12,"key":"Regen Potion"},{"floor":24,"key":"Strength Potion"},{"floor":47,"key":"SteroidPotion"}],"is_trial":true,"path_per_floor":["M","M","$","M","M","E","R","E","T","E","?","E","M","E","R","B",null,"M","?","M","$","?","E","E","E","T","E","E","R","E","E","R","B",null,"M","?","$","M","?","E","E","E","T","$","M","E","E","$","R","B"],"character_chosen":"DEFECT","items_purchased":["Tiny Chest","Prayer Wheel","Pen Nib","Sadistic Nature+1","PreservedInsect","Runic Capacitor","Calipers","Anchor","Centennial Puzzle","Flash of Steel+1","DollysMirror","Swift Strike+1"],"campfire_rested":2,"item_purchase_floors":[3,21,21,21,37,37,37,44,44,44,48,48],"current_hp_per_floor":[75,75,75,75,75,75,75,75,75,69,51,51,51,51,73,56,75,75,75,75,75,75,75,75,75,75,75,75,75,75,75,75,75,75,75,89,89,89,89,89,89,89,89,89,89,89,99,99,99,99],"gold":2187,"neow_bonus":"","is_prod":false,"is_daily":false,"chose_seed":false,"campfire_upgraded":0,"win_rate":0,"timestamp":1538884337,"path_taken":["M","M","?","M","M","E","R","E","T","E","?","E","?","E","R","BOSS","M","?","?","?","?","E","E","E","T","E","E","R","E","?","R","BOSS","M","?","$","?","?","E","E","E","T","$","?","?","E","$","R","BOSS"],"build_version":"2018-10-04v2","purchased_purges":0,"victory":true,"max_hp_per_floor":[75,75,75,75,75,75,75,75,75,75,75,75,75,75,75,75,75,75,75,75,75,75,75,75,75,75,75,75,75,75,75,75,75,75,75,89,89,89,89,89,89,89,89,89,89,89,99,99,99,99],"card_choices":[{"not_picked":["Glacier","Conserve Battery"],"picked":"Gash","floor":0},{"not_picked":["Coolheaded","BootSequence"],"picked":"Hologram","floor":0},{"not_picked":["Coolheaded","Redo"],"picked":"Go for the Eyes","floor":0},{"not_picked":["Compile Driver","Force Field"],"picked":"Steam","floor":0},{"not_picked":["Chaos","Coolheaded"],"picked":"Beam Cell","floor":0},{"not_picked":["Chaos","Stack"],"picked":"Steam","floor":0},{"not_picked":["Compile Driver","FTL"],"picked":"Gash","floor":0},{"not_picked":["Cold Snap","Stack"],"picked":"Coolheaded","floor":0},{"not_picked":["Sweeping Beam","Force Field"],"picked":"Ball Lightning","floor":0},{"not_picked":["Rebound","Turbo"],"picked":"Reprogram","floor":0},{"not_picked":["Cold Snap","Conserve Battery"],"picked":"Static Discharge","floor":0},{"not_picked":["Cold Snap","Leap"],"picked":"White Noise","floor":0},{"not_picked":["Rebound","Go for the Eyes"],"picked":"Beam Cell","floor":0},{"not_picked":["Steam Power","Cold Snap"],"picked":"Hologram","floor":0},{"not_picked":["Sunder","Barrage"],"picked":"Sweeping Beam","floor":0},{"not_picked":["Storm","FTL"],"picked":"Beam Cell","floor":1},{"not_picked":["Barrage","Tempest","Streamline"],"picked":"SKIP","floor":2},{"not_picked":["Hello World","Auto Shields"],"picked":"Gash","floor":4},{"not_picked":["Coolheaded","Go for the Eyes"],"picked":"Beam Cell","floor":5},{"not_picked":["Thunder Strike","Multi-Cast"],"picked":"All For One","floor":6},{"not_picked":["Thunder Strike","Rainbow"],"picked":"Fission","floor":8},{"not_picked":["Thunder Strike","Hyperbeam","Buffer+1"],"picked":"SKIP","floor":10},{"not_picked":["Rainbow","Fission"],"picked":"Seek","floor":12},{"not_picked":["Cold Snap","Coolheaded","Conserve Battery"],"picked":"SKIP","floor":13},{"not_picked":["Creative AI+1","Amplify"],"picked":"Seek","floor":14},{"not_picked":["Chaos","Storm+1"],"picked":"Gash","floor":15},{"not_picked":["Skim","Leap"],"picked":"Go for the Eyes","floor":18},{"not_picked":["Recycle","Hologram","Leap"],"picked":"SKIP","floor":20},{"not_picked":["Core Surge","Biased Cognition+1","Hyperbeam"],"picked":"SKIP","floor":23},{"not_picked":["Core Surge","Electrodynamics+1"],"picked":"Fission","floor":24},{"not_picked":["Hyperbeam","Thunder Strike"],"picked":"Seek","floor":25},{"not_picked":["Multi-Cast","Biased Cognition+1","Meteor Strike"],"picked":"SKIP","floor":27},{"not_picked":["All For One","Buffer+1","Biased Cognition+1"],"picked":"SKIP","floor":28},{"not_picked":["Meteor Strike","Core Surge"],"picked":"Reboot","floor":30},{"not_picked":["Creative AI+1","All For One","Multi-Cast"],"picked":"SKIP","floor":31},{"not_picked":["Leap+1","Steam+1"],"picked":"Beam Cell+1","floor":35},{"not_picked":["Streamline","Creative AI+1","Conserve Battery+1"],"picked":"SKIP","floor":35},{"not_picked":["Redo","Compile Driver+1"],"picked":"Chill+1","floor":36},{"not_picked":["Rebound","Tempest+1"],"picked":"Steam","floor":38},{"not_picked":["Glacier+1","Leap","Ball Lightning+1"],"picked":"SKIP","floor":38},{"not_picked":["Reboot","Thunder Strike"],"picked":"Fission","floor":40},{"not_picked":["Echo Form+1","Rainbow","Thunder Strike"],"picked":"SKIP","floor":41},{"not_picked":["Buffer+1","Electrodynamics+1","Rainbow"],"picked":"SKIP","floor":42},{"not_picked":["Redo+1","Rebound+1","Reinforced Body+1"],"picked":"Beam Cell+1","floor":45},{"not_picked":["Go for the Eyes+1","Steam+1","Ball Lightning+1"],"picked":"Beam Cell+1","floor":45},{"not_picked":["Seek","Biased Cognition+1","Meteor Strike+1","Rainbow"],"picked":"SKIP","floor":46},{"not_picked":["Buffer+1","Hyperbeam+1","Echo Form+1"],"picked":"Fission","floor":47}],"player_experience":227241,"relics_obtained":[{"floor":6,"key":"Ginger"},{"floor":8,"key":"Cables"},{"floor":9,"key":"Frozen Egg 2"},{"floor":10,"key":"Letter Opener"},{"floor":12,"key":"Dream Catcher"},{"floor":14,"key":"Omamori"},{"floor":24,"key":"Boot"},{"floor":25,"key":"Happy Flower"},{"floor":26,"key":"Meat on the Bone"},{"floor":27,"key":"Peace Pipe"},{"floor":28,"key":"Shovel"},{"floor":29,"key":"Lantern"},{"floor":30,"key":"Sundial"},{"floor":31,"key":"Bottled Lightning"},{"floor":32,"key":"DataDisk"},{"floor":36,"key":"Mango"},{"floor":40,"key":"Bird Faced Urn"},{"floor":41,"key":"Molten Egg 2"},{"floor":42,"key":"War Paint"},{"floor":43,"key":"Question Card"},{"floor":46,"key":"Mummified Hand"},{"floor":47,"key":"Pear"},{"floor":49,"key":"FossilizedHelix"}],"event_choices":[{"event_name":"Golden Idol","player_choice":"Take Damage","floor":11,"damage_taken":0},{"event_name":"Ghosts","player_choice":"Ignored","floor":19,"damage_taken":0},{"event_name":"Back to Basics","player_choice":"Elegance","floor":22,"damage_taken":0},{"event_name":"MindBloom","player_choice":"Fight","floor":36,"damage_taken":0},{"event_name":"The Moai Head","player_choice":"Ignored","floor":39,"damage_taken":0}],"is_beta":false,"boss_relics":[{"not_picked":["Eternal Feather","Velvet Choker"],"picked":"Lizard Tail"},{"not_picked":["White Beast Statue","Cursed Key"],"picked":"Runic Dome"}],"items_purged_floors":[],"is_endless":false,"potions_floor_spawned":[1,6,8,12,14,24,25,33,41,45,46,47],"ascension_level":1}