{"path_per_floor":["M","$","?","M","?","M","M","R","T","M","E","M","R","M","R"],"character_chosen":"THE_SILENT","items_purchased":[],"gold_per_floor":[215,215,215,227,227,243,263,263,263,280,305,319,319,338,338],"floor_reached":16,"campfire_rested":1,"playtime":1132,"current_hp_per_floor":[68,68,68,65,70,65,65,65,65,61,55,43,67,54,54],"items_purged":[],"gold":338,"score":104,"play_id":"b3f7a5bd-6430-4583-9fdc-bd7a64a212a9","is_prod":false,"is_daily":false,"is_ascension_mode":false,"campfire_upgraded":2,"path_taken":["M","$","?","M","?","M","M","R","T","M","E","M","R","M","R","BOSS"],"build_version":"2018-02-12-PROD1","purchased_purges":0,"victory":false,"master_deck":["Defend_G","Defend_G","Defend_G","Defend_G","Defend_G","Strike_G","Strike_G","Strike_G","Strike_G","Strike_G","Survivor","Neutralize","Backflip","Neutralize","Outmaneuver+1","Backflip","Cloak And Dagger","Crippling Poison+1","Quick Slash","Deadly Poison","Outmaneuver"],"max_hp_per_floor":[70,70,70,70,75,75,75,75,75,75,82,82,82,82,82],"relics":["Ring of the Snake","Frozen Eye","Strawberry"],"card_choices":[{"not_picked":["Catalyst","Dagger Throw"],"picked":"Backflip"},{"not_picked":["Quick Slash","Escape Plan"],"picked":"Outmaneuver"},{"not_picked":["Dagger Throw","Underhanded Strike"],"picked":"Backflip"},{"not_picked":["Leg Sweep","Bane"],"picked":"Cloak And Dagger"},{"not_picked":["Masterful Stab","Bane"],"picked":"Crippling Poison"},{"not_picked":["Corpse Explosion","Slice"],"picked":"Quick Slash"},{"not_picked":["Dagger Throw","Slice"],"picked":"Deadly Poison"},{"not_picked":["Glass Knife","Underhanded Strike"],"picked":"Outmaneuver"}],"player_experience":186713,"potions_floor_usage":[11,16],"damage_taken":[{"damage":2,"enemies":"2 Louse","floor":1,"turns":4},{"damage":3,"enemies":"Blue Slaver","floor":4,"turns":4},{"damage":5,"enemies":"Jaw Worm","floor":6,"turns":7},{"damage":0,"enemies":"Looter","floor":7,"turns":3},{"damage":4,"enemies":"Red Slaver","floor":10,"turns":6},{"damage":28,"enemies":"3 Sentries","floor":11,"turns":12},{"damage":12,"enemies":"3 Louse","floor":12,"turns":3},{"damage":13,"enemies":"Large Slime","floor":14,"turns":8},{"damage":55,"enemies":"The Guardian","floor":16,"turns":11}],"event_choices":[{"event_name":"Match and Keep!","player_choice":"1 cards matched","floor":3,"damage_taken":0},{"event_name":"Big Fish","player_choice":"Donut","floor":5,"damage_taken":0}],"boss_relics":[],"potions_floor_spawned":[1,10,14],"seed_played":"-3942212891606688974","killed_by":"The Guardian","ascension_level":0,"is_trial":false}