{"gold_per_floor":[118,218,232,232,83,93,93,127,154,154,3,3,3,16,16,111,111,131,148,148,163,173,173,190,190,190,190,190,201,300,56,56,154,154,164,264,264,264,139,139,154,154,154,172,172,190,190,6,6,6],"floor_reached":51,"playtime":2600,"items_purged":["Defend_B","Strike_B","Strike_B","Strike_B"],"score":880,"play_id":"7e164539-fc08-486d-b1c7-98ad20a76637","local_time":"20181106230811","is_ascension_mode":true,"campfire_choices":[{"data":"Sunder","floor":7,"key":"SMITH"},{"data":"Go for the Eyes","floor":10,"key":"SMITH"},{"data":"Tempest","floor":12,"key":"SMITH"},{"data":"Zap","floor":15,"key":"SMITH"},{"floor":23,"key":"REST"},{"floor":25,"key":"REST"},{"data":"Glacier","floor":27,"key":"SMITH"},{"floor":32,"key":"REST"},{"data":"Madness","floor":40,"key":"SMITH"},{"data":"Madness","floor":42,"key":"SMITH"},{"floor":47,"key":"REST"},{"floor":49,"key":"REST"}],"neow_cost":"NONE","seed_source_timestamp":2766112329550613,"circlet_count":0,"master_deck":["Defend_B","Defend_B","Defend_B","Zap+1","Dualcast","Sunder+1","Leap","Conserve Battery","Leap","Go for the Eyes+1","Tempest+1","Cold Snap","Echo Form","Coolheaded","White Noise+1","Blizzard","Double Energy+1","Glacier+1","Cold Snap","Reboot","Coolheaded+1","Madness+1","Madness+1","Auto Shields","Force Field","Coolheaded+1","BootSequence"],"relics":["Sozu","Art of War","Oddly Smooth Stone","Centennial Puzzle","Lizard Tail","Sundial","Cables","Eternal Feather","Calipers","Mercury Hourglass"],"potions_floor_usage":[],"damage_taken":[{"damage":0,"enemies":"Cultist","floor":1,"turns":4},{"damage":0,"enemies":"2 Louse","floor":3,"turns":2},{"damage":0,"enemies":"Jaw Worm","floor":6,"turns":3},{"damage":3,"enemies":"Lagavulin","floor":8,"turns":6},{"damage":0,"enemies":"3 Louse","floor":14,"turns":3},{"damage":7,"enemies":"Hexaghost","floor":16,"turns":9},{"damage":20,"enemies":"Chosen","floor":18,"turns":8},{"damage":1,"enemies":"3 Byrds","floor":19,"turns":5},{"damage":4,"enemies":"Centurion and Healer","floor":21,"turns":4},{"damage":14,"enemies":"Cultist and Chosen","floor":22,"turns":6},{"damage":24,"enemies":"Chosen and Byrds","floor":24,"turns":7},{"damage":23,"enemies":"Centurion and Healer","floor":29,"turns":7},{"damage":50,"enemies":"Champ","floor":33,"turns":16},{"damage":12,"enemies":"3 Darklings","floor":35,"turns":6},{"damage":0,"enemies":"Mind Bloom Boss Battle","floor":36,"turns":9},{"damage":6,"enemies":"Orb Walker","floor":41,"turns":5},{"damage":32,"enemies":"Transient","floor":44,"turns":5},{"damage":22,"enemies":"Jaw Worm Horde","floor":46,"turns":8},{"damage":65,"enemies":"Time Eater","floor":50,"turns":18}],"seed_played":"718462603143988301","potions_obtained":[],"is_trial":false,"path_per_floor":["M","?","M","?","$","M","R","E","T","R","$","R","?","M","R","B",null,"M","M","?","M","M","R","M","R","T","R","?","M","?","$","R","B",null,"M","?","?","?","$","R","M","R","T","M","?","M","R","$","R","B",null],"character_chosen":"DEFECT","items_purchased":["Conserve Battery","Leap","Cold Snap","Cables","BootSequence"],"campfire_rested":5,"item_purchase_floors":[5,5,11,31,48],"current_hp_per_floor":[68,68,68,56,56,56,56,53,53,53,53,53,53,53,53,46,68,48,47,47,43,29,51,27,49,49,49,35,12,12,12,36,40,70,58,58,58,48,48,60,54,69,69,37,37,15,54,54,80,15],"gold":6,"neow_bonus":"BOSS_RELIC","is_prod":false,"is_daily":false,"chose_seed":false,"campfire_upgraded":7,"win_rate":0,"timestamp":1541513291,"path_taken":["M","?","?","?","$","M","R","E","T","R","?","R","?","M","R","BOSS","M","M","?","M","M","R","M","R","T","R","?","M","?","$","R","BOSS","M","?","?","?","$","R","M","R","T","M","?","?","R","$","R","BOSS"],"build_version":"2018-11-01","purchased_purges":4,"victory":true,"max_hp_per_floor":[75,75,75,75,75,75,75,75,75,75,75,75,75,75,75,75,75,75,75,75,75,75,75,75,75,75,75,80,80,80,80,80,80,80,80,80,80,80,80,80,80,80,80,80,80,80,80,80,80,80],"card_choices":[{"not_picked":["Compile Driver","Barrage"],"picked":"Sunder","floor":1},{"not_picked":["Ball Lightning","Steam"],"picked":"Leap","floor":3},{"not_picked":["Conserve Battery","Static Discharge"],"picked":"Go for the Eyes","floor":6},{"not_picked":["Sweeping Beam","Thunder Strike"],"picked":"Tempest","floor":8},{"not_picked":["Streamline","Static Discharge","Gash"],"picked":"SKIP","floor":14},{"not_picked":["All For One","Electrodynamics"],"picked":"Echo Form","floor":16},{"not_picked":["Ball Lightning","Rebound"],"picked":"Coolheaded","floor":18},{"not_picked":["Steam","Cold Snap"],"picked":"White Noise+1","floor":19},{"not_picked":["Sweeping Beam+1","Leap"],"picked":"Blizzard","floor":21},{"not_picked":["Coolheaded+1","Ball Lightning"],"picked":"Double Energy+1","floor":22},{"not_picked":["Rebound+1","Compile Driver+1"],"picked":"Glacier","floor":24},{"not_picked":["Streamline","Melter"],"picked":"Cold Snap","floor":29},{"not_picked":["All For One","Machine Learning"],"picked":"Reboot","floor":33},{"not_picked":["Reinforced Body","Beam Cell+1"],"picked":"Coolheaded+1","floor":35},{"not_picked":["Sweeping Beam","Go for the Eyes"],"picked":"Auto Shields","floor":41},{"not_picked":["Streamline+1","Gash"],"picked":"Force Field","floor":44},{"not_picked":["Redo+1","Rebound"],"picked":"Coolheaded+1","floor":46}],"player_experience":420118,"relics_obtained":[{"floor":8,"key":"Oddly Smooth Stone"},{"floor":9,"key":"Centennial Puzzle"},{"floor":26,"key":"Sundial"},{"floor":36,"key":"Calipers"},{"floor":43,"key":"Mercury Hourglass"}],"event_choices":[{"damage_healed":0,"gold_gain":100,"player_choice":"Pray","damage_taken":0,"max_hp_gain":0,"max_hp_loss":0,"event_name":"Golden Shrine","floor":2,"gold_loss":0},{"damage_healed":0,"gold_gain":0,"player_choice":"Success","damage_taken":12,"relics_obtained":["Art of War"],"max_hp_gain":0,"max_hp_loss":0,"event_name":"Scrap Ooze","floor":4,"gold_loss":0},{"cards_removed":["Strike_B"],"damage_healed":0,"gold_gain":0,"player_choice":"Forget","damage_taken":0,"max_hp_gain":0,"max_hp_loss":0,"event_name":"Living Wall","floor":13,"gold_loss":0},{"damage_healed":0,"gold_gain":0,"player_choice":"Ignored","damage_taken":0,"max_hp_gain":0,"max_hp_loss":0,"event_name":"Ghosts","floor":20,"gold_loss":0},{"damage_healed":0,"gold_gain":0,"player_choice":"Shed Blood","damage_taken":19,"max_hp_gain":5,"max_hp_loss":0,"event_name":"Forgotten Altar","floor":28,"gold_loss":0},{"damage_healed":0,"gold_gain":99,"player_choice":"Stole From Cult","damage_taken":0,"max_hp_gain":0,"max_hp_loss":0,"event_name":"Nest","floor":30,"gold_loss":0},{"damage_healed":0,"gold_gain":0,"player_choice":"Fight","damage_taken":0,"max_hp_gain":0,"max_hp_loss":0,"event_name":"MindBloom","floor":36,"gold_loss":0},{"damage_healed":0,"gold_gain":0,"player_choice":"Ignored","damage_taken":0,"max_hp_gain":0,"max_hp_loss":0,"event_name":"Tomb of Lord Red Mask","floor":37,"gold_loss":0},{"damage_healed":0,"gold_gain":0,"player_choice":"Embrace Madness","damage_taken":10,"max_hp_gain":0,"max_hp_loss":0,"event_name":"Winding Halls","floor":38,"gold_loss":0,"cards_obtained":["Madness","Madness"]},{"damage_healed":0,"gold_gain":0,"player_choice":"0 cards matched","damage_taken":0,"max_hp_gain":0,"max_hp_loss":0,"event_name":"Match and Keep!","floor":45,"gold_loss":0,"cards_obtained":[]}],"is_beta":false,"boss_relics":[{"not_picked":["Runic Dome","White Beast Statue"],"picked":"Lizard Tail"},{"not_picked":["Calling Bell","Velvet Choker"],"picked":"Eternal Feather"}],"items_purged_floors":[5,11,39,48],"is_endless":false,"potions_floor_spawned":[1,3,16,21,24,33,35,36,46],"ascension_level":8}