{"path_per_floor":["M","?","M","M","$","R","M","?","T","M","M","M","R","M","R","B",null,"M","$","M","?","$","R","M","M","T","M","M","E","R","M","R","B",null,"M","$","M","M"],"character_chosen":"THE_SILENT","items_purchased":["Apotheosis","Infinite Blades","Toxic Egg 2","Setup"],"gold_per_floor":[114,114,131,142,142,142,162,162,162,173,187,203,203,214,214,313,313,329,127,143,143,110,110,130,142,167,178,193,225,225,241,241,338,368,387,103,118,135],"floor_reached":39,"campfire_rested":3,"playtime":3963,"current_hp_per_floor":[68,68,64,60,60,60,42,47,47,38,38,24,24,20,42,27,75,65,65,65,58,58,58,50,48,48,30,28,17,39,35,57,48,80,65,65,61,12],"items_purged":[],"gold":135,"play_id":"341480f5-15de-423d-882e-a11b98dad7a1","is_prod":false,"is_daily":false,"is_ascension_mode":false,"campfire_upgraded":1,"path_taken":["M","?","M","M","$","R","M","?","T","M","M","M","R","M","R","BOSS","M","$","M","?","$","R","M","M","T","M","M","E","R","M","R","BOSS","M","$","M","M","M"],"build_version":"2018-02-01-PROD3","purchased_purges":0,"victory":false,"master_deck":["Defend_G","Defend_G","Defend_G","Defend_G","Defend_G","Strike_G","Strike_G","Strike_G","Strike_G","Strike_G","Survivor","Neutralize","Malaise+1","Flying Knee","Finisher","Deflect","Flying Knee","Choke","Terror","Deadly Poison","Bullet Time","Flying Knee","Apotheosis","Infinite Blades+1","Infinite Blades","Distraction","Flying Knee+1","Clumsy","Tools of the Trade","Dash","Prepared+1","Slice","Adrenaline","Backflip","Accuracy","Setup+1","Deflect+1","Outmaneuver+1"],"max_hp_per_floor":[70,70,70,70,70,70,70,75,75,75,75,75,75,75,75,75,75,75,75,75,75,75,75,75,75,75,75,75,75,75,75,75,75,80,80,80,80,80],"relics":["Ring of the Snake","Bronze Scales","Shovel","Ninja Scroll","Cursed Key","Juzu Bracelet","Art of War","Blood Vial","Tiny House","Toxic Egg 2"],"card_choices":[{"not_picked":["Dagger Throw","Terror"],"picked":"Malaise"},{"not_picked":["Slice","Predator"],"picked":"Flying Knee"},{"not_picked":["Acrobatics","Dagger Throw"],"picked":"Finisher"},{"not_picked":["Setup","All Out Attack"],"picked":"Deflect"},{"not_picked":["Blur","Deadly Poison"],"picked":"Flying Knee"},{"not_picked":["Flechettes","Endless Agony"],"picked":"Choke"},{"not_picked":["Night Terror","Blade Dance"],"picked":"Terror"},{"not_picked":["Bane","Acrobatics"],"picked":"Deadly Poison"},{"not_picked":["Tools of the Trade","Corpse Explosion"],"picked":"Bullet Time"},{"not_picked":["Deadly Poison","Deflect"],"picked":"Flying Knee"},{"not_picked":["Acrobatics","Quick Slash"],"picked":"Infinite Blades"},{"not_picked":["PiercingWail","Backflip"],"picked":"Distraction"},{"not_picked":["Slice","Backflip"],"picked":"Flying Knee"},{"not_picked":["Deadly Poison","Setup"],"picked":"Tools of the Trade"},{"not_picked":["Dodge and Roll","Deadly Poison"],"picked":"Dash"},{"not_picked":["Riddle With Holes","Skewer"],"picked":"Prepared"},{"not_picked":["Distraction","Setup"],"picked":"Slice"},{"not_picked":["Phantasmal Killer","Grand Finale"],"picked":"Adrenaline"},{"not_picked":["Slice","Underhanded Strike"],"picked":"Backflip"},{"not_picked":["Concentrate","Deadly Poison"],"picked":"Accuracy"},{"not_picked":["Underhanded Strike","Acrobatics"],"picked":"Deflect"},{"not_picked":["Blur","Deflect"],"picked":"Outmaneuver"}],"player_experience":159346,"potions_floor_usage":[10,14,16,16,28,29,33,33,37,38],"damage_taken":[{"damage":2,"enemies":"Small Slimes","floor":1,"turns":3},{"damage":4,"enemies":"Blue Slaver","floor":3,"turns":4},{"damage":4,"enemies":"Cultist","floor":4,"turns":5},{"damage":18,"enemies":"Exordium Wildlife","floor":7,"turns":6},{"damage":9,"enemies":"Looter","floor":10,"turns":4},{"damage":0,"enemies":"2 Fungi Beasts","floor":11,"turns":4},{"damage":14,"enemies":"Exordium Thugs","floor":12,"turns":5},{"damage":4,"enemies":"Exordium Wildlife","floor":14,"turns":3},{"damage":15,"enemies":"The Guardian","floor":16,"turns":11},{"damage":10,"enemies":"2 Thieves","floor":18,"turns":4},{"damage":0,"enemies":"Chosen","floor":20,"turns":2},{"damage":8,"enemies":"Snake Plant","floor":24,"turns":4},{"damage":2,"enemies":"Snecko","floor":25,"turns":4},{"damage":18,"enemies":"3 Cultists","floor":27,"turns":4},{"damage":11,"enemies":"Snake Plant","floor":28,"turns":4},{"damage":11,"enemies":"Book of Stabbing","floor":29,"turns":4},{"damage":6,"enemies":"Snecko","floor":31,"turns":5},{"damage":11,"enemies":"Champ","floor":33,"turns":11},{"damage":15,"enemies":"Orb Walker","floor":35,"turns":3},{"damage":6,"enemies":"3 Shapes","floor":37,"turns":6},{"damage":51,"enemies":"Sphere and 2 Shapes","floor":38,"turns":8},{"damage":24,"enemies":"Maw","floor":39,"turns":6}],"event_choices":[{"event_name":"The Lab","player_choice":"Got Potions","floor":2,"damage_taken":0},{"event_name":"Big Fish","player_choice":"Donut","floor":8,"damage_taken":0},{"event_name":"Wheel of Change","player_choice":"Damage","floor":21,"damage_taken":0}],"boss_relics":[{"not_picked":["Ectoplasm","Black Star"],"picked":"Cursed Key"},{"not_picked":["Velvet Choker","Philosopher\u0027s Stone"],"picked":"Tiny House"}],"potions_floor_spawned":[3,10,11,14,24,27,31,37],"seed_played":"3053105648354857390","killed_by":"Maw","ascension_level":0,"is_trial":false}