{"gold_per_floor":[116,133,148,115,128,128,108,108,108,185,217,228,262,282,282,378,378,396,361,67,81,6,6],"floor_reached":23,"playtime":1720,"items_purged":[],"score":213,"play_id":"a3dd5843-03cd-4046-95fe-22e8a5fd22a2","local_time":"20181024185627","is_ascension_mode":true,"campfire_choices":[{"data":"Setup","floor":6,"key":"SMITH"},{"data":"Deep Breath","floor":8,"key":"SMITH"},{"floor":15,"key":"REST"}],"neow_cost":"NONE","seed_source_timestamp":161040596557276,"circlet_count":0,"master_deck":["Defend_G","Defend_G","Defend_G","Defend_G","Defend_G","Strike_G","Strike_G","Strike_G","Strike_G","Strike_G","Survivor","Neutralize","Deep Breath+1","Flying Knee","Sucker Punch","Glass Knife","Setup+1","Crippling Poison","Dagger Spray","Footwork+1","Bullet Time","Caltrops+1","Backflip","Heel Hook","Bouncing Flask+1"],"relics":["Ring of the Snake","Frozen Egg 2","Singing Bowl","Ninja Scroll","Calipers","Black Star","Toxic Egg 2","Boot"],"potions_floor_usage":[11,16,16,16,21],"damage_taken":[{"damage":5,"enemies":"Small Slimes","floor":1,"turns":6},{"damage":1,"enemies":"Cultist","floor":2,"turns":5},{"damage":0,"enemies":"Jaw Worm","floor":3,"turns":3},{"damage":7,"enemies":"Exordium Wildlife","floor":5,"turns":5},{"damage":20,"enemies":"Lagavulin","floor":11,"turns":9},{"damage":13,"enemies":"Red Slaver","floor":12,"turns":2},{"damage":14,"enemies":"3 Sentries","floor":13,"turns":6},{"damage":0,"enemies":"3 Louse","floor":14,"turns":2},{"damage":21,"enemies":"The Guardian","floor":16,"turns":14},{"damage":23,"enemies":"Shell Parasite","floor":18,"turns":6},{"damage":10,"enemies":"2 Thieves","floor":19,"turns":5},{"damage":26,"enemies":"3 Cultists","floor":21,"turns":5},{"damage":32,"enemies":"Slavers","floor":23,"turns":1}],"seed_played":"2035493396553089126","potions_obtained":[{"floor":1,"key":"SpeedPotion"},{"floor":5,"key":"Poison Potion"},{"floor":7,"key":"Fruit Juice"},{"floor":14,"key":"Strength Potion"},{"floor":19,"key":"SkillPotion"}],"is_trial":false,"path_per_floor":["M","M","M","$","M","R","?","R","T","T","E","M","E","M","R","B",null,"M","M","$","M","?"],"character_chosen":"THE_SILENT","items_purchased":["Setup","Toxic Egg 2","Heel Hook"],"campfire_rested":1,"item_purchase_floors":[4,20,20],"current_hp_per_floor":[65,64,64,64,57,57,57,57,57,57,42,31,17,19,42,21,79,56,46,46,20,20,0],"gold":6,"neow_bonus":"RANDOM_COLORLESS","is_prod":false,"is_daily":false,"chose_seed":false,"campfire_upgraded":2,"win_rate":0,"timestamp":1540432587,"path_taken":["M","M","M","$","M","R","?","R","T","?","E","M","E","M","R","BOSS","M","M","$","M","?","E"],"build_version":"2018-10-18","purchased_purges":0,"victory":false,"max_hp_per_floor":[70,70,70,70,70,70,70,70,70,70,75,77,77,79,79,79,79,79,79,79,79,79,79],"card_choices":[{"not_picked":["Backflip","Deadly Poison"],"picked":"Flying Knee","floor":1},{"not_picked":["Dodge and Roll","Bane"],"picked":"Sucker Punch","floor":2},{"not_picked":["Bane","Backflip"],"picked":"Glass Knife","floor":3},{"not_picked":["Blade Dance","Bane"],"picked":"Crippling Poison","floor":5},{"not_picked":["PiercingWail","Acrobatics"],"picked":"Dagger Spray","floor":11},{"not_picked":["Endless Agony","Eviscerate","Dodge and Roll"],"picked":"Singing Bowl","floor":12},{"not_picked":["Poisoned Stab","Riddle With Holes"],"picked":"Footwork+1","floor":13},{"not_picked":["Deflect","Reflex","Sucker Punch"],"picked":"Singing Bowl","floor":14},{"not_picked":["Corpse Explosion","After Image+1"],"picked":"Bullet Time","floor":16},{"not_picked":["Deadly Poison+1","Flying Knee"],"picked":"Caltrops+1","floor":18},{"not_picked":["Underhanded Strike+1","Deflect"],"picked":"Backflip","floor":19},{"not_picked":["Prepared+1","Quick Slash"],"picked":"Bouncing Flask+1","floor":21}],"player_experience":339603,"relics_obtained":[{"floor":9,"key":"Frozen Egg 2"},{"floor":10,"key":"Singing Bowl"},{"floor":11,"key":"Ninja Scroll"},{"floor":13,"key":"Calipers"}],"event_choices":[{"damage_healed":0,"gold_gain":0,"player_choice":"Bought 1 Potion","damage_taken":0,"max_hp_gain":0,"max_hp_loss":0,"event_name":"The Woman in Blue","floor":7,"gold_loss":0},{"damage_healed":0,"gold_gain":0,"player_choice":"Paid Gold","damage_taken":0,"relics_obtained":["Boot"],"max_hp_gain":0,"max_hp_loss":0,"event_name":"WeMeetAgain","floor":22,"gold_loss":75}],"is_beta":false,"boss_relics":[{"not_picked":["WristBlade","Tiny House"],"picked":"Black Star"}],"items_purged_floors":[],"is_endless":false,"potions_floor_spawned":[1,5,14,19],"killed_by":"Slavers","ascension_level":1}