{"path_per_floor":["M","M","M","?","?","R","M","T","T","M","M"],"character_chosen":"IRONCLAD","items_purchased":[],"gold_per_floor":[110,129,147,147,147,147,172,222,294,315,329,329],"floor_reached":12,"campfire_rested":1,"playtime":408,"current_hp_per_floor":[32,39,38,38,22,46,31,31,41,23,17,0],"items_purged":[],"gold":329,"score":133,"play_id":"46cbdfad-dd38-4fd0-9789-3b74f20893c6","local_time":"20180521175812","is_prod":false,"is_daily":false,"chose_seed":false,"is_ascension_mode":true,"campfire_upgraded":0,"timestamp":1526918292,"campfire_choices":[{"floor":6,"key":"REST"}],"path_taken":["M","M","M","?","?","R","M","?","T","M","M","E"],"build_version":"2018-05-17","seed_source_timestamp":160914360712881,"purchased_purges":0,"victory":false,"master_deck":["Strike_R","Strike_R+1","Strike_R","Strike_R","Strike_R","Defend_R","Defend_R","Defend_R+1","Defend_R","Bash","AscendersBane","Feed","Whirlwind","Flex"],"max_hp_per_floor":[83,86,89,82,82,82,85,85,95,98,98,101],"relics":["Burning Blood","Golden Idol","Potion Belt","Pear"],"card_choices":[{"not_picked":["Impervious","Immolate"],"picked":"Feed","floor":0},{"not_picked":["Anger","Clothesline","Shrug It Off"],"picked":"SKIP","floor":1},{"not_picked":["Sword Boomerang","Wild Strike"],"picked":"Whirlwind","floor":2},{"not_picked":["Combust","Second Wind","Heavy Blade"],"picked":"SKIP","floor":3},{"not_picked":["Iron Wave","Evolve"],"picked":"Flex","floor":7},{"not_picked":["Second Wind","Twin Strike","Intimidate"],"picked":"SKIP","floor":10},{"not_picked":["Havoc","Clash","Rampage"],"picked":"SKIP","floor":11}],"player_experience":163037,"potions_floor_usage":[11,11,11],"damage_taken":[{"damage":13,"enemies":"Jaw Worm","floor":1,"turns":4},{"damage":2,"enemies":"2 Louse","floor":2,"turns":4},{"damage":10,"enemies":"Small Slimes","floor":3,"turns":4},{"damage":24,"enemies":"Blue Slaver","floor":7,"turns":5},{"damage":27,"enemies":"Lots of Slimes","floor":10,"turns":5},{"damage":12,"enemies":"Exordium Wildlife","floor":11,"turns":3},{"damage":23,"enemies":"3 Sentries","floor":12,"turns":5}],"relics_obtained":[{"floor":8,"key":"Potion Belt"},{"floor":9,"key":"Pear"}],"event_choices":[{"event_name":"Golden Idol","player_choice":"Lose Max HP","floor":4,"damage_taken":0},{"event_name":"Shining Light","player_choice":"Entered Light","floor":5,"damage_taken":0}],"boss_relics":[],"potions_floor_spawned":[2,7,10],"seed_played":"5912415316797414746","killed_by":"3 Sentries","ascension_level":10,"potions_obtained":[{"floor":2,"key":"EssenceOfSteel"},{"floor":7,"key":"LiquidBronze"},{"floor":10,"key":"FearPotion"}],"is_trial":false}