{"path_per_floor":["M","M","M","M","M","E","M","R","T","?","E","?","R","M","R"],"character_chosen":"THE_SILENT","items_purchased":[],"gold_per_floor":[115,134,145,160,180,206,217,217,242,242,276,226,226,239,239,239],"floor_reached":16,"campfire_rested":0,"playtime":863,"current_hp_per_floor":[69,69,68,68,66,25,25,25,25,25,24,24,24,25,25,0],"items_purged":[],"gold":239,"score":114,"play_id":"06066218-c64c-4f3b-88fa-8162f56a8209","local_time":"20180512190952","is_prod":false,"is_daily":false,"chose_seed":false,"is_ascension_mode":false,"campfire_upgraded":0,"timestamp":1526144992,"path_taken":["M","?","M","M","M","E","M","R","T","?","E","?","R","?","R","BOSS"],"build_version":"2018-05-10","seed_source_timestamp":189694892178265,"purchased_purges":0,"victory":false,"master_deck":["Defend_G","Defend_G","Defend_G","Strike_G","Strike_G","Strike_G","Strike_G","Strike_G","Survivor","Neutralize","Backflip","Acrobatics","Underhanded Strike","Backstab","Calculated Gamble","Slice","Distraction"],"max_hp_per_floor":[70,70,70,70,70,70,70,70,70,70,70,70,70,70,70,70],"relics":["Ring of the Snake","Shovel","Orichalcum","Blood Vial","Omamori","Dream Catcher","Lantern"],"card_choices":[{"not_picked":["Riddle With Holes","Distraction"],"picked":"Backflip","floor":1},{"not_picked":["Endless Agony","Outmaneuver"],"picked":"Acrobatics","floor":2},{"not_picked":["Dash","Doppelganger"],"picked":"Underhanded Strike","floor":3},{"not_picked":["Catalyst","Dodge and Roll"],"picked":"Backstab","floor":4},{"not_picked":["Quick Slash","Expertise"],"picked":"Calculated Gamble","floor":5},{"not_picked":["Footwork","Sucker Punch"],"picked":"Slice","floor":11},{"not_picked":["Infinite Blades","Terror"],"picked":"Distraction","floor":14}],"player_experience":16576,"potions_floor_usage":[6,6,14,16],"damage_taken":[{"damage":1,"enemies":"Cultist","floor":1,"turns":4},{"damage":0,"enemies":"2 Louse","floor":2,"turns":4},{"damage":1,"enemies":"Jaw Worm","floor":3,"turns":5},{"damage":0,"enemies":"3 Louse","floor":4,"turns":4},{"damage":2,"enemies":"Blue Slaver","floor":5,"turns":4},{"damage":41,"enemies":"Lagavulin","floor":6,"turns":9},{"damage":0,"enemies":"Lots of Slimes","floor":7,"turns":3},{"damage":3,"enemies":"Gremlin Nob","floor":11,"turns":5},{"damage":1,"enemies":"Exordium Wildlife","floor":14,"turns":3},{"damage":38,"enemies":"Slime Boss","floor":16,"turns":7}],"event_choices":[{"event_name":"Purifier","player_choice":"One Purge","floor":10,"damage_taken":0},{"event_name":"The Cleric","player_choice":"Card Removal","floor":12,"damage_taken":0}],"boss_relics":[],"potions_floor_spawned":[1,4,11,14],"seed_played":"4819018290944208170","killed_by":"Slime Boss","ascension_level":0,"is_trial":false}