{"path_per_floor":["M","$","$","M","?","R","M","R","T","?","M","M","R","$","R","B",null,"M","M","?","$"],"character_chosen":"IRONCLAD","items_purchased":[],"gold_per_floor":[113,113,38,51,1,1,20,20,20,20,37,52,52,52,52,155,155,165,150,150,50,50],"floor_reached":22,"campfire_rested":1,"playtime":870,"current_hp_per_floor":[72,72,72,68,68,68,72,72,72,65,47,39,39,39,60,10,57,35,24,24,24,0],"items_purged":["Defend_R","Strike_R"],"gold":50,"score":252,"play_id":"2daf511e-612f-4a71-b20c-6f94ee8873b6","local_time":"20180520010803","is_prod":false,"is_daily":false,"chose_seed":false,"is_ascension_mode":true,"campfire_upgraded":3,"timestamp":1526771283,"campfire_choices":[{"data":"Strike_R","floor":6,"key":"SMITH"},{"data":"Demon Form","floor":8,"key":"SMITH"},{"data":"Metallicize","floor":13,"key":"SMITH"},{"floor":15,"key":"REST"}],"path_taken":["BOSS","M","?","$","M","?","R","M","R","T","?","M","M","R","$","R","BOSS","M","M","?","$","M"],"build_version":"2018-05-17","seed_source_timestamp":0,"purchased_purges":2,"victory":false,"master_deck":["Strike_R+1","Defend_R","Bash","Demon Form+1","Metallicize+1","Double Tap","Dual Wield","Clash","Iron Wave","Shrug It Off","Cleave"],"max_hp_per_floor":[72,72,72,72,72,72,72,72,72,72,72,72,72,72,72,72,72,72,72,72,72,72],"relics":["Burning Blood","Shuriken","Orrery"],"card_choices":[{"not_picked":["Clothesline","Sword Boomerang","Twin Strike"],"picked":"SKIP","floor":1},{"not_picked":["Twin Strike","Rage","Sever Soul"],"picked":"SKIP","floor":4},{"not_picked":["Sentinel","Hemokinesis"],"picked":"Demon Form","floor":7},{"not_picked":["Flex","Power Through"],"picked":"Metallicize","floor":11},{"not_picked":["Body Slam","Combust","Sword Boomerang"],"picked":"SKIP","floor":12},{"not_picked":["Fiend Fire","Immolate"],"picked":"Double Tap","floor":16},{"not_picked":["Havoc","True Grit"],"picked":"Dual Wield","floor":17},{"not_picked":["Heavy Blade","Flame Barrier"],"picked":"Clash","floor":17},{"not_picked":["Combust","Armaments"],"picked":"Iron Wave","floor":17},{"not_picked":["Inflame","Sword Boomerang"],"picked":"Shrug It Off","floor":17},{"not_picked":["Bludgeon","Hemokinesis"],"picked":"Cleave","floor":18},{"not_picked":["Warcry","Flex","Havoc"],"picked":"SKIP","floor":19}],"player_experience":122972,"potions_floor_usage":[22],"damage_taken":[{"damage":6,"enemies":"Cultist","floor":1,"turns":3},{"damage":10,"enemies":"Small Slimes","floor":4,"turns":3},{"damage":0,"enemies":"2 Louse","floor":7,"turns":2},{"damage":24,"enemies":"Blue Slaver","floor":11,"turns":4},{"damage":14,"enemies":"2 Fungi Beasts","floor":12,"turns":4},{"damage":56,"enemies":"The Guardian","floor":16,"turns":12},{"damage":28,"enemies":"3 Byrds","floor":18,"turns":7},{"damage":17,"enemies":"2 Thieves","floor":19,"turns":4},{"damage":32,"enemies":"Snake Plant","floor":22,"turns":3}],"relics_obtained":[{"floor":9,"key":"Shuriken"}],"event_choices":[{"event_name":"The Cleric","player_choice":"Card Removal","floor":5,"damage_taken":0},{"event_name":"Golden Wing","player_choice":"Card Removal","floor":10,"damage_taken":0},{"event_name":"Purifier","player_choice":"One Purge","floor":20,"damage_taken":0}],"boss_relics":[{"not_picked":["Astrolabe","Calling Bell"],"picked":"Orrery"}],"potions_floor_spawned":[4,11,18],"seed_played":"-6005923479155648283","killed_by":"Snake Plant","ascension_level":9,"potions_obtained":[{"floor":4,"key":"BloodPotion"},{"floor":11,"key":"Poison Potion"},{"floor":18,"key":"Strength Potion"}],"is_trial":false}