{"gold_per_floor":[111,22,34,109,109,109,143,108,108,136,149,168,202,202,202,279,279,299,314,314],"floor_reached":20,"playtime":697,"items_purged":[],"score":423,"play_id":"3cd21ce2-b4b2-4abb-9bda-f73ffefc1ba2","local_time":"20190219001701","is_ascension_mode":true,"campfire_choices":[{"data":"Neutralize","floor":6.0,"key":"SMITH"},{"data":"Skewer","floor":15.0,"key":"SMITH"}],"neow_cost":"NONE","seed_source_timestamp":0,"circlet_count":0,"master_deck":["AscendersBane","Defend_G","Defend_G","Defend_G","Defend_G","Defend_G","Strike_G","Strike_G","Strike_G","Strike_G","Strike_G","Survivor","Neutralize+1","Flying Knee","Masterful Stab","Dash+1","Leg Sweep","Calculated Gamble","Skewer+1","Regret","Storm of Steel","Backflip"],"special_seed":0,"relics":["Ring of the Snake","NeowsBlessing","Matryoshka","PreservedInsect","Pantograph","Bottled Flame","Mercury Hourglass","Sundial","Philosopher\u0027s Stone"],"potions_floor_usage":[],"damage_taken":[{"damage":0.0,"enemies":"Small Slimes","floor":1.0,"turns":1.0},{"damage":0.0,"enemies":"2 Louse","floor":3.0,"turns":1.0},{"damage":0.0,"enemies":"3 Sentries","floor":7.0,"turns":1.0},{"damage":26.0,"enemies":"Lagavulin","floor":10.0,"turns":6.0},{"damage":0.0,"enemies":"Jaw Worm","floor":11.0,"turns":2.0},{"damage":0.0,"enemies":"Blue Slaver","floor":12.0,"turns":3.0},{"damage":10.0,"enemies":"3 Sentries","floor":13.0,"turns":8.0},{"damage":49.0,"enemies":"Slime Boss","floor":16.0,"turns":10.0},{"damage":4.0,"enemies":"3 Byrds","floor":18.0,"turns":5.0},{"damage":23,"enemies":"Shell Parasite","floor":19,"turns":4},{"damage":29,"enemies":"Cultist and Chosen","floor":20,"turns":3}],"seed_played":"-8290243227825097481","potions_obtained":[{"floor":3.0,"key":"Ancient Potion"},{"floor":10.0,"key":"PowerPotion"},{"floor":19,"key":"Strength Potion"}],"is_trial":false,"path_per_floor":["M","$","M","?","?","R","E","?","T","E","M","M","E","?","R","B",null,"M","M","M"],"character_chosen":"THE_SILENT","items_purchased":["Masterful Stab"],"campfire_rested":0,"item_purchase_floors":[2],"current_hp_per_floor":[59,59,59,48,48,48,48,64,64,38,38,38,28,28,28,4,51,47,24,0],"gold":314,"neow_bonus":"THREE_ENEMY_KILL","is_prod":false,"is_daily":false,"chose_seed":false,"campfire_upgraded":2,"win_rate":0,"timestamp":1550531821,"path_taken":["M","$","M","?","?","R","E","?","T","E","M","?","E","?","R","BOSS","M","M","M"],"build_version":"2019-01-23","purchased_purges":0,"victory":false,"max_hp_per_floor":[66,66,66,66,66,66,66,66,66,66,66,66,66,66,66,66,66,66,66,66],"card_choices":[{"not_picked":["Riddle With Holes","Underhanded Strike"],"picked":"Flying Knee","floor":1.0},{"not_picked":["Blade Dance","Reflex"],"picked":"Dash","floor":3.0},{"not_picked":["Dagger Spray","Underhanded Strike"],"picked":"Leg Sweep","floor":7.0},{"not_picked":["Expertise","Dagger Throw","Flying Knee"],"picked":"SKIP","floor":10.0},{"not_picked":["A Thousand Cuts","Blade Dance","Prepared"],"picked":"SKIP","floor":11.0},{"not_picked":["Dagger Throw","Quick Slash"],"picked":"Calculated Gamble","floor":12.0},{"not_picked":["Outmaneuver","Predator"],"picked":"Skewer","floor":13.0},{"not_picked":["Doppelganger","Unload"],"picked":"Storm of Steel","floor":16.0},{"not_picked":["Dagger Throw","Underhanded Strike","Quick Slash"],"picked":"SKIP","floor":18},{"not_picked":["Dagger Throw","Underhanded Strike","Quick Slash"],"picked":"SKIP","floor":18},{"not_picked":["Quick Slash","Infinite Blades"],"picked":"Backflip","floor":19}],"player_experience":499467,"relics_obtained":[{"floor":7.0,"key":"Matryoshka"},{"floor":9.0,"key":"PreservedInsect"},{"floor":9.0,"key":"Pantograph"},{"floor":10.0,"key":"Bottled Flame"},{"floor":13.0,"key":"Mercury Hourglass"}],"event_choices":[{"damage_healed":0.0,"max_hp_gain":0.0,"max_hp_loss":0.0,"gold_gain":75.0,"event_name":"World of Goop","player_choice":"Gather Gold","floor":4.0,"gold_loss":0.0,"damage_taken":11.0},{"damage_healed":0.0,"max_hp_gain":0.0,"max_hp_loss":0.0,"gold_gain":0.0,"event_name":"Living Wall","player_choice":"Grow","floor":5.0,"gold_loss":0.0,"damage_taken":0.0,"cards_upgraded":["Dash"]},{"damage_healed":16.0,"max_hp_gain":0.0,"max_hp_loss":0.0,"gold_gain":0.0,"event_name":"The Cleric","player_choice":"Healed","floor":8.0,"gold_loss":35.0,"damage_taken":0.0},{"damage_healed":0.0,"max_hp_gain":0.0,"max_hp_loss":0.0,"gold_gain":0.0,"event_name":"Big Fish","player_choice":"Box","floor":14.0,"gold_loss":0.0,"damage_taken":0.0,"relics_obtained":["Sundial"],"cards_obtained":["Regret"]}],"is_beta":false,"boss_relics":[{"not_picked":["HoveringKite","Orrery"],"picked":"Philosopher\u0027s Stone"}],"items_purged_floors":[],"is_endless":false,"potions_floor_spawned":[3,10,11,19],"killed_by":"Cultist and Chosen","ascension_level":19}