{"gold_per_floor":[111,111,48,75,87,99,137,149,161,192,214,226,253,278,290,379,391,413,425,437,465,305,305,323,323,323,248,248,248],"floor_reached":29,"playtime":602,"items_purged":["Writhe"],"score":471,"play_id":"bdade7fc-4c10-429f-9c33-2370447e19c4","local_time":"20190202214138","is_ascension_mode":true,"campfire_choices":[{"data":"Bash","floor":6,"key":"SMITH"},{"floor":12,"key":"REST"},{"data":"Double Tap","floor":15,"key":"SMITH"},{"floor":23,"key":"REST"}],"neow_cost":"NONE","seed_source_timestamp":446362210367100,"circlet_count":0,"master_deck":["AscendersBane","Strike_R","Strike_R","Strike_R","Strike_R","Strike_R","Defend_R","Defend_R","Defend_R","Defend_R","Bash+1","Clash","Anger","Anger","Headbutt","Double Tap+1","Impervious","Dropkick","Heavy Blade+1","Havoc+1"],"relics":["Black Blood","NeowsBlessing","MawBank","PreservedInsect","Shuriken","Dodecahedron","Red Skull","Self Forming Clay","Pantograph"],"potions_floor_usage":[11,14],"damage_taken":[{"damage":0,"enemies":"Small Slimes","floor":1,"turns":1},{"damage":0,"enemies":"Jaw Worm","floor":4,"turns":1},{"damage":0,"enemies":"3 Sentries","floor":7,"turns":1},{"damage":0,"enemies":"Cultist","floor":10,"turns":2},{"damage":12,"enemies":"Large Slime","floor":11,"turns":4},{"damage":0,"enemies":"Exordium Thugs","floor":13,"turns":3},{"damage":6,"enemies":"Blue Slaver","floor":14,"turns":3},{"damage":69,"enemies":"Hexaghost","floor":16,"turns":8},{"damage":28,"enemies":"Spheric Guardian","floor":18,"turns":6},{"damage":12,"enemies":"Chosen","floor":21,"turns":3},{"damage":35,"enemies":"Centurion and Healer","floor":24,"turns":5},{"damage":48,"enemies":"Cultist and Chosen","floor":29,"turns":4}],"seed_played":"8220185335451894132","potions_obtained":[{"floor":1,"key":"SpeedPotion"},{"floor":10,"key":"Energy Potion"},{"floor":14,"key":"Explosive Potion"},{"floor":16,"key":"Regen Potion"},{"floor":19,"key":"PowerPotion"}],"is_trial":false,"path_per_floor":["M","?","?","M","T","R","E","$","T","M","M","R","M","M","R","B",null,"M","?","$","M","$","R","M","?","T","$","?","M"],"character_chosen":"IRONCLAD","items_purchased":["Red Skull"],"campfire_rested":2,"item_purchase_floors":[22],"current_hp_per_floor":[74,74,74,75,75,75,75,75,75,75,69,75,75,75,75,12,59,41,41,41,39,39,61,36,36,36,36,36,0],"gold":248,"neow_bonus":"THREE_ENEMY_KILL","is_prod":false,"is_daily":false,"chose_seed":false,"campfire_upgraded":2,"win_rate":0,"timestamp":1549140098,"path_taken":["M","?","?","?","?","R","E","?","T","M","M","R","M","M","R","BOSS","M","?","$","?","$","R","M","?","T","?","?","M"],"build_version":"2019-01-23","purchased_purges":1,"victory":false,"max_hp_per_floor":[75,75,75,75,75,75,75,75,75,75,75,75,75,75,75,75,75,75,75,75,75,75,75,75,75,75,75,75,75],"card_choices":[{"not_picked":["Intimidate","Sentinel","Body Slam"],"picked":"SKIP","floor":1},{"not_picked":["Thunderclap","Rage","Ghostly Armor"],"picked":"SKIP","floor":4},{"not_picked":["Flex","Warcry"],"picked":"Clash","floor":7},{"not_picked":["Spot Weakness","Perfected Strike"],"picked":"Anger","floor":10},{"not_picked":["Corruption","Flex"],"picked":"Anger","floor":11},{"not_picked":["Flex","Body Slam"],"picked":"Headbutt","floor":13},{"not_picked":["Perfected Strike","Warcry"],"picked":"Double Tap","floor":14},{"not_picked":["Barricade","Bludgeon"],"picked":"Impervious","floor":16},{"not_picked":["Headbutt","Anger"],"picked":"Dropkick","floor":18},{"not_picked":["Perfected Strike","Clothesline"],"picked":"Heavy Blade+1","floor":21},{"not_picked":["Twin Strike","Burning Pact"],"picked":"Havoc+1","floor":24}],"player_experience":314542,"relics_obtained":[{"floor":5,"key":"PreservedInsect"},{"floor":7,"key":"Shuriken"},{"floor":9,"key":"Dodecahedron"},{"floor":26,"key":"Pantograph"}],"event_choices":[{"damage_healed":0,"gold_gain":0,"player_choice":"Box","damage_taken":0,"relics_obtained":["MawBank"],"max_hp_gain":0,"max_hp_loss":0,"event_name":"Big Fish","floor":2,"gold_loss":0,"cards_obtained":["Regret"]},{"cards_removed":["Regret"],"damage_healed":0,"gold_gain":0,"player_choice":"Card Removal","damage_taken":0,"max_hp_gain":0,"max_hp_loss":0,"event_name":"The Cleric","floor":3,"gold_loss":75},{"damage_healed":0,"gold_gain":0,"player_choice":"Got Potions","damage_taken":0,"max_hp_gain":0,"max_hp_loss":0,"event_name":"Lab","floor":19,"gold_loss":0},{"damage_healed":0,"gold_gain":0,"player_choice":"Opened","damage_taken":0,"relics_obtained":["Self Forming Clay"],"max_hp_gain":0,"max_hp_loss":0,"event_name":"The Mausoleum","floor":25,"gold_loss":0,"cards_obtained":["Writhe"]},{"damage_healed":0,"gold_gain":0,"player_choice":"Ignored","damage_taken":0,"max_hp_gain":0,"max_hp_loss":0,"event_name":"Vampires","floor":28,"gold_loss":0}],"is_beta":false,"boss_relics":[{"not_picked":["White Beast Statue","Runic Dome"],"picked":"Black Blood"}],"items_purged_floors":[27],"is_endless":false,"potions_floor_spawned":[1,10,14,16],"killed_by":"Cultist and Chosen","ascension_level":18}