{"gold_per_floor":[119,119,119,129,129,164,179,179,234,244,254,280,299,329,329,400,400,410,75,88,88,188,221,221,550,550,576,590,505,505,505,505,583,583,597,597,597,610,610,637,637,669,669,680,8,42,42,74,74,74],"floor_reached":50,"playtime":1584,"items_purged":[],"score":1458,"play_id":"0a86fbd1-ec9c-479b-9b3b-301ee7893a24","local_time":"20190205124348","is_ascension_mode":true,"campfire_choices":[{"data":"Perfected Strike","floor":8,"key":"SMITH"},{"data":"Perfected Strike","floor":15,"key":"SMITH"},{"data":"1","floor":24,"key":"LIFT"},{"data":"2","floor":30,"key":"LIFT"},{"data":"3","floor":32,"key":"LIFT"},{"data":"Demon Form","floor":41,"key":"SMITH"},{"data":"Double Tap","floor":47,"key":"SMITH"},{"data":"Heavy Blade","floor":49,"key":"SMITH"}],"neow_cost":"NONE","seed_source_timestamp":672314393009900,"circlet_count":0,"master_deck":["AscendersBane","Strike_R+1","Strike_R+1","Strike_R+1","Strike_R+1","Strike_R+1","Defend_R+1","Defend_R+1","Defend_R+1","Defend_R+1","Bash","Perfected Strike+1","Pommel Strike","Whirlwind","Uppercut","Flame Barrier","Perfected Strike+1","Shrug It Off","Battle Trance","Double Tap+1","Iron Wave+1","Havoc","RitualDagger","Demon Form+1","Heavy Blade+1","Discovery","Secret Technique","Dramatic Entrance","Sword Boomerang","Perfected Strike","Headbutt"],"relics":["Burning Blood","NeowsBlessing","Red Skull","Self Forming Clay","PreservedInsect","Blood Vial","Bronze Scales","Coffee Dripper","Paper Frog","Girya","Meat on the Bone","Pear","Old Coin","Nunchaku","Peace Pipe","WingedGreaves","Philosopher\u0027s Stone","Pocketwatch","Magic Flower","Boot","Bag of Preparation","Strange Spoon","Oddly Smooth Stone","StoneCalendar","Dead Branch"],"potions_floor_usage":[16,25,27,33,50],"damage_taken":[{"damage":0,"enemies":"Cultist","floor":1,"turns":1},{"damage":0,"enemies":"2 Louse","floor":4,"turns":1},{"damage":0,"enemies":"3 Sentries","floor":6,"turns":1},{"damage":7,"enemies":"Jaw Worm","floor":7,"turns":3},{"damage":7,"enemies":"2 Fungi Beasts","floor":10,"turns":3},{"damage":15,"enemies":"Large Slime","floor":11,"turns":3},{"damage":15,"enemies":"Lagavulin","floor":12,"turns":7},{"damage":2,"enemies":"3 Louse","floor":13,"turns":2},{"damage":8,"enemies":"Gremlin Nob","floor":14,"turns":3},{"damage":40,"enemies":"The Guardian","floor":16,"turns":9},{"damage":12,"enemies":"Chosen","floor":18,"turns":3},{"damage":6,"enemies":"Spheric Guardian","floor":20,"turns":3},{"damage":16,"enemies":"Colosseum Slavers","floor":22,"turns":4},{"damage":7,"enemies":"Colosseum Nobs","floor":22,"turns":3},{"damage":0,"enemies":"Gremlin Leader","floor":23,"turns":4},{"damage":6,"enemies":"Book of Stabbing","floor":25,"turns":3},{"damage":22,"enemies":"Slavers","floor":27,"turns":3},{"damage":3,"enemies":"3 Cultists","floor":28,"turns":4},{"damage":50,"enemies":"Champ","floor":33,"turns":8},{"damage":0,"enemies":"3 Shapes","floor":35,"turns":1},{"damage":4,"enemies":"Orb Walker","floor":38,"turns":2},{"damage":36,"enemies":"Giant Head","floor":40,"turns":5},{"damage":38,"enemies":"Nemesis","floor":42,"turns":3},{"damage":25,"enemies":"Jaw Worm Horde","floor":44,"turns":3},{"damage":0,"enemies":"Reptomancer","floor":46,"turns":2},{"damage":9,"enemies":"Nemesis","floor":48,"turns":3},{"damage":73,"enemies":"Awakened One","floor":50,"turns":2}],"seed_played":"8175813341260120450","potions_obtained":[{"floor":1,"key":"SkillPotion"},{"floor":6,"key":"Regen Potion"},{"floor":10,"key":"GamblersBrew"},{"floor":13,"key":"Fire Potion"},{"floor":25,"key":"Explosive Potion"},{"floor":33,"key":"Swift Potion"},{"floor":38,"key":"SkillPotion"},{"floor":40,"key":"SteroidPotion"}],"is_trial":false,"path_per_floor":["M","$","$","M","?","E","M","R","T","M","M","E","M","E","R","B",null,"M","$","M","?","?","E","R","E","T","E","M","?","R","?","R","B",null,"M","?","?","M","?","E","R","E","T","M","$","E","R","E","R","B"],"character_chosen":"IRONCLAD","items_purchased":["Paper Frog","PowerPotion","Perfected Strike","Bag of Preparation","Strange Spoon","Oddly Smooth Stone","Dexterity Potion"],"campfire_rested":0,"item_purchase_floors":[19,19,45,45,45,45,45],"current_hp_per_floor":[74,74,74,75,75,75,74,74,74,73,64,55,61,61,61,44,67,63,63,65,65,58,76,76,78,78,64,69,69,69,63,63,33,72,80,80,70,74,74,58,58,40,40,45,45,57,57,60,60,0],"gold":74,"neow_bonus":"THREE_ENEMY_KILL","is_prod":false,"is_daily":false,"chose_seed":false,"campfire_upgraded":5,"win_rate":0,"timestamp":1549367028,"path_taken":["M","?","$","M","?","E","M","R","T","M","?","E","M","E","R","BOSS","M","$","M","?","?","E","R","E","T","E","M","?","R","?","R","BOSS","M","?","?","?","?","E","R","E","T","M","$","E","R","E","R","BOSS"],"build_version":"2019-01-23","purchased_purges":0,"victory":false,"max_hp_per_floor":[75,75,75,75,75,75,75,75,75,75,75,75,75,75,75,75,75,75,75,75,75,75,85,85,85,85,85,85,85,85,85,85,85,85,85,81,81,81,81,81,81,81,81,81,81,81,81,81,81,81],"card_choices":[{"not_picked":["Sever Soul","True Grit"],"picked":"Perfected Strike","floor":1},{"not_picked":["Flex","Dual Wield"],"picked":"Pommel Strike","floor":4},{"not_picked":["Heavy Blade","Clash","Cleave"],"picked":"SKIP","floor":6},{"not_picked":["Armaments","Seeing Red"],"picked":"Whirlwind","floor":7},{"not_picked":["Clothesline","Blood for Blood"],"picked":"Uppercut","floor":10},{"not_picked":["Rage","Dropkick"],"picked":"Flame Barrier","floor":11},{"not_picked":["Clash","Flame Barrier"],"picked":"Perfected Strike","floor":12},{"not_picked":["Cleave","Ghostly Armor"],"picked":"Shrug It Off","floor":13},{"not_picked":["Sever Soul","Thunderclap"],"picked":"Battle Trance","floor":14},{"not_picked":["Immolate","Feed"],"picked":"Double Tap","floor":16},{"not_picked":["Twin Strike","Pummel","Metallicize"],"picked":"SKIP","floor":18},{"not_picked":["Corruption","Flex","Battle Trance"],"picked":"SKIP","floor":20},{"not_picked":["Inflame","Cleave"],"picked":"Iron Wave+1","floor":22},{"not_picked":["Hemokinesis+1","Sentinel","Cleave"],"picked":"SKIP","floor":23},{"not_picked":["Metallicize","Brutality"],"picked":"Havoc","floor":25},{"not_picked":["Iron Wave","Body Slam","Battle Trance"],"picked":"SKIP","floor":27},{"not_picked":["Body Slam","Spot Weakness","Wild Strike"],"picked":"SKIP","floor":28},{"not_picked":["Double Tap","Fiend Fire"],"picked":"Demon Form","floor":33},{"not_picked":["Wild Strike","Rage"],"picked":"Heavy Blade","floor":35},{"not_picked":["Secret Technique","Mind Blast"],"picked":"Discovery","floor":37},{"not_picked":["Mind Blast","Metamorphosis"],"picked":"Secret Technique","floor":37},{"not_picked":["Jack Of All Trades","Good Instincts"],"picked":"Dramatic Entrance","floor":37},{"not_picked":["Iron Wave+1","Ghostly Armor"],"picked":"Sword Boomerang","floor":38},{"not_picked":["Flex+1","Wild Strike","Evolve"],"picked":"SKIP","floor":40},{"not_picked":["Thunderclap+1","True Grit","Cleave"],"picked":"SKIP","floor":42},{"not_picked":["Metallicize","Rampage+1","Bludgeon"],"picked":"SKIP","floor":44},{"not_picked":["Flame Barrier","True Grit","Rupture"],"picked":"SKIP","floor":46},{"not_picked":["Rage","Inflame"],"picked":"Headbutt","floor":48}],"player_experience":334639,"relics_obtained":[{"floor":6,"key":"Self Forming Clay"},{"floor":9,"key":"PreservedInsect"},{"floor":12,"key":"Blood Vial"},{"floor":14,"key":"Bronze Scales"},{"floor":22,"key":"Girya"},{"floor":22,"key":"Meat on the Bone"},{"floor":23,"key":"Pear"},{"floor":25,"key":"Old Coin"},{"floor":26,"key":"Nunchaku"},{"floor":27,"key":"Peace Pipe"},{"floor":40,"key":"Pocketwatch"},{"floor":42,"key":"Magic Flower"},{"floor":43,"key":"Boot"},{"floor":46,"key":"StoneCalendar"},{"floor":48,"key":"Dead Branch"}],"event_choices":[{"damage_healed":0,"gold_gain":0,"player_choice":"Gave Potion","damage_taken":0,"relics_obtained":["Red Skull"],"max_hp_gain":0,"max_hp_loss":0,"event_name":"WeMeetAgain","floor":5,"gold_loss":0},{"damage_healed":0,"gold_gain":0,"player_choice":"Simplicity","damage_taken":0,"max_hp_gain":0,"max_hp_loss":0,"event_name":"Back to Basics","floor":21,"gold_loss":0,"cards_upgraded":["Strike_R","Strike_R","Strike_R","Strike_R","Strike_R","Defend_R","Defend_R","Defend_R","Defend_R"]},{"damage_healed":0,"gold_gain":0,"player_choice":"Fight","damage_taken":0,"max_hp_gain":0,"max_hp_loss":0,"event_name":"Colosseum","floor":22,"gold_loss":0},{"damage_healed":0,"gold_gain":0,"player_choice":"Fought Nobs","damage_taken":0,"max_hp_gain":0,"max_hp_loss":0,"event_name":"Colosseum","floor":22,"gold_loss":0},{"damage_healed":0,"gold_gain":0,"player_choice":"Obtained Relic","damage_taken":0,"relics_obtained":["WingedGreaves"],"max_hp_gain":0,"max_hp_loss":0,"event_name":"Addict","floor":29,"gold_loss":85},{"damage_healed":0,"gold_gain":0,"player_choice":"Joined the Cult","damage_taken":6,"max_hp_gain":0,"max_hp_loss":0,"event_name":"Nest","floor":31,"gold_loss":0,"cards_obtained":["RitualDagger"]},{"damage_healed":0,"gold_gain":0,"player_choice":"Max HP","damage_taken":0,"max_hp_gain":0,"max_hp_loss":4,"event_name":"Winding Halls","floor":36,"gold_loss":0},{"damage_healed":0,"gold_gain":0,"player_choice":"Memory 3","damage_taken":10,"max_hp_gain":0,"max_hp_loss":0,"event_name":"SensoryStone","floor":37,"gold_loss":0},{"damage_healed":0,"gold_gain":0,"player_choice":"Ignored","damage_taken":0,"max_hp_gain":0,"max_hp_loss":0,"event_name":"SecretPortal","floor":39,"gold_loss":0}],"is_beta":false,"boss_relics":[{"not_picked":["Astrolabe","Cursed Key"],"picked":"Coffee Dripper"},{"not_picked":["Fusion Hammer","Eternal Feather"],"picked":"Philosopher\u0027s Stone"}],"items_purged_floors":[],"is_endless":false,"potions_floor_spawned":[1,6,10,13,20,22,25,33,38,40],"killed_by":"Awakened One","ascension_level":19}