{"path_per_floor":["M","?","M","$","M","R","$","R","T","M","?","M","R","M","R","B",null,"M","$","?","?","M"],"character_chosen":"IRONCLAD","items_purchased":["Juzu Bracelet"],"gold_per_floor":[362,362,382,153,163,163,63,63,63,74,74,91,91,102,102,203,203,222,97,97,97,110,110],"floor_reached":23,"campfire_rested":0,"playtime":715,"current_hp_per_floor":[64,69,66,66,61,61,61,61,61,49,49,35,35,34,34,11,61,42,42,67,67,32,0],"items_purged":["Defend_R","Defend_R","Defend_R"],"gold":110,"score":272,"play_id":"dd7513f9-16c2-4361-846f-c840cf153f56","local_time":"20180522034954","is_prod":false,"is_daily":false,"chose_seed":false,"is_ascension_mode":true,"campfire_upgraded":4,"timestamp":1526953794,"campfire_choices":[{"data":"Searing Blow","floor":6,"key":"SMITH"},{"data":"Searing Blow+1","floor":8,"key":"SMITH"},{"data":"Searing Blow+2","floor":13,"key":"SMITH"},{"data":"Searing Blow+3","floor":15,"key":"SMITH"}],"path_taken":["M","?","M","$","M","R","$","R","T","M","?","M","R","M","R","BOSS","M","$","?","?","M","?"],"build_version":"2018-05-17","seed_source_timestamp":196108982338610,"purchased_purges":3,"victory":false,"master_deck":["Strike_R","Strike_R","Strike_R","Strike_R","Bash","AscendersBane","Searing Blow+4","Pummel","Armaments","Demon Form"],"max_hp_per_floor":[72,77,77,77,77,77,77,77,77,77,77,77,77,77,77,77,77,77,77,77,77,77,77],"relics":["Burning Blood","Juzu Bracelet","Du-Vu Doll"],"card_choices":[{"not_picked":["Perfected Strike","Heavy Blade"],"picked":"Searing Blow","floor":1},{"not_picked":["Bloodletting","Flex","Wild Strike"],"picked":"SKIP","floor":3},{"not_picked":["Burning Pact","Fire Breathing","Anger"],"picked":"SKIP","floor":5},{"not_picked":["Entrench","Sentinel","Clothesline"],"picked":"SKIP","floor":10},{"not_picked":["Anger","Armaments","Juggernaut"],"picked":"SKIP","floor":12},{"not_picked":["Anger","Juggernaut"],"picked":"Armaments","floor":12},{"not_picked":["Inflame","Cleave","Havoc"],"picked":"SKIP","floor":14},{"not_picked":["Entrench","Iron Wave+1","Wild Strike+1"],"picked":"SKIP","floor":18},{"not_picked":["Power Through","Pommel Strike+1","Blood for Blood"],"picked":"SKIP","floor":22}],"player_experience":175199,"potions_floor_usage":[16,23],"damage_taken":[{"damage":14,"enemies":"Jaw Worm","floor":1,"turns":5},{"damage":9,"enemies":"2 Louse","floor":3,"turns":3},{"damage":11,"enemies":"Small Slimes","floor":5,"turns":3},{"damage":18,"enemies":"2 Fungi Beasts","floor":10,"turns":3},{"damage":20,"enemies":"Gremlin Gang","floor":12,"turns":5},{"damage":7,"enemies":"Exordium Wildlife","floor":14,"turns":3},{"damage":29,"enemies":"Hexaghost","floor":16,"turns":6},{"damage":25,"enemies":"Spheric Guardian","floor":18,"turns":4},{"damage":41,"enemies":"2 Thieves","floor":22,"turns":4},{"damage":46,"enemies":"Masked Bandits","floor":23,"turns":3}],"relics_obtained":[{"floor":9,"key":"Du-Vu Doll"}],"event_choices":[{"event_name":"Big Fish","player_choice":"Donut","floor":2,"damage_taken":0},{"event_name":"Transmorgrifier","player_choice":"Transform","floor":11,"damage_taken":0},{"event_name":"The Library","player_choice":"Heal","floor":20,"damage_taken":0},{"event_name":"Transmorgrifier","player_choice":"Transform","floor":21,"damage_taken":0},{"event_name":"Masked Bandits","player_choice":"Fought over 110 gold","floor":23,"damage_taken":0}],"boss_relics":[{"not_picked":["Mark of Pain","Snecko Eye","Ectoplasm"]}],"potions_floor_spawned":[5,10,16],"seed_played":"2431098966832867577","killed_by":"Masked Bandits","ascension_level":10,"potions_obtained":[{"floor":5,"key":"GamblersBrew"},{"floor":10,"key":"Dexterity Potion"},{"floor":16,"key":"PowerPotion"}],"is_trial":false}