{"gold_per_floor":[113,127,146,159,159,190,205,205,205,217,217,2,36,55,55,158,208,218,234,246,262,282,282,314,333,333,349,349,363,115,131,131,234,234,254,274,286,304,322,322,322],"floor_reached":41,"playtime":1616,"items_purged":[],"score":437,"play_id":"71894aee-76d0-42bf-a83c-46b35808b8eb","local_time":"20190220034859","is_ascension_mode":false,"campfire_choices":[{"data":"Perfected Strike","floor":8,"key":"SMITH"},{"data":"Bash","floor":11,"key":"SMITH"},{"data":"Pommel Strike","floor":15,"key":"SMITH"},{"floor":23,"key":"REST"},{"floor":28,"key":"REST"},{"floor":32,"key":"REST"},{"floor":40,"key":"REST"}],"neow_cost":"NONE","seed_source_timestamp":573106071804000,"circlet_count":0,"master_deck":["Strike_R","Strike_R","Strike_R+1","Strike_R","Strike_R","Defend_R","Defend_R","Defend_R","Defend_R","Bash+1","Perfected Strike+1","Wild Strike","Sword Boomerang","Clash","Pommel Strike+1","Shrug It Off","Perfected Strike","Pommel Strike","Shrug It Off+1","Headbutt+1","Clash","Iron Wave","Perfected Strike","Clothesline","Wild Strike","Anger+1","Clash+1","Parasite","Headbutt+1"],"relics":["Burning Blood","Pantograph","Mercury Hourglass","HandDrill","Vajra","Tiny House","Ginger","Happy Flower","Medical Kit","Black Star"],"potions_floor_usage":[13,22,24,31,33,38,38],"damage_taken":[{"damage":0,"enemies":"Small Slimes","floor":1,"turns":5},{"damage":6,"enemies":"Cultist","floor":2,"turns":3},{"damage":8,"enemies":"2 Louse","floor":3,"turns":2},{"damage":13,"enemies":"Red Slaver","floor":4,"turns":4},{"damage":20,"enemies":"Gremlin Nob","floor":6,"turns":4},{"damage":9,"enemies":"Blue Slaver","floor":7,"turns":4},{"damage":5,"enemies":"Looter","floor":10,"turns":2},{"damage":22,"enemies":"3 Sentries","floor":13,"turns":5},{"damage":0,"enemies":"Large Slime","floor":14,"turns":4},{"damage":37,"enemies":"The Guardian","floor":16,"turns":8},{"damage":13,"enemies":"3 Byrds","floor":18,"turns":4},{"damage":20,"enemies":"Shell Parasite","floor":19,"turns":3},{"damage":20,"enemies":"Cultist and Chosen","floor":20,"turns":4},{"damage":25,"enemies":"Shelled Parasite and Fungi","floor":21,"turns":3},{"damage":21,"enemies":"Snake Plant","floor":22,"turns":2},{"damage":42,"enemies":"Slavers","floor":24,"turns":6},{"damage":0,"enemies":"Snecko","floor":25,"turns":3},{"damage":20,"enemies":"Centurion and Healer","floor":27,"turns":4},{"damage":15,"enemies":"Cultist and Chosen","floor":29,"turns":4},{"damage":0,"enemies":"Shelled Parasite and Fungi","floor":31,"turns":2},{"damage":94,"enemies":"Automaton","floor":33,"turns":12},{"damage":14,"enemies":"3 Darklings","floor":35,"turns":5},{"damage":20,"enemies":"Orb Walker","floor":36,"turns":3},{"damage":44,"enemies":"Sphere and 2 Shapes","floor":37,"turns":6},{"damage":26,"enemies":"Spire Growth","floor":38,"turns":3},{"damage":20,"enemies":"Writhing Mass","floor":39,"turns":4},{"damage":46,"enemies":"Nemesis","floor":41,"turns":6}],"seed_played":"3249479589660990348","potions_obtained":[{"floor":1,"key":"FairyPotion"},{"floor":2,"key":"Fire Potion"},{"floor":14,"key":"EssenceOfSteel"},{"floor":16,"key":"Ancient Potion"},{"floor":20,"key":"Strength Potion"},{"floor":21,"key":"PowerPotion"},{"floor":27,"key":"Poison Potion"},{"floor":29,"key":"AttackPotion"},{"floor":35,"key":"Swift Potion"},{"floor":37,"key":"Regen Potion"}],"is_trial":false,"path_per_floor":["M","M","M","M","?","E","M","R","T","M","R","$","E","M","R","B",null,"M","M","M","M","M","R","E","M","T","M","R","M","$","M","R","B",null,"M","M","M","M","M","R","E"],"character_chosen":"IRONCLAD","items_purchased":["Clash","HandDrill","Medical Kit","Perfected Strike"],"campfire_rested":4,"item_purchase_floors":[12,12,30,30],"current_hp_per_floor":[88,88,86,79,79,65,62,62,62,63,63,63,47,53,53,47,93,86,72,58,39,24,51,15,21,21,7,34,25,25,31,58,15,93,85,71,33,22,8,35,0],"gold":322,"neow_bonus":"TEN_PERCENT_HP_BONUS","is_prod":false,"is_daily":false,"chose_seed":false,"campfire_upgraded":3,"win_rate":0,"timestamp":1550630939,"path_taken":["M","M","M","M","?","E","M","R","T","M","R","?","E","M","R","BOSS","M","M","M","?","M","R","E","M","T","M","R","?","$","M","R","BOSS","M","M","M","M","M","R","E"],"build_version":"2019-01-23","purchased_purges":0,"victory":false,"max_hp_per_floor":[88,88,88,88,88,88,88,88,88,88,88,88,88,88,88,88,93,93,93,93,93,93,93,93,93,93,93,93,93,93,93,93,93,93,93,93,93,93,93,93,93],"card_choices":[{"not_picked":["Rage","Combust","Blood for Blood"],"picked":"SKIP","floor":1},{"not_picked":["Flame Barrier","Havoc","Flex"],"picked":"SKIP","floor":2},{"not_picked":["Twin Strike","Headbutt"],"picked":"Perfected Strike","floor":3},{"not_picked":["Shrug It Off","Rage"],"picked":"Wild Strike","floor":4},{"not_picked":["Inflame","Ghostly Armor","Seeing Red"],"picked":"SKIP","floor":6},{"not_picked":["Fire Breathing","Sentinel","Carnage"],"picked":"SKIP","floor":7},{"not_picked":["Clothesline","Feed"],"picked":"Sword Boomerang","floor":10},{"not_picked":["Brutality","Anger"],"picked":"Pommel Strike","floor":13},{"not_picked":["Corruption","Burning Pact"],"picked":"Shrug It Off","floor":14},{"not_picked":["Hemokinesis","Disarm"],"picked":"Perfected Strike","floor":17},{"not_picked":["Corruption","Cleave","Dual Wield"],"picked":"SKIP","floor":18},{"not_picked":["Heavy Blade","Shrug It Off+1"],"picked":"Pommel Strike","floor":19},{"not_picked":["Whirlwind","Body Slam+1","Berserk"],"picked":"SKIP","floor":20},{"not_picked":["Heavy Blade","True Grit"],"picked":"Shrug It Off+1","floor":21},{"not_picked":["Thunderclap+1","Battle Trance","Flex"],"picked":"SKIP","floor":22},{"not_picked":["Juggernaut","Whirlwind+1"],"picked":"Headbutt+1","floor":24},{"not_picked":["Corruption","Infernal Blade","Cleave"],"picked":"SKIP","floor":25},{"not_picked":["Flame Barrier","Sentinel"],"picked":"Clash","floor":27},{"not_picked":["Armaments","Flex"],"picked":"Iron Wave","floor":29},{"not_picked":["Sentinel+1","Warcry"],"picked":"Clothesline","floor":31},{"not_picked":["Iron Wave+1","True Grit"],"picked":"Wild Strike","floor":35},{"not_picked":["Iron Wave","Whirlwind","Combust"],"picked":"SKIP","floor":36},{"not_picked":["Clothesline+1","Evolve"],"picked":"Anger+1","floor":37},{"not_picked":["True Grit","Anger"],"picked":"Clash+1","floor":38},{"not_picked":["Armaments","Body Slam+1"],"picked":"Headbutt+1","floor":39}],"player_experience":520062,"relics_obtained":[{"floor":6,"key":"Pantograph"},{"floor":9,"key":"Mercury Hourglass"},{"floor":13,"key":"Vajra"},{"floor":24,"key":"Ginger"},{"floor":26,"key":"Happy Flower"}],"event_choices":[{"damage_healed":0,"gold_gain":0,"player_choice":"0 cards matched","damage_taken":0,"max_hp_gain":0,"max_hp_loss":0,"event_name":"Match and Keep!","floor":5,"gold_loss":0,"cards_obtained":[]}],"is_beta":false,"boss_relics":[{"not_picked":["Mark of Pain","Eternal Feather"],"picked":"Tiny House"},{"not_picked":["Lizard Tail","Busted Crown"],"picked":"Black Star"}],"items_purged_floors":[],"is_endless":false,"potions_floor_spawned":[1,2,14,16,18,20,21,27,29,35,37],"killed_by":"Nemesis","ascension_level":0}