{"gold_per_floor":[115,115,190,190,69,69,80,99,125,157,177,202,221,235,235,313,313,329,341,352,368,385,403,421,439,439,439],"floor_reached":27,"playtime":1954,"items_purged":[],"score":741,"play_id":"9b200448-0535-4e0b-9e18-527abe3fd9e1","local_time":"20181004051022","daily_mods":["Hoarder","Insanity","Allstar","Colorless Cards","Heirloom","Time Dilation","Flight"],"is_ascension_mode":true,"campfire_choices":[{"data":"Jack Of All Trades","floor":6,"key":"SMITH"},{"data":"Jack Of All Trades","floor":15,"key":"SMITH"}],"neow_cost":"","seed_source_timestamp":925879622924165,"circlet_count":0,"master_deck":["Metallicize","Headbutt","Exhume","Clothesline","Strike_R","Heavy Blade","Evolve","Exhume","Ghostly Armor","Dropkick","Juggernaut","Sever Soul","Flex","Flex","Havoc","Feed","Hemokinesis+1","Pummel","Berserk","Combust","Second Wind","Warcry","Uppercut","Disarm","Body Slam","Feel No Pain","Sword Boomerang","Twin Strike+1","Dropkick","Reckless Charge","Offering","Demon Form","Evolve","Exhume","Ghostly Armor","Battle Trance","Spot Weakness","Juggernaut","Second Wind","Reaper","Body Slam","Flex","Limit Break","Rage","Body Slam","Flex","Double Tap","Whirlwind","Twin Strike","Fiend Fire","Demon Form","Wraith Form v2","Echo Form","AscendersBane","PanicButton","PanicButton","PanicButton","Jack Of All Trades","Jack Of All Trades+1","Jack Of All Trades+1","Finesse","Finesse","Finesse","Master of Strategy","Master of Strategy","Master of Strategy","Good Instincts","Good Instincts","Good Instincts","Anger","Anger","Anger","Thunderclap","Thunderclap","Thunderclap","Pommel Strike","Pommel Strike","Pommel Strike","True Grit","True Grit","True Grit","Cleave","Cleave","Cleave","Flex","Flex","Flex","Finesse","Finesse","Finesse","Rage","Rage","Rage","Flash of Steel","Flash of Steel","Flash of Steel","Rage","Rage","Rage","Transmutation","Transmutation","Transmutation","Twin Strike","Twin Strike","Twin Strike","Swift Strike","Swift Strike","Swift Strike","Warcry","Warcry","Warcry","Transmutation","Transmutation","Transmutation","Iron Wave","Iron Wave","Iron Wave","Finesse","Finesse","Finesse","Shrug It Off","Shrug It Off","Shrug It Off","Iron Wave+1","Iron Wave+1","Iron Wave+1"],"relics":["Burning Blood","Turnip","Centennial Puzzle","Lantern","Whetstone","Strawberry","Black Star","Blue Candle"],"potions_floor_usage":[16,21,22],"damage_taken":[{"damage":0,"enemies":"Small Slimes","floor":1,"turns":2},{"damage":10,"enemies":"2 Louse","floor":7,"turns":2},{"damage":6,"enemies":"Jaw Worm","floor":8,"turns":1},{"damage":1,"enemies":"Gremlin Nob","floor":10,"turns":4},{"damage":18,"enemies":"3 Louse","floor":11,"turns":3},{"damage":16,"enemies":"3 Sentries","floor":12,"turns":3},{"damage":0,"enemies":"Large Slime","floor":13,"turns":3},{"damage":2,"enemies":"Looter","floor":14,"turns":2},{"damage":18,"enemies":"Hexaghost","floor":16,"turns":6},{"damage":0,"enemies":"3 Byrds","floor":18,"turns":2},{"damage":0,"enemies":"Shell Parasite","floor":19,"turns":1},{"damage":7,"enemies":"Centurion and Healer","floor":20,"turns":3},{"damage":10,"enemies":"Snecko","floor":21,"turns":4},{"damage":0,"enemies":"3 Cultists","floor":22,"turns":2},{"damage":6,"enemies":"Cultist and Chosen","floor":23,"turns":3},{"damage":37,"enemies":"Snecko","floor":24,"turns":4},{"damage":56,"enemies":"Shelled Parasite and Fungi","floor":25,"turns":5},{"damage":11,"enemies":"Snake Plant","floor":27,"turns":1}],"seed_played":"-9201263064490124432","potions_obtained":[{"floor":8,"key":"PowerPotion"},{"floor":13,"key":"SteroidPotion"},{"floor":18,"key":"Ancient Potion"},{"floor":24,"key":"SkillPotion"},{"floor":25,"key":"Strength Potion"}],"is_trial":true,"path_per_floor":["M","?","?","?","$","R","M","M","T","E","M","E","M","M","R","B",null,"M","M","M","M","M","M","M","M","T"],"character_chosen":"IRONCLAD","items_purchased":["Thunderclap","Pommel Strike"],"campfire_rested":0,"item_purchase_floors":[5,5],"current_hp_per_floor":[75,75,64,53,53,53,49,49,49,57,47,68,77,88,88,76,85,88,88,87,84,88,88,57,11,11,0],"gold":439,"neow_bonus":"","is_prod":false,"is_daily":false,"chose_seed":false,"campfire_upgraded":2,"win_rate":0,"timestamp":1538622622,"path_taken":["M","?","?","?","$","R","M","?","T","E","?","E","M","M","R","BOSS","M","M","M","M","M","M","M","M","T","M"],"build_version":"2018-09-27","purchased_purges":0,"victory":false,"max_hp_per_floor":[75,75,75,75,75,75,75,75,75,78,78,85,88,88,88,88,88,88,88,88,88,88,88,88,88,88,88],"card_choices":[{"not_picked":["Heavy Blade","Cleave"],"picked":"Anger","floor":1},{"not_picked":["Clothesline","Perfected Strike"],"picked":"True Grit","floor":7},{"not_picked":["Hemokinesis","Dual Wield"],"picked":"Cleave","floor":8},{"not_picked":["Clothesline","Havoc"],"picked":"Flex","floor":10},{"not_picked":["Iron Wave","Entrench"],"picked":"Finesse","floor":11},{"not_picked":["Uppercut","Body Slam"],"picked":"Rage","floor":12},{"not_picked":["Clash","Entrench"],"picked":"Flash of Steel","floor":13},{"not_picked":["Perfected Strike","Trip"],"picked":"Rage","floor":14},{"not_picked":["The Bomb","Thinking Ahead"],"picked":"Transmutation","floor":16},{"not_picked":["Perfected Strike","PanicButton"],"picked":"Twin Strike","floor":18},{"not_picked":["Feel No Pain","Thunderclap"],"picked":"Swift Strike","floor":19},{"not_picked":["Metallicize","Twin Strike"],"picked":"Warcry","floor":20},{"not_picked":["Reckless Charge","Cleave"],"picked":"Transmutation","floor":21},{"not_picked":["Heavy Blade","Shrug It Off"],"picked":"Iron Wave","floor":22},{"not_picked":["Impatience","Flex"],"picked":"Finesse","floor":23},{"not_picked":["Twin Strike","Flame Barrier"],"picked":"Shrug It Off","floor":24},{"not_picked":["True Grit","Warcry"],"picked":"Iron Wave+1","floor":25}],"player_experience":202560,"relics_obtained":[{"floor":9,"key":"Lantern"},{"floor":10,"key":"Whetstone"},{"floor":12,"key":"Strawberry"},{"floor":26,"key":"Blue Candle"}],"event_choices":[{"event_name":"The Cleric","player_choice":"Leave","floor":2,"damage_taken":0},{"event_name":"World of Goop","player_choice":"Gather Gold","floor":3,"damage_taken":0},{"event_name":"Scrap Ooze","player_choice":"success","floor":4,"damage_taken":11}],"is_beta":false,"boss_relics":[{"not_picked":["Velvet Choker","Sozu"],"picked":"Black Star"}],"items_purged_floors":[],"is_endless":true,"potions_floor_spawned":[8,13,14,18,24,25],"killed_by":"Snake Plant","ascension_level":20}