{"gold_per_floor":[118,118,19,29,43,75,75,104,158,158,233,252,252,284,284,359,359,373,373,373,373],"floor_reached":21,"playtime":532,"items_purged":[],"score":380,"play_id":"ae5f7793-9a29-4006-88f9-b79a3398bfff","local_time":"20190205193227","is_ascension_mode":true,"campfire_choices":[{"data":"Carnage","floor":7,"key":"SMITH"},{"data":"Pommel Strike","floor":10,"key":"SMITH"},{"data":"Evolve","floor":13,"key":"SMITH"},{"data":"Clothesline","floor":15,"key":"SMITH"}],"neow_cost":"NONE","seed_source_timestamp":697886195015200,"circlet_count":0,"master_deck":["AscendersBane","Strike_R","Strike_R","Strike_R","Defend_R","Defend_R","Defend_R","Bash","Clothesline+1","Evolve+1","Headbutt","Carnage+1","Pommel Strike+1","Twin Strike","Clash","Iron Wave+1","Double Tap","Perfected Strike+1","Sever Soul+1","Blood for Blood+1","Perfected Strike+1","Writhe"],"relics":["Burning Blood","NeowsBlessing","Matryoshka","Bag of Marbles","Letter Opener","Happy Flower","Molten Egg 2","Astrolabe","Unceasing Top"],"potions_floor_usage":[6,8,14,16],"damage_taken":[{"damage":0,"enemies":"2 Louse","floor":1,"turns":1},{"damage":0,"enemies":"Cultist","floor":4,"turns":1},{"damage":0,"enemies":"Jaw Worm","floor":5,"turns":1},{"damage":8,"enemies":"Gremlin Nob","floor":6,"turns":3},{"damage":30,"enemies":"Lagavulin","floor":8,"turns":4},{"damage":0,"enemies":"2 Fungi Beasts","floor":12,"turns":2},{"damage":22,"enemies":"3 Sentries","floor":14,"turns":6},{"damage":44,"enemies":"The Guardian","floor":16,"turns":9},{"damage":26,"enemies":"3 Byrds","floor":18,"turns":4},{"damage":45,"enemies":"Shell Parasite","floor":21,"turns":3}],"seed_played":"6024891028110435335","potions_obtained":[{"floor":1,"key":"Energy Potion"},{"floor":2,"key":"LiquidBronze"},{"floor":2,"key":"FearPotion"},{"floor":6,"key":"AttackPotion"},{"floor":12,"key":"BloodPotion"}],"is_trial":false,"path_per_floor":["M","?","$","M","M","E","R","E","T","R","?","M","R","E","R","B",null,"M","?","?","M"],"character_chosen":"IRONCLAD","items_purchased":["Evolve","Headbutt"],"campfire_rested":0,"item_purchase_floors":[3,3],"current_hp_per_floor":[74,74,74,75,75,73,73,49,49,49,49,55,55,46,46,8,58,38,38,38,0],"gold":373,"neow_bonus":"THREE_ENEMY_KILL","is_prod":false,"is_daily":false,"chose_seed":false,"campfire_upgraded":4,"win_rate":0,"timestamp":1549391547,"path_taken":["M","?","$","M","?","E","R","E","T","R","?","M","R","E","R","BOSS","M","?","?","M"],"build_version":"2019-01-23","purchased_purges":0,"victory":false,"max_hp_per_floor":[75,75,75,75,75,75,75,75,75,75,75,75,75,75,75,75,75,75,75,75,75],"card_choices":[{"not_picked":["Warcry","Burning Pact"],"picked":"Clothesline","floor":1},{"not_picked":["Shrug It Off","Power Through"],"picked":"Carnage","floor":4},{"not_picked":["Thunderclap","Headbutt"],"picked":"Pommel Strike","floor":5},{"not_picked":["Flex","Sword Boomerang"],"picked":"Twin Strike","floor":6},{"not_picked":["Bludgeon","Bloodletting"],"picked":"Clash","floor":8},{"not_picked":["Warcry","Clothesline","Sword Boomerang"],"picked":"SKIP","floor":12},{"not_picked":["Ghostly Armor","Seeing Red"],"picked":"Iron Wave","floor":14},{"not_picked":["Feed+1","Reaper+1"],"picked":"Double Tap","floor":16},{"not_picked":["Hemokinesis+1","Clothesline+1"],"picked":"Perfected Strike+1","floor":18}],"player_experience":337006,"relics_obtained":[{"floor":6,"key":"Matryoshka"},{"floor":8,"key":"Bag of Marbles"},{"floor":9,"key":"Letter Opener"},{"floor":9,"key":"Happy Flower"},{"floor":14,"key":"Molten Egg 2"}],"event_choices":[{"damage_healed":0,"gold_gain":0,"player_choice":"Got Potions","damage_taken":0,"max_hp_gain":0,"max_hp_loss":0,"event_name":"Lab","floor":2,"gold_loss":0},{"damage_healed":0,"gold_gain":75,"player_choice":"Gained Gold","damage_taken":0,"max_hp_gain":0,"max_hp_loss":0,"event_name":"Golden Wing","floor":11,"gold_loss":0},{"damage_healed":0,"gold_gain":0,"player_choice":"Ignored","damage_taken":0,"max_hp_gain":0,"max_hp_loss":0,"event_name":"Vampires","floor":19,"gold_loss":0},{"damage_healed":0,"gold_gain":0,"player_choice":"Opened","damage_taken":0,"relics_obtained":["Unceasing Top"],"max_hp_gain":0,"max_hp_loss":0,"event_name":"The Mausoleum","floor":20,"gold_loss":0,"cards_obtained":["Writhe"]}],"is_beta":false,"boss_relics":[{"not_picked":["Tiny House","Velvet Choker"],"picked":"Astrolabe"}],"items_purged_floors":[],"is_endless":false,"potions_floor_spawned":[1,6,12],"killed_by":"Shell Parasite","ascension_level":19}