{"gold_per_floor":[118,145,157,175,191,224,224,257,257,275,286,286,345,345],"floor_reached":14,"playtime":681,"items_purged":[],"score":179,"play_id":"02aeeef2-6163-44b6-aa24-437585dc443e","local_time":"20190217194701","is_ascension_mode":true,"campfire_choices":[{"data":"Well Laid Plans","floor":7,"key":"SMITH"},{"floor":12,"key":"REST"}],"neow_cost":"NONE","seed_source_timestamp":372320770292700,"circlet_count":0,"master_deck":["AscendersBane","Defend_G","Defend_G","Defend_G","Defend_G","Defend_G","Strike_G+1","Strike_G","Strike_G+1","Strike_G","Strike_G","Survivor","Neutralize","Noxious Fumes","Well Laid Plans+1","Predator","PiercingWail","PiercingWail","PiercingWail"],"relics":["Ring of the Snake","NeowsBlessing","Bronze Scales","Gremlin Horn","Smiling Mask","Whetstone","The Courier"],"potions_floor_usage":[8,10],"damage_taken":[{"damage":0,"enemies":"Cultist","floor":1,"turns":1},{"damage":0,"enemies":"Small Slimes","floor":3,"turns":1},{"damage":0,"enemies":"2 Louse","floor":4,"turns":1},{"damage":5,"enemies":"Gremlin Gang","floor":5,"turns":6},{"damage":24,"enemies":"Gremlin Nob","floor":6,"turns":5},{"damage":10,"enemies":"3 Sentries","floor":8,"turns":7},{"damage":0,"enemies":"Red Slaver","floor":10,"turns":2},{"damage":0,"enemies":"3 Louse","floor":11,"turns":3},{"damage":12,"enemies":"3 Sentries","floor":13,"turns":7},{"damage":35,"enemies":"Gremlin Nob","floor":14,"turns":4}],"seed_played":"-113861072050769193","potions_obtained":[{"floor":1,"key":"Block Potion"},{"floor":3,"key":"Fire Potion"}],"is_trial":false,"path_per_floor":["M","T","M","M","M","E","R","E","T","M","M","R","?","E"],"character_chosen":"THE_SILENT","items_purchased":[],"campfire_rested":1,"item_purchase_floors":[],"current_hp_per_floor":[59,59,59,59,54,30,30,20,20,20,20,39,27,0],"gold":345,"neow_bonus":"THREE_ENEMY_KILL","is_prod":false,"is_daily":false,"chose_seed":false,"campfire_upgraded":1,"win_rate":0,"timestamp":1550429221,"path_taken":["M","?","?","M","M","E","R","E","T","M","M","R","?","E"],"build_version":"2019-01-23","purchased_purges":0,"victory":false,"max_hp_per_floor":[66,66,66,66,66,66,66,66,66,66,66,66,66,66],"card_choices":[{"not_picked":["All Out Attack","Deflect"],"picked":"Noxious Fumes","floor":1},{"not_picked":["PiercingWail","Finisher"],"picked":"Well Laid Plans","floor":3},{"not_picked":["Acrobatics","Dodge and Roll"],"picked":"Predator","floor":4},{"not_picked":["Slice","Infinite Blades"],"picked":"PiercingWail","floor":5},{"not_picked":["A Thousand Cuts","Quick Slash"],"picked":"PiercingWail","floor":6},{"not_picked":["Outmaneuver","Flechettes","Flying Knee"],"picked":"SKIP","floor":8},{"not_picked":["Slice","Bane","Acrobatics"],"picked":"SKIP","floor":10},{"not_picked":["Blade Dance","Acrobatics"],"picked":"PiercingWail","floor":11}],"player_experience":473179,"relics_obtained":[{"floor":2,"key":"Bronze Scales"},{"floor":6,"key":"Gremlin Horn"},{"floor":8,"key":"Smiling Mask"},{"floor":9,"key":"Whetstone"},{"floor":13,"key":"The Courier"}],"event_choices":[{"damage_healed":0,"gold_gain":0,"player_choice":"Searched \u00271\u0027 times","damage_taken":0,"max_hp_gain":0,"max_hp_loss":0,"event_name":"Dead Adventurer","floor":13,"gold_loss":0}],"is_beta":false,"boss_relics":[],"items_purged_floors":[],"is_endless":false,"potions_floor_spawned":[1,3,4],"killed_by":"Gremlin Nob","ascension_level":15}