{"gold_per_floor":[114,114,125,125,57,57,75,101,152,187,207,207,241,254,254,359,359,374,42,52,63,63,98,98,0,0,35,47,74,74,34,34,139,139,150,0,10,10,21,50,50,78,130,142,142,242,242,260,260,260],"floor_reached":51,"playtime":3808,"items_purged":["Strike_R"],"score":1212,"play_id":"457727e4-cf8e-40f5-b51c-83444c77e4a2","local_time":"20190203185113","is_ascension_mode":true,"campfire_choices":[{"data":"Disarm","floor":6.0,"key":"SMITH"},{"floor":12.0,"key":"REST"},{"data":"Limit Break","floor":15.0,"key":"SMITH"},{"floor":24.0,"key":"REST"},{"floor":32.0,"key":"REST"},{"data":"Barricade","floor":41.0,"key":"SMITH"},{"floor":45,"key":"REST"},{"data":"1","floor":49,"key":"LIFT"}],"neow_cost":"NONE","seed_source_timestamp":0,"circlet_count":0,"master_deck":["AscendersBane","Defend_R","Defend_R","Defend_R","Defend_R","Bash+1","Thunderclap+1","Disarm+1","Limit Break+1","True Grit","Body Slam","Pommel Strike+1","Infernal Blade","Spot Weakness","Spot Weakness","Barricade+1","Wild Strike+1","Flame Barrier+1","Power Through+1","Havoc","Armaments","Shrug It Off+1","Second Wind","Armaments+1","Pommel Strike+1","Impervious","Seeing Red+1","Master of Strategy","True Grit+1","Warcry","Flame Barrier","Body Slam+1","Sentinel+1","Impervious"],"special_seed":0,"relics":["Burning Blood","NeowsBlessing","Happy Flower","Boot","Incense Burner","Blue Candle","Astrolabe","Pantograph","Ginger","PreservedInsect","Whetstone","The Courier","Mercury Hourglass","Velvet Choker","Lantern","Ornamental Fan","Bag of Preparation","Girya"],"potions_floor_usage":[50,50,50],"damage_taken":[{"damage":0.0,"enemies":"Cultist","floor":1.0,"turns":1.0},{"damage":0.0,"enemies":"2 Louse","floor":3.0,"turns":1.0},{"damage":0.0,"enemies":"Jaw Worm","floor":7.0,"turns":1.0},{"damage":49.0,"enemies":"3 Sentries","floor":8.0,"turns":15.0},{"damage":31.0,"enemies":"Gremlin Nob","floor":10.0,"turns":5.0},{"damage":1.0,"enemies":"Looter","floor":11.0,"turns":2.0},{"damage":27.0,"enemies":"3 Sentries","floor":13.0,"turns":9.0},{"damage":15.0,"enemies":"Gremlin Gang","floor":14.0,"turns":5.0},{"damage":2.0,"enemies":"The Guardian","floor":16.0,"turns":9.0},{"damage":34.0,"enemies":"3 Byrds","floor":18.0,"turns":6.0},{"damage":15.0,"enemies":"Chosen","floor":20.0,"turns":9.0},{"damage":20.0,"enemies":"Centurion and Healer","floor":21.0,"turns":5.0},{"damage":1.0,"enemies":"Book of Stabbing","floor":23.0,"turns":8.0},{"damage":22.0,"enemies":"Gremlin Leader","floor":27.0,"turns":9.0},{"damage":9.0,"enemies":"Snake Plant","floor":28.0,"turns":6.0},{"damage":25.0,"enemies":"Book of Stabbing","floor":29.0,"turns":11.0},{"damage":14.0,"enemies":"Champ","floor":33.0,"turns":10.0},{"damage":0.0,"enemies":"Orb Walker","floor":35.0,"turns":4.0},{"damage":19.0,"enemies":"3 Darklings","floor":37.0,"turns":7.0},{"damage":0.0,"enemies":"Spire Growth","floor":39.0,"turns":7.0},{"damage":7.0,"enemies":"Nemesis","floor":40.0,"turns":11.0},{"damage":52.0,"enemies":"Giant Head","floor":42.0,"turns":10.0},{"damage":1,"enemies":"Maw","floor":44,"turns":7},{"damage":13,"enemies":"Mind Bloom Boss Battle","floor":46,"turns":10},{"damage":6,"enemies":"Jaw Worm Horde","floor":48,"turns":7},{"damage":0,"enemies":"Awakened One","floor":50,"turns":11}],"seed_played":"9042211600915163834","potions_obtained":[{"floor":3.0,"key":"GamblersBrew"},{"floor":10.0,"key":"SkillPotion"},{"floor":13.0,"key":"Regen Potion"},{"floor":14.0,"key":"FearPotion"},{"floor":18.0,"key":"GamblersBrew"},{"floor":21.0,"key":"EssenceOfSteel"},{"floor":27.0,"key":"Energy Potion"},{"floor":28.0,"key":"Dexterity Potion"},{"floor":39.0,"key":"Dexterity Potion"},{"floor":40.0,"key":"EssenceOfSteel"},{"floor":44,"key":"Ancient Potion"},{"floor":48,"key":"Strength Potion"}],"is_trial":false,"path_per_floor":["M","?","M","?","$","R","M","E","T","E","M","R","E","M","R","B",null,"M","$","M","M","$","E","R","?","T","E","M","E","?","$","R","B",null,"M","$","M","?","M","E","R","E","T","M","R","?","?","M","R","B",null],"character_chosen":"IRONCLAD","items_purchased":["Limit Break","Pantograph","PowerPotion","Master of Strategy"],"campfire_rested":4,"item_purchase_floors":[5,19,31,36],"current_hp_per_floor":[78,71,77,77,77,77,80,37,37,12,17,41,20,11,11,30,68,40,40,31,17,17,22,46,46,46,30,27,8,8,8,32,49,72,78,78,65,80,80,79,79,33,33,38,62,73,73,73,73,80],"gold":260,"neow_bonus":"THREE_ENEMY_KILL","is_prod":false,"is_daily":false,"chose_seed":false,"campfire_upgraded":3,"win_rate":0,"timestamp":1549216273,"path_taken":["M","?","M","?","$","R","?","E","T","E","?","R","E","M","R","BOSS","M","$","M","M","$","E","R","?","T","E","M","E","?","$","R","BOSS","M","$","M","?","M","E","R","E","T","?","R","?","?","?","R","BOSS"],"build_version":"2019-01-23","purchased_purges":1,"victory":true,"max_hp_per_floor":[80,80,80,80,80,80,80,80,80,80,80,80,80,80,80,80,80,80,80,80,80,80,80,80,80,80,80,80,80,80,80,80,80,80,80,80,80,80,80,80,80,80,80,80,80,80,80,80,80,80],"card_choices":[{"not_picked":["Anger","Cleave"],"picked":"Thunderclap","floor":1.0},{"not_picked":["Cleave","Flex"],"picked":"Disarm","floor":3.0},{"not_picked":["Evolve","Shockwave"],"picked":"True Grit","floor":7.0},{"not_picked":["Exhume","Power Through"],"picked":"Body Slam","floor":8.0},{"not_picked":["Searing Blow","Cleave"],"picked":"Pommel Strike","floor":10.0},{"not_picked":["Clash","Thunderclap"],"picked":"Infernal Blade","floor":11.0},{"not_picked":["Fiend Fire","Reckless Charge"],"picked":"Spot Weakness","floor":13.0},{"not_picked":["Thunderclap","Burning Pact"],"picked":"Spot Weakness","floor":14.0},{"not_picked":["Reaper","Offering"],"picked":"Barricade","floor":16.0},{"not_picked":["Sword Boomerang","Clash+1"],"picked":"Havoc","floor":18.0},{"not_picked":["Rage+1","Burning Pact"],"picked":"Armaments","floor":20.0},{"not_picked":["Burning Pact","Battle Trance"],"picked":"Shrug It Off+1","floor":21.0},{"not_picked":["Infernal Blade","Thunderclap","Clash"],"picked":"SKIP","floor":23.0},{"not_picked":["Sword Boomerang+1","Reckless Charge"],"picked":"Second Wind","floor":27.0},{"not_picked":["Flex","True Grit"],"picked":"Armaments+1","floor":28.0},{"not_picked":["Flex+1","Feed"],"picked":"Pommel Strike+1","floor":29.0},{"not_picked":["Barricade","Bludgeon"],"picked":"Impervious","floor":33.0},{"not_picked":["Wild Strike","Havoc"],"picked":"Seeing Red+1","floor":35.0},{"not_picked":["Rage+1","Perfected Strike"],"picked":"Carnage+1","floor":37.0},{"not_picked":["Armaments+1","Clothesline+1"],"picked":"True Grit+1","floor":39.0},{"not_picked":["Rage","Sever Soul"],"picked":"Warcry","floor":40.0},{"not_picked":["Headbutt+1","Pummel+1"],"picked":"Flame Barrier","floor":42.0},{"not_picked":["Wild Strike","Flex"],"picked":"Body Slam+1","floor":44},{"not_picked":["Second Wind+1","Anger"],"picked":"Sentinel+1","floor":46},{"not_picked":["Perfected Strike","Seeing Red+1"],"picked":"Impervious","floor":48}],"player_experience":163265,"relics_obtained":[{"floor":8.0,"key":"Happy Flower"},{"floor":9.0,"key":"Boot"},{"floor":10.0,"key":"Incense Burner"},{"floor":13.0,"key":"Blue Candle"},{"floor":23.0,"key":"Ginger"},{"floor":26.0,"key":"PreservedInsect"},{"floor":27.0,"key":"Whetstone"},{"floor":29.0,"key":"The Courier"},{"floor":40.0,"key":"Lantern"},{"floor":42.0,"key":"Ornamental Fan"},{"floor":43.0,"key":"Bag of Preparation"},{"floor":46,"key":"Girya"}],"event_choices":[{"cards_removed":["Strike_R"],"damage_healed":0.0,"max_hp_gain":0.0,"max_hp_loss":0.0,"gold_gain":0.0,"event_name":"Golden Wing","player_choice":"Card Removal","floor":2.0,"gold_loss":0.0,"damage_taken":7.0},{"damage_healed":0.0,"max_hp_gain":0.0,"max_hp_loss":0.0,"gold_gain":0.0,"event_name":"Upgrade Shrine","player_choice":"Upgraded","floor":4.0,"gold_loss":0.0,"damage_taken":0.0,"cards_upgraded":["Bash"]},{"damage_healed":0.0,"max_hp_gain":0.0,"max_hp_loss":0.0,"gold_gain":0.0,"event_name":"Masked Bandits","player_choice":"Paid Fearfully","floor":25.0,"gold_loss":98.0,"damage_taken":0.0},{"damage_healed":0.0,"max_hp_gain":0.0,"max_hp_loss":0.0,"gold_gain":0.0,"event_name":"The Mausoleum","player_choice":"Opened","floor":30.0,"gold_loss":0.0,"damage_taken":0.0,"relics_obtained":["Mercury Hourglass"]},{"cards_removed":["Carnage"],"damage_healed":15.0,"max_hp_gain":0.0,"max_hp_loss":0.0,"gold_gain":0.0,"event_name":"Bonfire Elementals","player_choice":"Offered Uncommon","floor":38.0,"gold_loss":0.0,"damage_taken":0.0},{"damage_healed":0,"gold_gain":0,"player_choice":"Fight","damage_taken":0,"max_hp_gain":0,"max_hp_loss":0,"event_name":"MindBloom","floor":46,"gold_loss":0},{"damage_healed":0,"gold_gain":0,"player_choice":"Ignored","damage_taken":0,"max_hp_gain":0,"max_hp_loss":0,"event_name":"SecretPortal","floor":47,"gold_loss":0}],"is_beta":false,"boss_relics":[{"not_picked":["Tiny House","Runic Dome"],"picked":"Astrolabe"},{"not_picked":["Lizard Tail","Mark of Pain"],"picked":"Velvet Choker"}],"items_purged_floors":[19],"is_endless":false,"potions_floor_spawned":[3,10,13,14,18,21,27,28,39,40,44,48],"ascension_level":10}