{"gold_per_floor":[111,122,72,72,88,119,137,164,164,164,183,183,202,212,212,314,314,327,346,436,450,450],"floor_reached":22,"playtime":1862,"items_purged":[],"score":325,"play_id":"09699632-4ce6-40be-8421-239722fb6366","local_time":"20190201121916","is_ascension_mode":false,"campfire_choices":[{"floor":10,"key":"REST"},{"floor":15,"key":"REST"}],"neow_cost":"CURSE","seed_source_timestamp":1145805734051271,"circlet_count":0,"master_deck":["Strike_R","Strike_R","Strike_R","Strike_R","Strike_R","Defend_R","Defend_R","Defend_R","Defend_R","Bash","Infernal Blade","Uppercut","Regret","Dropkick","Barricade","Shrug It Off","Armaments","Clash","Pain","Clothesline","Shockwave","Feed","Parasite","Injury","Injury","Inflame","Perfected Strike","Madness","Fire Breathing+1"],"relics":["Burning Blood","Torii","Anchor","Sundial","Charon\u0027s Ashes","Darkstone Periapt","WarpedTongs","Calling Bell","Bag of Preparation","Gremlin Horn","Unceasing Top"],"potions_floor_usage":[6,16,21,21,21],"damage_taken":[{"damage":12,"enemies":"Small Slimes","floor":1,"turns":4},{"damage":7,"enemies":"Jaw Worm","floor":2,"turns":4},{"damage":2,"enemies":"2 Louse","floor":5,"turns":3},{"damage":26,"enemies":"Gremlin Nob","floor":6,"turns":4},{"damage":1,"enemies":"Red Slaver","floor":7,"turns":2},{"damage":41,"enemies":"Lagavulin","floor":8,"turns":8},{"damage":4,"enemies":"3 Louse","floor":11,"turns":3},{"damage":23,"enemies":"Gremlin Gang","floor":13,"turns":4},{"damage":25,"enemies":"Exordium Thugs","floor":14,"turns":6},{"damage":22,"enemies":"Hexaghost","floor":16,"turns":13},{"damage":25,"enemies":"Chosen","floor":18,"turns":7},{"damage":26,"enemies":"Shell Parasite","floor":19,"turns":6},{"damage":56,"enemies":"Centurion and Healer","floor":21,"turns":6},{"damage":19,"enemies":"3 Cultists","floor":22,"turns":4}],"seed_played":"-6357716925922452471","potions_obtained":[{"floor":1,"key":"SteroidPotion"},{"floor":5,"key":"Swift Potion"},{"floor":8,"key":"Block Potion"},{"floor":14,"key":"Explosive Potion"},{"floor":18,"key":"BloodPotion"},{"floor":19,"key":"Regen Potion"}],"is_trial":false,"path_per_floor":["M","M","?","?","M","E","M","E","T","R","M","?","M","M","R","B",null,"M","M","?","M","M"],"character_chosen":"IRONCLAD","items_purchased":[],"campfire_rested":2,"item_purchase_floors":[],"current_hp_per_floor":[74,73,73,73,77,57,62,27,27,51,53,59,42,23,48,32,104,85,69,39,14,0],"gold":450,"neow_bonus":"ONE_RARE_RELIC","is_prod":false,"is_daily":false,"chose_seed":false,"campfire_upgraded":0,"win_rate":0.0,"timestamp":1548994756,"path_taken":["M","M","?","?","?","E","M","E","T","R","M","?","M","?","R","BOSS","M","M","?","M","?"],"build_version":"2019-01-23","purchased_purges":0,"victory":false,"max_hp_per_floor":[80,80,80,80,80,80,80,80,80,80,80,86,86,86,86,86,104,104,108,108,108,108],"card_choices":[{"not_picked":["Iron Wave","Corruption"],"picked":"Infernal Blade","floor":1},{"not_picked":["Heavy Blade","Sword Boomerang"],"picked":"Uppercut","floor":2},{"not_picked":["Corruption","True Grit"],"picked":"Dropkick","floor":5},{"not_picked":["Thunderclap","Cleave"],"picked":"Barricade","floor":6},{"not_picked":["Body Slam","Ghostly Armor"],"picked":"Shrug It Off","floor":7},{"not_picked":["Iron Wave","Anger"],"picked":"Armaments","floor":8},{"not_picked":["Warcry","Heavy Blade"],"picked":"Clash","floor":11},{"not_picked":["Thunderclap","Disarm"],"picked":"Clothesline","floor":13},{"not_picked":["True Grit","Dropkick"],"picked":"Shockwave","floor":14},{"not_picked":["Impervious","Berserk"],"picked":"Feed","floor":16},{"not_picked":["Infernal Blade","Clothesline"],"picked":"Inflame","floor":18},{"not_picked":["Burning Pact+1","Twin Strike"],"picked":"Perfected Strike","floor":19},{"not_picked":["Clothesline","Disarm"],"picked":"Fire Breathing+1","floor":21}],"player_experience":83977,"relics_obtained":[{"floor":6,"key":"Sundial"},{"floor":8,"key":"Charon\u0027s Ashes"},{"floor":9,"key":"Darkstone Periapt"},{"floor":17,"key":"Bag of Preparation"},{"floor":17,"key":"Gremlin Horn"},{"floor":17,"key":"Unceasing Top"}],"event_choices":[{"cards_removed":["Injury"],"damage_healed":0,"gold_gain":0,"player_choice":"Card Removal","damage_taken":0,"max_hp_gain":0,"max_hp_loss":0,"event_name":"The Cleric","floor":3,"gold_loss":50},{"damage_healed":0,"gold_gain":0,"player_choice":"Box","damage_taken":0,"relics_obtained":["Anchor"],"max_hp_gain":0,"max_hp_loss":0,"event_name":"Big Fish","floor":4,"gold_loss":0,"cards_obtained":["Regret"]},{"damage_healed":0,"gold_gain":0,"player_choice":"Rummage","damage_taken":0,"relics_obtained":["WarpedTongs"],"max_hp_gain":0,"max_hp_loss":0,"event_name":"Accursed Blacksmith","floor":12,"gold_loss":0,"cards_obtained":["Pain"]},{"damage_healed":0,"gold_gain":90,"player_choice":"GOLD CARD ","damage_taken":30,"max_hp_gain":0,"max_hp_loss":0,"event_name":"Knowing Skull","floor":20,"potions_obtained":[],"gold_loss":0,"cards_obtained":["Madness"]}],"is_beta":false,"boss_relics":[{"not_picked":["Runic Dome","Runic Pyramid"],"picked":"Calling Bell"}],"items_purged_floors":[],"is_endless":false,"potions_floor_spawned":[1,5,8,14,18,19],"killed_by":"3 Cultists","ascension_level":0}