{"gold_per_floor":[116,132,132,132,152,179,179,212,236,263,263,287,287,344,344,447,447,467,9,22,22,22,22,22,22,49,49,49,59,59,70,70,166,166,181,191,91,91,491,491,522,522,522,541,560,560,20,20,20,20],"floor_reached":51,"playtime":2344,"items_purged":["Strike_G","Strike_G","Defend_G"],"score":1121,"play_id":"fbc8d5fa-efaf-46fe-afea-d6bc100adb35","local_time":"20190216202145","is_ascension_mode":true,"campfire_choices":[{"data":"Envenom","floor":13,"key":"SMITH"},{"data":"Bullet Time","floor":15,"key":"SMITH"},{"data":"Adrenaline","floor":23,"key":"SMITH"},{"data":"Burst","floor":25,"key":"SMITH"},{"data":"Bouncing Flask","floor":27,"key":"SMITH"},{"data":"Backflip","floor":30,"key":"SMITH"},{"data":"Backflip","floor":32,"key":"SMITH"},{"data":"Crippling Poison","floor":40,"key":"SMITH"},{"data":"Bouncing Flask","floor":42,"key":"SMITH"},{"data":"Noxious Fumes","floor":49,"key":"SMITH"}],"neow_cost":"NONE","seed_source_timestamp":286330254272700,"circlet_count":0,"master_deck":["Defend_G","Defend_G","Defend_G","Strike_G+1","Strike_G+1","Survivor","Neutralize+1","Bullet Time+1","Bouncing Flask+1","Adrenaline+1","Bane","Cloak And Dagger","Backflip+1","Envenom+1","Cloak And Dagger","Corpse Explosion","Backflip+1","Burst+1","Decay","After Image","Bouncing Flask+1","Flash of Steel","Panacea","The Bomb","Crippling Poison+1","PiercingWail","Noxious Fumes+1","Malaise"],"relics":["Ring of the Snake","Juzu Bracelet","Bag of Preparation","Pen Nib","Whetstone","Art of War","Question Card","Odd Mushroom","Tiny Chest","Eternal Feather","Snake Skull","Paper Crane","Gambling Chip","Boot","Philosopher\u0027s Stone","Old Coin","Singing Bowl","Strawberry","HandDrill","Vajra"],"potions_floor_usage":[6,8,8,18,44,50],"damage_taken":[{"damage":5,"enemies":"Jaw Worm","floor":1,"turns":6},{"damage":1,"enemies":"Cultist","floor":2,"turns":4},{"damage":0,"enemies":"2 Louse","floor":5,"turns":2},{"damage":15,"enemies":"Lagavulin","floor":6,"turns":6},{"damage":0,"enemies":"3 Sentries","floor":8,"turns":7},{"damage":0,"enemies":"Gremlin Nob","floor":10,"turns":2},{"damage":0,"enemies":"The Mushroom Lair","floor":12,"turns":3},{"damage":10,"enemies":"Lagavulin","floor":14,"turns":4},{"damage":7,"enemies":"Hexaghost","floor":16,"turns":7},{"damage":19,"enemies":"2 Thieves","floor":18,"turns":3},{"damage":0,"enemies":"3 Byrds","floor":20,"turns":2},{"damage":6,"enemies":"Shelled Parasite and Fungi","floor":29,"turns":2},{"damage":0,"enemies":"Snake Plant","floor":31,"turns":3},{"damage":64,"enemies":"Champ","floor":33,"turns":9},{"damage":0,"enemies":"Orb Walker","floor":35,"turns":2},{"damage":0,"enemies":"3 Darklings","floor":36,"turns":1},{"damage":0,"enemies":"Mind Bloom Boss Battle","floor":39,"turns":4},{"damage":0,"enemies":"Giant Head","floor":41,"turns":5},{"damage":14,"enemies":"Sphere and 2 Shapes","floor":44,"turns":2},{"damage":0,"enemies":"Transient","floor":45,"turns":5},{"damage":10,"enemies":"Donu and Deca","floor":50,"turns":4}],"seed_played":"8703866058973642130","potions_obtained":[{"floor":1,"key":"Regen Potion"},{"floor":5,"key":"SpeedPotion"},{"floor":6,"key":"Energy Potion"},{"floor":10,"key":"Swift Potion"},{"floor":16,"key":"Energy Potion"},{"floor":20,"key":"Block Potion"},{"floor":33,"key":"Swift Potion"},{"floor":41,"key":"Ancient Potion"},{"floor":44,"key":"Dexterity Potion"},{"floor":45,"key":"PowerPotion"}],"is_trial":false,"path_per_floor":["M","M","?","?","M","E","?","E","T","E","T","?","R","E","R","B",null,"M","$","M","?","$","R","?","R","T","R","?","M","R","M","R","B",null,"M","M","$","?","?","R","E","R","T","M","M","?","$","?","R","B",null],"character_chosen":"THE_SILENT","items_purchased":["Snake Skull","Paper Crane","Noxious Fumes","HandDrill","Vajra"],"campfire_rested":0,"item_purchase_floors":[19,19,47,47,47],"current_hp_per_floor":[58,57,43,43,43,43,40,40,40,40,40,40,40,30,30,23,58,39,39,39,39,39,51,51,63,63,70,70,64,70,70,70,6,54,54,54,54,44,44,59,61,72,79,67,67,67,67,67,81,71],"gold":20,"neow_bonus":"ONE_RANDOM_RARE_CARD","is_prod":false,"is_daily":false,"chose_seed":false,"campfire_upgraded":10,"win_rate":0,"timestamp":1550344905,"path_taken":["M","M","?","?","?","E","?","E","T","E","?","?","R","E","R","BOSS","M","$","M","?","?","R","?","R","T","R","?","M","R","M","R","BOSS","M","M","$","?","?","R","E","R","T","M","M","?","$","?","R","BOSS"],"build_version":"2019-01-23","purchased_purges":3,"victory":true,"max_hp_per_floor":[70,70,70,70,70,70,70,70,70,70,70,70,70,70,70,70,70,70,70,70,70,70,70,70,70,70,70,70,70,70,70,70,70,70,70,70,70,70,70,70,72,72,79,81,81,81,81,81,81,81],"card_choices":[{"not_picked":["Heel Hook","Bane"],"picked":"Bouncing Flask","floor":1},{"not_picked":["Tactician","Underhanded Strike"],"picked":"Masterful Stab","floor":2},{"not_picked":["Tactician","Endless Agony"],"picked":"Bane","floor":5},{"not_picked":["Endless Agony","Dodge and Roll"],"picked":"Cloak And Dagger","floor":6},{"not_picked":["Acrobatics","Bane","Deadly Poison"],"picked":"SKIP","floor":8},{"not_picked":["Skewer","Bane"],"picked":"Backflip","floor":10},{"not_picked":["Backstab","Tactician","Outmaneuver"],"picked":"Envenom","floor":12},{"not_picked":["Dodge and Roll","Flying Knee","Skewer"],"picked":"Cloak And Dagger","floor":14},{"not_picked":["Glass Knife","Envenom","Doppelganger"],"picked":"Corpse Explosion","floor":16},{"not_picked":["Blade Dance","Bane+1","Outmaneuver","Masterful Stab+1"],"picked":"SKIP","floor":18},{"not_picked":["Dagger Spray","Slice+1","Reflex"],"picked":"Backflip","floor":20},{"not_picked":["Deflect","Distraction","Underhanded Strike","Flechettes"],"picked":"SKIP","floor":29},{"not_picked":["Sucker Punch","Dagger Throw","Outmaneuver","Poisoned Stab"],"picked":"SKIP","floor":31},{"not_picked":["Wraith Form v2","Glass Knife","Venomology"],"picked":"After Image","floor":33},{"not_picked":["Prepared","Underhanded Strike+1","Outmaneuver+1"],"picked":"Bouncing Flask","floor":35},{"not_picked":["Acrobatics","Sucker Punch+1","Backstab+1","Outmaneuver"],"picked":"SKIP","floor":36},{"not_picked":["Dark Shackles","PanicButton","Secret Weapon"],"picked":"Flash of Steel","floor":38},{"not_picked":["Secret Weapon","Chrysalis","Blind"],"picked":"Panacea","floor":38},{"not_picked":["Mind Blast","Transmutation","Jack Of All Trades"],"picked":"The Bomb","floor":38},{"not_picked":["Prepared","Acrobatics+1","Dagger Spray+1"],"picked":"Crippling Poison","floor":39},{"not_picked":["Tactician+1","Concentrate","Cloak And Dagger","Reflex"],"picked":"Singing Bowl","floor":41},{"not_picked":["Backflip+1","Blade Dance","Choke","Outmaneuver+1"],"picked":"Singing Bowl","floor":44},{"not_picked":["Deflect","Dodge and Roll+1","Bane"],"picked":"PiercingWail","floor":45}],"player_experience":439306,"relics_obtained":[{"floor":6,"key":"Juzu Bracelet"},{"floor":8,"key":"Pen Nib"},{"floor":9,"key":"Whetstone"},{"floor":10,"key":"Art of War"},{"floor":11,"key":"Question Card"},{"floor":12,"key":"Odd Mushroom"},{"floor":14,"key":"Tiny Chest"},{"floor":26,"key":"Boot"},{"floor":39,"key":"Old Coin"},{"floor":41,"key":"Singing Bowl"},{"floor":43,"key":"Strawberry"}],"event_choices":[{"damage_healed":0,"gold_gain":0,"player_choice":"Entered Light","damage_taken":14,"max_hp_gain":0,"max_hp_loss":0,"event_name":"Shining Light","floor":3,"gold_loss":0,"cards_upgraded":["Strike_G","Neutralize"]},{"damage_healed":0,"gold_gain":0,"player_choice":"1 cards matched","damage_taken":0,"max_hp_gain":0,"max_hp_loss":0,"event_name":"Match and Keep!","floor":4,"gold_loss":0,"cards_obtained":["Adrenaline"]},{"damage_healed":0,"gold_gain":0,"player_choice":"Success","damage_taken":3,"relics_obtained":["Bag of Preparation"],"max_hp_gain":0,"max_hp_loss":0,"event_name":"Scrap Ooze","floor":7,"gold_loss":0},{"damage_healed":0,"gold_gain":0,"player_choice":"Fought Mushrooms","damage_taken":0,"max_hp_gain":0,"max_hp_loss":0,"event_name":"Mushrooms","floor":12,"gold_loss":0},{"cards_removed":["Masterful Stab"],"damage_healed":0,"gold_gain":0,"player_choice":"Gave Card","damage_taken":0,"relics_obtained":["Gambling Chip"],"max_hp_gain":0,"max_hp_loss":0,"event_name":"WeMeetAgain","floor":21,"gold_loss":0},{"damage_healed":0,"gold_gain":0,"cards_transformed":["Strike_G"],"player_choice":"Transformed","damage_taken":0,"max_hp_gain":0,"max_hp_loss":0,"event_name":"Transmorgrifier","floor":24,"gold_loss":0,"cards_obtained":["Burst"]},{"damage_healed":0,"gold_gain":0,"player_choice":"Cursed","damage_taken":0,"max_hp_gain":0,"max_hp_loss":0,"event_name":"Wheel of Change","floor":28,"gold_loss":0,"cards_obtained":["Decay"]},{"damage_healed":0,"gold_gain":0,"player_choice":"Memory 3","damage_taken":10,"max_hp_gain":0,"max_hp_loss":0,"event_name":"SensoryStone","floor":38,"gold_loss":0},{"damage_healed":0,"gold_gain":0,"player_choice":"Fight","damage_taken":0,"max_hp_gain":0,"max_hp_loss":0,"event_name":"MindBloom","floor":39,"gold_loss":0},{"damage_healed":0,"gold_gain":0,"player_choice":"Got Potions","damage_taken":0,"max_hp_gain":0,"max_hp_loss":0,"event_name":"Lab","floor":46,"gold_loss":0},{"damage_healed":0,"gold_gain":0,"cards_transformed":["Defend_G"],"player_choice":"Transformed","damage_taken":0,"max_hp_gain":0,"max_hp_loss":0,"event_name":"Transmorgrifier","floor":48,"gold_loss":0,"cards_obtained":["Malaise"]}],"is_beta":false,"boss_relics":[{"not_picked":["Tiny House","Empty Cage"],"picked":"Eternal Feather"},{"not_picked":["Fusion Hammer","HoveringKite"],"picked":"Philosopher\u0027s Stone"}],"items_purged_floors":[19,37,47],"is_endless":false,"potions_floor_spawned":[1,5,6,10,16,20,33,41,44,45],"ascension_level":8}