{"gold_per_floor":[164,229,2,2,2,2,92,137,137,202,202,312,312,377,377,717,717,752,752,797,797,470,470,515,605,630,630,675,600,515,582,582,882,882,927,972,22,22,22,22],"floor_reached":40,"playtime":3390,"items_purged":[],"score":537,"play_id":"67e0f407-e040-48d6-a4fc-df4b3abe874d","local_time":"20190102014423","daily_mods":["Allstar","Hoarder","Midas"],"is_ascension_mode":false,"campfire_choices":[{"floor":6,"key":"REST"},{"floor":13,"key":"REST"},{"floor":15,"key":"REST"},{"floor":23,"key":"REST"},{"floor":27,"key":"REST"},{"floor":32,"key":"REST"}],"neow_cost":"","seed_source_timestamp":0,"circlet_count":0,"master_deck":["Strike_R","Strike_R","Strike_R","Defend_R","Defend_R","Defend_R","Bandage Up","Bandage Up","Bandage Up","Jack Of All Trades","Jack Of All Trades","Jack Of All Trades","HandOfGreed","HandOfGreed","HandOfGreed","Chrysalis","Chrysalis","Finesse","Finesse","Finesse","Cleave","Cleave","Cleave","Havoc","Havoc","Havoc","Thunderclap","Thunderclap","Thunderclap","Impervious","Impervious","Impervious","Headbutt","Headbutt","Headbutt","Rampage","Rampage","Rampage","Shrug It Off","Shrug It Off","Shrug It Off","Exhume","Exhume","Exhume","Dual Wield+1","Dual Wield+1","Sever Soul+1","Sever Soul+1","Uppercut+1","Uppercut+1","Uppercut+1","Flex","Flex","Flex","Spot Weakness","Spot Weakness","Spot Weakness","Warcry","Warcry","Warcry","Carnage","Carnage","Carnage","Second Wind","Second Wind","Second Wind","Demon Form","Demon Form","Demon Form","Armaments+1","Armaments+1","Armaments+1"],"special_seed":17897,"relics":["Burning Blood","Membership Card","Happy Flower","Kunai","Dodecahedron","Juzu Bracelet","Paper Frog","Astrolabe","Red Skull","Blood Vial","Blue Candle","Cauldron","The Courier","Ancient Tea Set","Potion Belt","Red Mask","Empty Cage","Torii","Ginger","Mercury Hourglass","Mummified Hand","Tiny Chest","PreservedInsect","Molten Egg 2","Lantern","Bottled Flame","Toxic Egg 2"],"potions_floor_usage":[28,31,40,40,40,40,40],"damage_taken":[{"damage":14,"enemies":"Small Slimes","floor":1,"turns":4},{"damage":1,"enemies":"2 Louse","floor":2,"turns":3},{"damage":20,"enemies":"3 Sentries","floor":7,"turns":3},{"damage":9,"enemies":"Jaw Worm","floor":8,"turns":3},{"damage":11,"enemies":"Blue Slaver","floor":10,"turns":3},{"damage":34,"enemies":"Gremlin Nob","floor":12,"turns":6},{"damage":32,"enemies":"Exordium Wildlife","floor":14,"turns":4},{"damage":43,"enemies":"Slime Boss","floor":16,"turns":13},{"damage":12,"enemies":"2 Thieves","floor":18,"turns":4},{"damage":0,"enemies":"3 Byrds","floor":20,"turns":2},{"damage":16,"enemies":"Colosseum Slavers","floor":21,"turns":3},{"damage":12,"enemies":"Snecko","floor":24,"turns":5},{"damage":88,"enemies":"Gremlin Leader","floor":25,"turns":9},{"damage":16,"enemies":"Snake Plant","floor":28,"turns":2},{"damage":9,"enemies":"Masked Bandits","floor":31,"turns":4},{"damage":67,"enemies":"Collector","floor":33,"turns":16},{"damage":71,"enemies":"3 Darklings","floor":35,"turns":8},{"damage":21,"enemies":"3 Shapes","floor":36,"turns":4},{"damage":10,"enemies":"Nemesis","floor":40,"turns":2}],"seed_played":"2052676809091822558","potions_obtained":[{"floor":2,"key":"SpeedPotion"},{"floor":7,"key":"BloodPotion"},{"floor":8,"key":"FearPotion"},{"floor":22,"key":"FairyPotion"},{"floor":22,"key":"Energy Potion"},{"floor":25,"key":"AttackPotion"},{"floor":36,"key":"EssenceOfSteel"},{"floor":38,"key":"SkillPotion"}],"is_trial":false,"path_per_floor":["M","M","$","?","?","R","E","M","T","M","T","E","R","M","R","B",null,"M","?","M","?","$","R","M","E","T","R","M","?","?","?","R","B",null,"M","M","$","?","?","E"],"character_chosen":"IRONCLAD","items_purchased":["Membership Card","Thunderclap","Blood Vial","Blue Candle","Cauldron","Warcry","Torii","Ginger","Mercury Hourglass","Mummified Hand","Tiny Chest","PreservedInsect","Molten Egg 2","Lantern","Poison Potion","Bottled Flame","Toxic Egg 2","PowerPotion","SkillPotion"],"campfire_rested":6,"item_purchase_floors":[3,3,22,22,22,22,37,37,37,37,37,37,37,37,37,37,37,37,37],"current_hp_per_floor":[80,80,80,73,66,80,72,73,73,72,72,44,68,50,74,49,80,80,80,80,70,70,80,78,14,14,38,30,30,30,29,53,10,80,23,14,14,14,6,0],"gold":22,"neow_bonus":"","is_prod":false,"is_daily":true,"chose_seed":false,"campfire_upgraded":0,"win_rate":0,"timestamp":1546386263,"path_taken":["M","M","$","?","?","R","E","M","T","M","?","E","R","M","R","BOSS","M","?","M","?","$","R","M","E","T","R","M","?","?","?","R","BOSS","M","M","$","?","?","E"],"build_version":"2018-12-20","purchased_purges":0,"victory":false,"max_hp_per_floor":[80,80,80,80,80,80,80,80,80,80,80,80,80,80,80,80,80,80,80,80,80,80,80,80,80,80,80,80,80,80,80,80,80,80,80,80,80,80,80,80],"card_choices":[{"not_picked":["Battle Trance","Warcry"],"picked":"Cleave","floor":1},{"not_picked":["Bloodletting","Warcry"],"picked":"Havoc","floor":2},{"not_picked":["Clash","Second Wind"],"picked":"Impervious","floor":7},{"not_picked":["Sword Boomerang","Pummel"],"picked":"Headbutt","floor":8},{"not_picked":["Anger","Warcry"],"picked":"Rampage","floor":10},{"not_picked":["Sword Boomerang","Dark Embrace","Clash"],"picked":"SKIP","floor":12},{"not_picked":["Shockwave","Combust"],"picked":"Shrug It Off","floor":14},{"not_picked":["Berserk","Fiend Fire"],"picked":"Exhume","floor":16},{"not_picked":["Hemokinesis","Body Slam+1"],"picked":"Flex","floor":18},{"not_picked":["Clothesline+1","Disarm+1"],"picked":"Spot Weakness","floor":20},{"not_picked":["Iron Wave+1","Perfected Strike"],"picked":"Carnage","floor":24},{"not_picked":["Cleave","True Grit"],"picked":"Second Wind","floor":25},{"not_picked":["Bludgeon","Sword Boomerang","Twin Strike"],"picked":"SKIP","floor":28},{"not_picked":["Reaper","Brutality"],"picked":"Demon Form","floor":33},{"not_picked":["Clothesline+1","Searing Blow+1","Pommel Strike+1"],"picked":"SKIP","floor":35},{"not_picked":["Fire Breathing+1","Headbutt"],"picked":"Armaments+1","floor":36}],"player_experience":37785,"relics_obtained":[{"floor":7,"key":"Kunai"},{"floor":9,"key":"Dodecahedron"},{"floor":11,"key":"Juzu Bracelet"},{"floor":12,"key":"Paper Frog"},{"floor":25,"key":"The Courier"},{"floor":26,"key":"Ancient Tea Set"},{"floor":31,"key":"Red Mask"}],"event_choices":[{"damage_healed":0,"gold_gain":0,"player_choice":"Success","damage_taken":7,"relics_obtained":["Happy Flower"],"max_hp_gain":0,"max_hp_loss":0,"event_name":"Scrap Ooze","floor":4,"gold_loss":0},{"cards_removed":["Chrysalis"],"damage_healed":0,"gold_gain":0,"player_choice":"Card Removal","damage_taken":7,"max_hp_gain":0,"max_hp_loss":0,"event_name":"Golden Wing","floor":5,"gold_loss":0},{"damage_healed":0,"gold_gain":0,"player_choice":"Opened","damage_taken":0,"relics_obtained":["Red Skull"],"max_hp_gain":0,"max_hp_loss":0,"event_name":"The Mausoleum","floor":19,"gold_loss":0},{"damage_healed":0,"gold_gain":0,"player_choice":"Fight","damage_taken":0,"max_hp_gain":0,"max_hp_loss":0,"event_name":"Colosseum","floor":21,"gold_loss":0},{"damage_healed":0,"gold_gain":0,"player_choice":"Fled From Nobs","damage_taken":0,"max_hp_gain":0,"max_hp_loss":0,"event_name":"Colosseum","floor":21,"gold_loss":0},{"cards_removed":["Bash"],"damage_healed":0,"gold_gain":0,"player_choice":"Gave Gold","damage_taken":0,"max_hp_gain":0,"max_hp_loss":0,"event_name":"Beggar","floor":29,"gold_loss":75},{"damage_healed":0,"gold_gain":0,"player_choice":"Obtained Relic","damage_taken":0,"relics_obtained":["Potion Belt"],"max_hp_gain":0,"max_hp_loss":0,"event_name":"Addict","floor":30,"gold_loss":85},{"damage_healed":0,"gold_gain":0,"player_choice":"Fought Bandits","damage_taken":0,"max_hp_gain":0,"max_hp_loss":0,"event_name":"Masked Bandits","floor":31,"gold_loss":0},{"damage_healed":0,"gold_gain":0,"player_choice":"Got Potions","damage_taken":0,"max_hp_gain":0,"max_hp_loss":0,"event_name":"Lab","floor":38,"gold_loss":0},{"damage_healed":0,"gold_gain":0,"player_choice":"Damaged","damage_taken":8,"max_hp_gain":0,"max_hp_loss":0,"event_name":"Wheel of Change","floor":39,"gold_loss":0}],"is_beta":false,"boss_relics":[{"not_picked":["Tiny House","Sozu"],"picked":"Astrolabe"},{"not_picked":["Coffee Dripper","Runic Pyramid"],"picked":"Empty Cage"}],"items_purged_floors":[],"is_endless":false,"potions_floor_spawned":[2,7,8,14,20,21,24,25,36],"killed_by":"Nemesis","ascension_level":0}