{"gold_per_floor":[116,116,116,135,135,162,162,173,197,223,242,259,259,276,276,379,379,395,395,395,415,0,19,118,118,118,153,164,164,19,34,34,133,133,152,152,172,172,191,191,224,224,224,4,4,4,4,4,4,4],"floor_reached":51,"playtime":5903,"items_purged":[],"score":703,"play_id":"e14cc650-3dd8-4ffb-9e71-cfddd7bedbf9","local_time":"20190218201556","is_ascension_mode":false,"campfire_choices":[{"floor":13,"key":"REST"},{"data":"Chill","floor":15,"key":"SMITH"},{"data":"Electrodynamics","floor":29,"key":"SMITH"},{"data":"Darkness","floor":32,"key":"SMITH"},{"data":"Rainbow","floor":40,"key":"SMITH"},{"data":"Defragment","floor":42,"key":"SMITH"},{"data":"Sunder","floor":45,"key":"SMITH"},{"data":"Violence","floor":47,"key":"SMITH"},{"data":"Static Discharge","floor":49,"key":"SMITH"}],"neow_cost":"NONE","seed_source_timestamp":581118566766866,"circlet_count":0,"master_deck":["Zap+1","Dualcast","Cold Snap","All For One","White Noise","BootSequence+1","Doom and Gloom","Ball Lightning","Steam","Chill+1","Amplify","Defragment+1","Biased Cognition","Static Discharge+1","Darkness+1","Electrodynamics+1","Tempest","Conserve Battery+1","Ball Lightning+1","Mayhem","Sunder+1","Rebound+1","PanicButton","Conserve Battery","White Noise+1","Double Energy","Rainbow+1","Redo+1","Self Repair","Consume","Madness","Madness","Compile Driver","Turbo+1","The Bomb","Bandage Up","Violence+1","Panache"],"relics":["Eternal Feather","Bronze Scales","Pantograph","PreservedInsect","War Paint","Pandora\u0027s Box","MutagenicStrength","Lantern","Cables","Strawberry","Happy Flower","Philosopher\u0027s Stone","Du-Vu Doll","Dead Branch"],"potions_floor_usage":[14,16,23,33,33,41,41,50],"damage_taken":[{"damage":2,"enemies":"Small Slimes","floor":1,"turns":4},{"damage":1,"enemies":"Cultist","floor":4,"turns":4},{"damage":29,"enemies":"Lagavulin","floor":6,"turns":6},{"damage":13,"enemies":"2 Louse","floor":8,"turns":2},{"damage":10,"enemies":"3 Sentries","floor":10,"turns":6},{"damage":9,"enemies":"Exordium Wildlife","floor":11,"turns":3},{"damage":0,"enemies":"Lots of Slimes","floor":12,"turns":3},{"damage":0,"enemies":"Looter","floor":14,"turns":2},{"damage":35,"enemies":"Hexaghost","floor":16,"turns":8},{"damage":8,"enemies":"Spheric Guardian","floor":18,"turns":4},{"damage":15,"enemies":"2 Thieves","floor":21,"turns":3},{"damage":6,"enemies":"Snecko","floor":23,"turns":4},{"damage":3,"enemies":"Gremlin Leader","floor":27,"turns":5},{"damage":3,"enemies":"Snake Plant","floor":28,"turns":2},{"damage":0,"enemies":"Cultist and Chosen","floor":31,"turns":3},{"damage":26,"enemies":"Automaton","floor":33,"turns":9},{"damage":0,"enemies":"3 Shapes","floor":35,"turns":4},{"damage":0,"enemies":"3 Darklings","floor":37,"turns":4},{"damage":12,"enemies":"4 Shapes","floor":39,"turns":3},{"damage":43,"enemies":"Nemesis","floor":41,"turns":7},{"damage":52,"enemies":"Donu and Deca","floor":50,"turns":5}],"seed_played":"2186930570916979137","potions_obtained":[{"floor":10,"key":"Fire Potion"},{"floor":11,"key":"Dexterity Potion"},{"floor":12,"key":"Explosive Potion"},{"floor":16,"key":"Block Potion"},{"floor":23,"key":"Swift Potion"},{"floor":27,"key":"Fire Potion"},{"floor":28,"key":"Poison Potion"},{"floor":33,"key":"Poison Potion"},{"floor":41,"key":"Poison Potion"},{"floor":48,"key":"FairyPotion"},{"floor":48,"key":"PowerPotion"}],"is_trial":false,"path_per_floor":["M","?","?","M","?","E","T","M","T","E","M","M","R","M","R","B",null,"M","?","?","M","$","M","?","?","T","E","M","R","$","M","R","B",null,"M","?","M","?","M","R","E","R","T","$","R","?","R","?","R","B",null],"character_chosen":"DEFECT","items_purchased":["Mayhem","Lantern","Sunder","Happy Flower","The Bomb","Energy Potion"],"campfire_rested":1,"item_purchase_floors":[22,22,22,30,44,44],"current_hp_per_floor":[73,58,63,62,62,33,33,20,20,10,1,1,32,32,41,31,75,67,67,53,38,38,32,32,32,32,36,33,48,48,48,63,61,87,87,87,87,76,71,87,58,76,76,76,87,77,87,87,87,35],"gold":4,"neow_bonus":"BOSS_RELIC","is_prod":false,"is_daily":false,"chose_seed":false,"campfire_upgraded":8,"win_rate":0.0,"timestamp":1550492156,"path_taken":["M","?","?","?","?","E","?","?","T","E","M","M","R","M","R","BOSS","M","?","?","M","?","M","?","?","T","E","?","R","?","M","R","BOSS","M","?","?","?","M","R","E","R","T","$","R","?","R","?","R","BOSS"],"build_version":"2019-01-23","purchased_purges":0,"victory":true,"max_hp_per_floor":[75,75,75,75,75,75,75,75,75,75,75,75,75,75,75,75,75,75,75,80,80,80,80,80,80,80,87,87,87,87,87,87,87,87,87,87,87,87,87,87,87,87,87,87,87,87,87,87,87,87],"card_choices":[{"not_picked":["Hologram","Compile Driver"],"picked":"Barrage","floor":1},{"not_picked":["Turbo","Recycle"],"picked":"Cold Snap","floor":4},{"not_picked":["Rebound","Force Field"],"picked":"White Noise","floor":6},{"not_picked":["Redo","Aggregate"],"picked":"BootSequence","floor":8},{"not_picked":["Cold Snap","Rip and Tear"],"picked":"Doom and Gloom","floor":10},{"not_picked":["Skim","Stack"],"picked":"Ball Lightning","floor":11},{"not_picked":["Steam Power","Aggregate"],"picked":"Steam","floor":12},{"not_picked":["Barrage","Beam Cell"],"picked":"Chill","floor":14},{"not_picked":["Hyperbeam","Biased Cognition"],"picked":"Amplify","floor":16},{"not_picked":["Sunder","Genetic Algorithm+1"],"picked":"Conserve Battery+1","floor":18},{"not_picked":["Hello World","Beam Cell"],"picked":"Ball Lightning+1","floor":21},{"not_picked":["Gash","Cold Snap+1"],"picked":"Rebound+1","floor":23},{"not_picked":["Rebound","Steam"],"picked":"Conserve Battery","floor":27},{"not_picked":["Turbo","Redo"],"picked":"White Noise+1","floor":28},{"not_picked":["Streamline+1","Recycle"],"picked":"Double Energy","floor":31},{"not_picked":["Electrodynamics","Reboot"],"picked":"Rainbow","floor":33},{"not_picked":["Hologram","Stack"],"picked":"Redo+1","floor":35},{"not_picked":["Double Energy+1","Steam+1"],"picked":"Consume","floor":37},{"not_picked":["Gash+1","Coolheaded+1"],"picked":"Compile Driver","floor":39},{"not_picked":["Force Field+1","Gash+1"],"picked":"Turbo+1","floor":41},{"not_picked":["Flash of Steel","Enlightenment"],"picked":"Bandage Up","floor":46},{"not_picked":["PanicButton","Bandage Up"],"picked":"Violence","floor":46},{"not_picked":["HandOfGreed","Purity"],"picked":"Panache","floor":46}],"player_experience":106133,"relics_obtained":[{"floor":6,"key":"Bronze Scales"},{"floor":7,"key":"Pantograph"},{"floor":9,"key":"PreservedInsect"},{"floor":10,"key":"War Paint"},{"floor":26,"key":"Cables"},{"floor":27,"key":"Strawberry"},{"floor":41,"key":"Du-Vu Doll"},{"floor":43,"key":"Dead Branch"}],"event_choices":[{"damage_healed":0,"gold_gain":0,"player_choice":"Entered Light","damage_taken":15,"max_hp_gain":0,"max_hp_loss":0,"event_name":"Shining Light","floor":2,"gold_loss":0,"cards_upgraded":["Defend_B","Zap"]},{"cards_removed":["Barrage"],"damage_healed":5,"gold_gain":0,"player_choice":"Offered Common","damage_taken":0,"max_hp_gain":0,"max_hp_loss":0,"event_name":"Bonfire Elementals","floor":3,"gold_loss":0},{"cards_removed":["Barrage"],"damage_healed":5,"gold_gain":0,"player_choice":"Offered Special","damage_taken":0,"max_hp_gain":0,"max_hp_loss":0,"event_name":"Bonfire Elementals","floor":3,"gold_loss":0},{"damage_healed":0,"gold_gain":0,"cards_transformed":["Strike_B"],"player_choice":"Change","damage_taken":0,"max_hp_gain":0,"max_hp_loss":0,"event_name":"Living Wall","floor":5,"gold_loss":0,"cards_obtained":["All For One"]},{"damage_healed":0,"gold_gain":0,"player_choice":"Inject Mutagens","damage_taken":0,"relics_obtained":["MutagenicStrength"],"max_hp_gain":0,"max_hp_loss":0,"event_name":"Drug Dealer","floor":19,"gold_loss":0},{"damage_healed":0,"gold_gain":0,"player_choice":"Shed Blood","damage_taken":19,"max_hp_gain":5,"max_hp_loss":0,"event_name":"Forgotten Altar","floor":20,"gold_loss":0},{"damage_healed":0,"gold_gain":99,"player_choice":"Stole From Cult","damage_taken":0,"max_hp_gain":0,"max_hp_loss":0,"event_name":"Nest","floor":24,"gold_loss":0},{"damage_healed":0,"gold_gain":0,"player_choice":"1 cards matched","damage_taken":0,"max_hp_gain":0,"max_hp_loss":0,"event_name":"Match and Keep!","floor":25,"gold_loss":0,"cards_obtained":["PanicButton"]},{"damage_healed":0,"gold_gain":0,"cards_transformed":["Recycle"],"player_choice":"Transformed","damage_taken":0,"max_hp_gain":0,"max_hp_loss":0,"event_name":"Transmorgrifier","floor":36,"gold_loss":0,"cards_obtained":["Self Repair"]},{"damage_healed":0,"gold_gain":0,"player_choice":"Embrace Madness","damage_taken":11,"max_hp_gain":0,"max_hp_loss":0,"event_name":"Winding Halls","floor":38,"gold_loss":0,"cards_obtained":["Madness","Madness"]},{"damage_healed":0,"gold_gain":0,"player_choice":"Memory 3","damage_taken":10,"max_hp_gain":0,"max_hp_loss":0,"event_name":"SensoryStone","floor":46,"gold_loss":0},{"damage_healed":0,"gold_gain":0,"player_choice":"Got Potions","damage_taken":0,"max_hp_gain":0,"max_hp_loss":0,"event_name":"Lab","floor":48,"gold_loss":0}],"is_beta":false,"boss_relics":[{"not_picked":["Ectoplasm","Calling Bell"],"picked":"Pandora\u0027s Box"},{"not_picked":["Velvet Choker","Coffee Dripper"],"picked":"Philosopher\u0027s Stone"}],"items_purged_floors":[],"is_endless":false,"potions_floor_spawned":[10,11,12,16,23,27,28,33,41],"ascension_level":0}