{"path_per_floor":["M","?","M","M","?","E","R","E","T","M","R","$","E","M","R","B",null,"M","$","M","$","M","R","M","M","T","?","?","$","?","M","R"],"character_chosen":"THE_SILENT","items_purchased":["Ninja Scroll","Blood Vial","Poisoned Stab","Paper Crane"],"gold_per_floor":[109,109,128,143,143,183,183,526,526,551,551,110,148,171,171,300,300,323,67,55,55,76,76,91,115,115,115,115,115,115,129,129],"floor_reached":33,"campfire_rested":4,"playtime":2102,"current_hp_per_floor":[65,51,51,51,34,17,38,17,17,13,34,34,40,37,60,22,77,74,74,72,72,65,65,40,36,36,20,87,87,87,76,87],"items_purged":[],"gold":129,"score":292,"play_id":"c18b2b3e-e72c-4ab7-9c63-3402c1b22d5f","is_prod":false,"is_daily":false,"is_ascension_mode":false,"campfire_upgraded":1,"path_taken":["M","?","M","M","?","E","R","E","T","M","R","$","E","M","R","BOSS","M","$","M","$","M","R","M","M","T","?","?","$","?","M","R","BOSS"],"build_version":"2018-02-15-PROD1","purchased_purges":0,"victory":false,"master_deck":["Defend_G","Defend_G","Defend_G","Defend_G","Defend_G","Strike_G","Strike_G","Strike_G","Strike_G+1","Strike_G","Survivor+1","Neutralize","Flying Knee","Escape Plan","Riddle With Holes","Setup","Adrenaline+1","Flying Knee","Poisoned Stab","Poisoned Stab","Flechettes","Burst","Escape Plan+1","Sucker Punch","Deadly Poison","Finisher+1","Quick Slash+1","Flechettes+1","Terror","Dagger Spray+1"],"max_hp_per_floor":[70,70,70,70,70,70,70,70,70,70,70,70,77,77,77,77,77,77,77,77,77,77,77,77,77,77,77,87,87,87,87,87],"relics":["Ring of the Snake","Lantern","Golden Idol","Prayer Wheel","Old Coin","Gambling Chip","Ninja Scroll","Blood Vial","Strawberry","The Specimen","Paper Crane","Toolbox","Nilry\u0027s Codex"],"card_choices":[{"not_picked":["Dagger Throw","Slice"],"picked":"Flying Knee"},{"not_picked":["Deflect","Bane"],"picked":"Escape Plan"},{"not_picked":["Acrobatics","Reflex"],"picked":"Riddle With Holes"},{"not_picked":["All Out Attack","Skewer"],"picked":"Setup"},{"not_picked":["Deadly Poison","Slice"],"picked":"Adrenaline"},{"not_picked":["Sucker Punch","Deflect"],"picked":"Flying Knee"},{"not_picked":["Sucker Punch","Choke"],"picked":"Poisoned Stab"},{"not_picked":["Acrobatics","Bane"],"picked":"After Image"},{"not_picked":["Concentrate","Acrobatics"],"picked":"Flechettes"},{"not_picked":["Venomology","Glass Knife"],"picked":"Burst"},{"not_picked":["Footwork","Sucker Punch"],"picked":"Escape Plan"},{"not_picked":["Backflip","Slice"],"picked":"Sucker Punch"},{"not_picked":["Expertise","Bane"],"picked":"Deadly Poison"},{"not_picked":["Dagger Throw","Skewer"],"picked":"Finisher"},{"not_picked":["Backstab","Eviscerate"],"picked":"Quick Slash"},{"not_picked":["Acrobatics","Well Laid Plans"],"picked":"Flechettes"},{"not_picked":["Underhanded Strike","Slice"],"picked":"Dagger Spray"}],"player_experience":190851,"potions_floor_usage":[8,13,16,22,31,33],"damage_taken":[{"damage":5,"enemies":"Jaw Worm","floor":1,"turns":5},{"damage":0,"enemies":"2 Louse","floor":3,"turns":2},{"damage":0,"enemies":"Cultist","floor":4,"turns":3},{"damage":17,"enemies":"3 Sentries","floor":6,"turns":8},{"damage":21,"enemies":"Gremlin Nob","floor":8,"turns":5},{"damage":4,"enemies":"Exordium Thugs","floor":10,"turns":4},{"damage":3,"enemies":"3 Sentries","floor":13,"turns":5},{"damage":5,"enemies":"Large Slime","floor":14,"turns":4},{"damage":40,"enemies":"The Guardian","floor":16,"turns":11},{"damage":3,"enemies":"3 Byrds","floor":18,"turns":4},{"damage":4,"enemies":"2 Thieves","floor":20,"turns":4},{"damage":9,"enemies":"Cultist and Chosen","floor":22,"turns":6},{"damage":27,"enemies":"Snake Plant","floor":24,"turns":4},{"damage":6,"enemies":"Chosen and Byrds","floor":25,"turns":8},{"damage":11,"enemies":"Centurion and Healer","floor":31,"turns":4},{"damage":92,"enemies":"Automaton","floor":33,"turns":10}],"event_choices":[{"event_name":"Shining Light","player_choice":"Entered Light","floor":2,"damage_taken":0},{"event_name":"Golden Idol","player_choice":"Take Damage","floor":5,"damage_taken":0},{"event_name":"Cursed Tome","player_choice":"Obtained Book","floor":27,"damage_taken":0},{"event_name":"Bonfire Elementals","player_choice":"RARE","floor":28,"damage_taken":0},{"event_name":"The Library","player_choice":"Read","floor":30,"damage_taken":0}],"boss_relics":[{"not_picked":["White Beast Statue","Orrery"],"picked":"The Specimen"}],"potions_floor_spawned":[6,8,10,14,20,22],"seed_played":"-6805752355466502151","killed_by":"Automaton","ascension_level":0,"is_trial":false}