{"path_per_floor":["M","?","?","M","M","R","M","R","T","?","?","M","?","E","R"],"character_chosen":"IRONCLAD","items_purchased":[],"gold_per_floor":[20,20,20,34,45,45,58,58,58,123,123,136,136,168,168,168],"floor_reached":16,"campfire_rested":1,"playtime":541,"current_hp_per_floor":[72,72,77,76,80,80,74,74,74,44,44,39,39,9,36,0],"items_purged":[],"gold":168,"score":130,"play_id":"cecf04cb-d6d3-405e-bb0d-cbb2d69f51b9","local_time":"20180519082032","is_prod":false,"is_daily":false,"chose_seed":false,"is_ascension_mode":true,"campfire_upgraded":2,"timestamp":1526710832,"campfire_choices":[{"data":"Bash","floor":6,"key":"SMITH"},{"data":"Clash","floor":8,"key":"SMITH"},{"floor":15,"key":"REST"}],"path_taken":["M","?","?","M","M","R","M","R","T","?","?","?","?","E","R","BOSS"],"build_version":"2018-05-17","seed_source_timestamp":0,"purchased_purges":0,"victory":false,"master_deck":["Strike_R","Strike_R","Strike_R","Strike_R","Strike_R+1","Bash+1","Clash+1","Dropkick+1"],"max_hp_per_floor":[80,80,85,85,90,90,90,90,90,90,90,90,90,90,90,90],"relics":["Burning Blood","Charon\u0027s Ashes","Molten Egg 2","Potion Belt"],"card_choices":[{"not_picked":["Inflame","Flex","Wild Strike"],"picked":"SKIP","floor":1},{"not_picked":["Headbutt","Rage","Sentinel"],"picked":"SKIP","floor":4},{"not_picked":["Hemokinesis","Cleave","Shrug It Off"],"picked":"SKIP","floor":5},{"not_picked":["Heavy Blade","Intimidate"],"picked":"Clash","floor":7},{"not_picked":["Headbutt+1","Seeing Red"],"picked":"Dropkick+1","floor":12},{"not_picked":["Disarm","Anger+1","Evolve"],"picked":"SKIP","floor":14}],"player_experience":95911,"potions_floor_usage":[5,12,16],"damage_taken":[{"damage":6,"enemies":"Cultist","floor":1,"turns":3},{"damage":7,"enemies":"Jaw Worm","floor":4,"turns":3},{"damage":7,"enemies":"2 Louse","floor":5,"turns":3},{"damage":12,"enemies":"Looter","floor":7,"turns":3},{"damage":36,"enemies":"Lagavulin Event","floor":10,"turns":4},{"damage":11,"enemies":"Lots of Slimes","floor":12,"turns":3},{"damage":36,"enemies":"3 Sentries","floor":14,"turns":5},{"damage":38,"enemies":"The Guardian","floor":16,"turns":6}],"relics_obtained":[{"floor":9,"key":"Charon\u0027s Ashes"},{"floor":10,"key":"Molten Egg 2"},{"floor":14,"key":"Potion Belt"}],"event_choices":[{"event_name":"Living Wall","player_choice":"Forget","floor":2,"damage_taken":0},{"event_name":"Big Fish","player_choice":"Donut","floor":3,"damage_taken":0},{"event_name":"Dead Adventurer","player_choice":"Searched \u00271\u0027 times","floor":10,"damage_taken":0},{"event_name":"Upgrade Shrine","player_choice":"Upgraded","floor":11,"damage_taken":0},{"event_name":"Purifier","player_choice":"One Purge","floor":13,"damage_taken":0}],"boss_relics":[],"potions_floor_spawned":[1,4,7,10],"seed_played":"-7317127360239095131","killed_by":"The Guardian","ascension_level":6,"potions_obtained":[{"floor":1,"key":"SpeedPotion"},{"floor":4,"key":"Fruit Juice"},{"floor":7,"key":"Strength Potion"},{"floor":10,"key":"Poison Potion"}],"is_trial":false}