{"gold_per_floor":[114,214,224,34,34,34,60,60,87,99,124,154,184,200,200,300,300,319,234,109,109,119,452,469,496,496,0,0,26,43,58,58,161,161,174,274,274,274,128,128,78,94,94,94,94,109,124,141,141,141],"floor_reached":50,"playtime":2038,"items_purged":["Strike_R","Bash"],"score":625,"play_id":"4d8a0d65-d02c-423f-9a39-828a081b99ee","local_time":"20181222201854","is_ascension_mode":true,"campfire_choices":[{"data":"Shrug It Off","floor":8,"key":"SMITH"},{"data":"Spot Weakness","floor":15,"key":"SMITH"},{"floor":28,"key":"REST"},{"floor":32,"key":"REST"},{"data":"Apotheosis","floor":40,"key":"SMITH"},{"floor":49,"key":"REST"}],"neow_cost":"NONE","seed_source_timestamp":20599451521222,"circlet_count":0,"master_deck":["Strike_R+1","Strike_R+1","Strike_R+1","Defend_R+1","Defend_R+1","Defend_R+1","Defend_R+1","Sword Boomerang","Shrug It Off+1","Ghostly Armor","Spot Weakness+1","Heavy Blade","Headbutt","Iron Wave","Reaper","Body Slam+1","Flex","Juggernaut","Apotheosis+1","Flex","Iron Wave","Metallicize","Headbutt","Impervious","True Grit+1","Heavy Blade+1","Headbutt+1","Shrug It Off+1","Flame Barrier"],"relics":["Burning Blood","Sling","Gremlin Horn","Dream Catcher","Vajra","Boot","Velvet Choker","Dodecahedron","Old Coin","Red Mask","Question Card","Calipers","Smiling Mask","Sozu","WingedGreaves","Anchor","Paper Frog"],"potions_floor_usage":[13,16,16,47],"damage_taken":[{"damage":21,"enemies":"Jaw Worm","floor":1,"turns":6},{"damage":1,"enemies":"Cultist","floor":3,"turns":3},{"damage":28,"enemies":"Gremlin Nob","floor":7,"turns":4},{"damage":0,"enemies":"2 Louse","floor":10,"turns":3},{"damage":27,"enemies":"3 Sentries","floor":11,"turns":6},{"damage":13,"enemies":"Lagavulin","floor":13,"turns":5},{"damage":1,"enemies":"Looter","floor":14,"turns":3},{"damage":7,"enemies":"Hexaghost","floor":16,"turns":7},{"damage":16,"enemies":"Shell Parasite","floor":18,"turns":4},{"damage":0,"enemies":"Spheric Guardian","floor":22,"turns":3},{"damage":62,"enemies":"Slavers","floor":23,"turns":5},{"damage":16,"enemies":"Snake Plant","floor":24,"turns":3},{"damage":28,"enemies":"Masked Bandits","floor":25,"turns":4},{"damage":0,"enemies":"Gremlin Leader","floor":29,"turns":6},{"damage":44,"enemies":"Snecko","floor":30,"turns":5},{"damage":18,"enemies":"Chosen and Byrds","floor":31,"turns":5},{"damage":50,"enemies":"Automaton","floor":33,"turns":9},{"damage":19,"enemies":"Orb Walker","floor":35,"turns":3},{"damage":6,"enemies":"Mind Bloom Boss Battle","floor":36,"turns":6},{"damage":0,"enemies":"3 Darklings","floor":42,"turns":3},{"damage":40,"enemies":"Writhing Mass","floor":46,"turns":6},{"damage":11,"enemies":"Transient","floor":47,"turns":5},{"damage":8,"enemies":"3 Darklings","floor":48,"turns":4},{"damage":112,"enemies":"Time Eater","floor":50,"turns":12}],"seed_played":"8410007602563816389","potions_obtained":[{"floor":7,"key":"Ancient Potion"},{"floor":10,"key":"PowerPotion"},{"floor":11,"key":"AttackPotion"},{"floor":14,"key":"SkillPotion"},{"floor":22,"key":"SteroidPotion"},{"floor":24,"key":"SmokeBomb"},{"floor":25,"key":"FairyPotion"},{"floor":33,"key":"Energy Potion"}],"is_trial":false,"path_per_floor":["M","?","M","$","?","$","E","R","T","M","E","?","E","M","R","B",null,"M","?","$","?","M","E","M","?","T","$","R","E","M","M","R","B",null,"M","?","?","?","$","R","$","M","T","?","?","M","M","M","R","B"],"character_chosen":"IRONCLAD","items_purchased":["Sling","Flex","Apotheosis","Calipers","Anchor"],"campfire_rested":3,"item_purchase_floors":[4,20,27,27,39],"current_hp_per_floor":[65,65,70,70,54,54,32,32,32,38,17,17,10,15,15,14,80,73,73,73,73,79,41,38,22,22,22,46,68,30,39,63,19,80,67,76,76,76,76,76,76,80,80,80,90,62,57,55,82,0],"gold":141,"neow_bonus":"ONE_RANDOM_RARE_CARD","is_prod":false,"is_daily":false,"chose_seed":false,"campfire_upgraded":3,"win_rate":0,"timestamp":1545502734,"path_taken":["M","?","?","$","?","$","E","R","T","M","E","?","E","M","R","BOSS","M","?","$","?","M","E","?","?","T","?","R","E","M","M","R","BOSS","M","?","?","?","$","R","$","M","T","?","?","M","?","?","R","BOSS"],"build_version":"2018-12-20","purchased_purges":2,"victory":false,"max_hp_per_floor":[80,80,80,80,80,80,80,80,80,80,80,80,80,80,80,80,80,80,80,80,80,80,80,80,80,80,80,80,80,80,80,80,80,80,80,80,80,80,80,80,80,80,80,80,90,90,90,90,90,90],"card_choices":[{"not_picked":["Perfected Strike","Combust"],"picked":"Sword Boomerang","floor":1},{"not_picked":["Cleave","Entrench"],"picked":"Shrug It Off","floor":3},{"not_picked":["Rage","Combust"],"picked":"Ghostly Armor","floor":7},{"not_picked":["Pummel","Infernal Blade"],"picked":"Spot Weakness","floor":10},{"not_picked":["Second Wind","Disarm"],"picked":"Heavy Blade","floor":11},{"not_picked":["Shockwave","Pommel Strike"],"picked":"Headbutt","floor":13},{"not_picked":["Anger","Twin Strike"],"picked":"Iron Wave","floor":14},{"not_picked":["Feed","Brutality"],"picked":"Reaper","floor":16},{"not_picked":["Shrug It Off","Headbutt"],"picked":"Body Slam+1","floor":18},{"not_picked":["Cleave","Burning Pact+1","Clothesline"],"picked":"SKIP","floor":22},{"not_picked":["Whirlwind","Rampage","Second Wind"],"picked":"SKIP","floor":23},{"not_picked":["Clothesline","Burning Pact"],"picked":"Juggernaut","floor":24},{"not_picked":["Evolve","Pommel Strike","Rage"],"picked":"Flex","floor":28},{"not_picked":["Anger","Hemokinesis","Cleave"],"picked":"Iron Wave","floor":29},{"not_picked":["Power Through","Seeing Red+1","Perfected Strike"],"picked":"Metallicize","floor":30},{"not_picked":["Infernal Blade+1","Pommel Strike","Feel No Pain"],"picked":"Headbutt","floor":31},{"not_picked":["Fiend Fire","Reaper","Juggernaut"],"picked":"Impervious","floor":33},{"not_picked":["Shockwave+1","Wild Strike","Pommel Strike"],"picked":"True Grit+1","floor":35},{"not_picked":["Whirlwind","Combust","Dual Wield"],"picked":"Heavy Blade+1","floor":36},{"not_picked":["Cleave+1","Shockwave","Dropkick+1","Wild Strike"],"picked":"SKIP","floor":42},{"not_picked":["Evolve+1","Barricade","Thunderclap"],"picked":"Headbutt+1","floor":46},{"not_picked":["Armaments+1","Thunderclap","Body Slam"],"picked":"Shrug It Off+1","floor":47},{"not_picked":["Warcry+1","Armaments","Rupture"],"picked":"Flame Barrier","floor":48}],"player_experience":56836,"relics_obtained":[{"floor":7,"key":"Gremlin Horn"},{"floor":9,"key":"Dream Catcher"},{"floor":11,"key":"Vajra"},{"floor":13,"key":"Boot"},{"floor":23,"key":"Old Coin"},{"floor":25,"key":"Red Mask"},{"floor":26,"key":"Question Card"},{"floor":29,"key":"Smiling Mask"},{"floor":36,"key":"WingedGreaves"},{"floor":43,"key":"Paper Frog"}],"event_choices":[{"damage_healed":0,"gold_gain":100,"player_choice":"Pray","damage_taken":0,"max_hp_gain":0,"max_hp_loss":0,"event_name":"Golden Shrine","floor":2,"gold_loss":0},{"damage_healed":0,"gold_gain":0,"player_choice":"Entered Light","damage_taken":16,"max_hp_gain":0,"max_hp_loss":0,"event_name":"Shining Light","floor":5,"gold_loss":0,"cards_upgraded":["Strike_R","Defend_R"]},{"damage_healed":0,"gold_gain":30,"player_choice":"Searched \u00272\u0027 times","damage_taken":0,"max_hp_gain":0,"max_hp_loss":0,"event_name":"Dead Adventurer","floor":12,"gold_loss":0},{"damage_healed":0,"gold_gain":0,"player_choice":"Obtained Relic","damage_taken":0,"relics_obtained":["Dodecahedron"],"max_hp_gain":0,"max_hp_loss":0,"event_name":"Addict","floor":19,"gold_loss":85},{"damage_healed":0,"gold_gain":0,"player_choice":"Simplicity","damage_taken":0,"max_hp_gain":0,"max_hp_loss":0,"event_name":"Back to Basics","floor":21,"gold_loss":0,"cards_upgraded":["Strike_R","Strike_R","Strike_R","Defend_R","Defend_R","Defend_R"]},{"damage_healed":0,"gold_gain":0,"player_choice":"Fought Bandits","damage_taken":0,"max_hp_gain":0,"max_hp_loss":0,"event_name":"Masked Bandits","floor":25,"gold_loss":0},{"damage_healed":0,"gold_gain":0,"player_choice":"Fight","damage_taken":0,"max_hp_gain":0,"max_hp_loss":0,"event_name":"MindBloom","floor":36,"gold_loss":0},{"damage_healed":0,"gold_gain":0,"player_choice":"Ignored","damage_taken":0,"max_hp_gain":0,"max_hp_loss":0,"event_name":"Tomb of Lord Red Mask","floor":37,"gold_loss":0},{"cards_removed":["Strike_R"],"damage_healed":0,"gold_gain":0,"player_choice":"Removed Attack","damage_taken":0,"max_hp_gain":0,"max_hp_loss":0,"event_name":"Falling","floor":38,"gold_loss":0},{"damage_healed":0,"gold_gain":0,"player_choice":"Ignored","damage_taken":0,"max_hp_gain":0,"max_hp_loss":0,"event_name":"Mysterious Sphere","floor":44,"gold_loss":0},{"cards_removed":["Dark Embrace"],"damage_healed":0,"gold_gain":0,"player_choice":"Offered Rare","damage_taken":0,"max_hp_gain":10,"max_hp_loss":0,"event_name":"Bonfire Elementals","floor":45,"gold_loss":0}],"is_beta":false,"boss_relics":[{"not_picked":["Snecko Eye","Lizard Tail"],"picked":"Velvet Choker"},{"not_picked":["White Beast Statue","Runic Pyramid"],"picked":"Sozu"}],"items_purged_floors":[20,41],"is_endless":false,"potions_floor_spawned":[7,10,11,14,22,24,25,29,33,35,42,47],"killed_by":"Time Eater","ascension_level":2}