{"gold_per_floor":[119,119,119,142,191,235,235,258,258,258,289,314,314],"floor_reached":13,"playtime":497,"items_purged":[],"score":102,"play_id":"5d2b64e7-d6b9-4cfc-967b-7c53227b5236","local_time":"20190130155924","is_ascension_mode":true,"campfire_choices":[{"floor":7,"key":"REST"},{"data":"Neutralize","floor":10,"key":"SMITH"}],"neow_cost":"NONE","seed_source_timestamp":1080936850829402,"circlet_count":0,"master_deck":["Defend_G","Defend_G","Defend_G","Defend_G","Defend_G","Strike_G","Strike_G","Strike_G","Strike_G","Strike_G","Survivor","Neutralize+1","Infinite Blades","Deadly Poison","Regret","Underhanded Strike","Unload","Doubt","Blade Dance","Noxious Fumes+1"],"relics":["Cursed Key","Golden Idol","Vajra","Gremlin Horn","Frozen Egg 2","Pear"],"potions_floor_usage":[6,11],"damage_taken":[{"damage":0,"enemies":"Small Slimes","floor":1,"turns":5},{"damage":0,"enemies":"Jaw Worm","floor":4,"turns":5},{"damage":20,"enemies":"Gremlin Nob","floor":6,"turns":4},{"damage":6,"enemies":"Cultist","floor":8,"turns":3},{"damage":18,"enemies":"3 Sentries","floor":11,"turns":6},{"damage":4,"enemies":"Exordium Wildlife","floor":12,"turns":3},{"damage":36,"enemies":"Gremlin Nob","floor":13,"turns":4}],"seed_played":"-7058211894163167954","potions_obtained":[{"floor":1,"key":"Fire Potion"},{"floor":4,"key":"Swift Potion"}],"is_trial":false,"path_per_floor":["M","?","?","M","T","E","R","M","T","R","E","M","E"],"character_chosen":"THE_SILENT","items_purchased":[],"campfire_rested":1,"item_purchase_floors":[],"current_hp_per_floor":[70,70,53,53,53,33,54,48,48,48,40,36,0],"gold":314,"neow_bonus":"BOSS_RELIC","is_prod":false,"is_daily":false,"chose_seed":false,"campfire_upgraded":1,"win_rate":0,"timestamp":1548835164,"path_taken":["M","?","?","M","?","E","R","M","T","R","E","?","E"],"build_version":"2019-01-23","purchased_purges":0,"victory":false,"max_hp_per_floor":[70,70,70,70,70,70,70,70,70,70,80,80,80],"card_choices":[{"not_picked":["Cloak And Dagger","Predator"],"picked":"Infinite Blades","floor":1},{"not_picked":["Distraction","Backflip"],"picked":"Deadly Poison","floor":4},{"not_picked":["Dagger Throw","Dodge and Roll"],"picked":"Underhanded Strike","floor":6},{"not_picked":["Deflect","Calculated Gamble"],"picked":"Unload","floor":8},{"not_picked":["Escape Plan","Setup"],"picked":"Blade Dance","floor":11},{"not_picked":["Flying Knee","Quick Slash"],"picked":"Noxious Fumes+1","floor":12}],"player_experience":74332,"relics_obtained":[{"floor":5,"key":"Vajra"},{"floor":6,"key":"Gremlin Horn"},{"floor":9,"key":"Frozen Egg 2"},{"floor":11,"key":"Pear"}],"event_choices":[{"damage_healed":0,"gold_gain":0,"player_choice":"Ignored","damage_taken":0,"max_hp_gain":0,"max_hp_loss":0,"event_name":"Golden Wing","floor":2,"gold_loss":0},{"damage_healed":0,"gold_gain":0,"player_choice":"Take Damage","damage_taken":17,"relics_obtained":["Golden Idol"],"max_hp_gain":0,"max_hp_loss":0,"event_name":"Golden Idol","floor":3,"gold_loss":0}],"is_beta":false,"boss_relics":[],"items_purged_floors":[],"is_endless":false,"potions_floor_spawned":[1,4],"killed_by":"Gremlin Nob","ascension_level":2}