{"gold_per_floor":[111,121,46,46,46,46,59,59,135,154,169,198,198,19,19,143,143,163,179,54,85,100,100,113,113,113,138,138,151,169,185,185,308,308,331,181,202,27,41,41,41,41,91,135,158,158,178,178,178,178],"floor_reached":50,"playtime":2829,"items_purged":["Strike_B","Defend_B","Defend_B","Strike_B","Strike_B"],"score":476,"play_id":"6909d0ae-723d-4a9b-8e5c-5af6bd96130e","local_time":"20190219195216","is_ascension_mode":false,"campfire_choices":[{"floor":6.0,"key":"RECALL"},{"data":"Dualcast","floor":8.0,"key":"SMITH"},{"floor":15.0,"key":"REST"},{"floor":23.0,"key":"REST"},{"data":"Defragment","floor":25.0,"key":"SMITH"},{"data":"Capacitor","floor":32,"key":"SMITH"},{"floor":40,"key":"REST"},{"floor":42,"key":"REST"},{"floor":46,"key":"REST"},{"floor":49,"key":"REST"}],"neow_cost":"NONE","seed_source_timestamp":0,"circlet_count":0,"master_deck":["Defend_B","Defend_B","Zap","Dualcast+1","Cold Snap","Defragment+1","Coolheaded","Capacitor","Cold Snap","Ball Lightning","Blizzard+1","Ball Lightning","Capacitor+1","Cold Snap+1","Shame","Capacitor+1","Chaos","Parasite","Ball Lightning+1"],"special_seed":0,"relics":["Cracked Core","Lantern","Symbiotic Virus","Golden Idol","Cursed Key","Red Mask","Velvet Choker","Bag of Preparation","Pantograph"],"potions_floor_usage":[30,31,33,45],"damage_taken":[{"damage":0.0,"enemies":"Small Slimes","floor":1.0,"turns":3.0},{"damage":0.0,"enemies":"Jaw Worm","floor":2.0,"turns":3.0},{"damage":0.0,"enemies":"2 Louse","floor":7.0,"turns":2.0},{"damage":0.0,"enemies":"Looter","floor":10.0,"turns":3.0},{"damage":2.0,"enemies":"3 Louse","floor":11.0,"turns":4.0},{"damage":34.0,"enemies":"Lagavulin","floor":12.0,"turns":9.0},{"damage":10.0,"enemies":"Hexaghost","floor":16.0,"turns":9.0},{"damage":0.0,"enemies":"Chosen","floor":18.0,"turns":4.0},{"damage":0.0,"enemies":"Spheric Guardian","floor":19.0,"turns":5.0},{"damage":25.0,"enemies":"Masked Bandits","floor":21.0,"turns":5.0},{"damage":10.0,"enemies":"Snecko","floor":22.0,"turns":8.0},{"damage":0.0,"enemies":"Chosen and Byrds","floor":24.0,"turns":5.0},{"damage":0.0,"enemies":"Snake Plant","floor":27.0,"turns":4.0},{"damage":0,"enemies":"Sentry and Sphere","floor":29,"turns":4},{"damage":3,"enemies":"Shelled Parasite and Fungi","floor":30,"turns":5},{"damage":0,"enemies":"Centurion and Healer","floor":31,"turns":6},{"damage":23,"enemies":"Collector","floor":33,"turns":9},{"damage":21,"enemies":"3 Shapes","floor":35,"turns":3},{"damage":8,"enemies":"Orb Walker","floor":37,"turns":3},{"damage":15,"enemies":"3 Darklings","floor":39,"turns":4},{"damage":52,"enemies":"Nemesis","floor":44,"turns":7},{"damage":18,"enemies":"Spire Growth","floor":45,"turns":4},{"damage":20,"enemies":"Writhing Mass","floor":47,"turns":5},{"damage":54,"enemies":"Donu and Deca","floor":50,"turns":6}],"seed_played":"5987765072427033531","potions_obtained":[{"floor":2.0,"key":"Energy Potion"},{"floor":11.0,"key":"SteroidPotion"},{"floor":12.0,"key":"FocusPotion"},{"floor":16.0,"key":"SpeedPotion"},{"floor":19.0,"key":"SpeedPotion"},{"floor":24.0,"key":"Block Potion"},{"floor":29,"key":"Regen Potion"},{"floor":30,"key":"Block Potion"},{"floor":31,"key":"Strength Potion"},{"floor":35,"key":"Energy Potion"}],"is_trial":false,"path_per_floor":["M","M","$","?","$","R","M","R","T","M","M","E","?","$","R","B",null,"M","M","$","?","M","R","M","R","T","M","?","M","M","M","R","B",null,"M","$","M","$","M","R","?","R","T","E","M","R","M","?","R","B"],"character_chosen":"DEFECT","items_purchased":["Defragment"],"campfire_rested":6,"item_purchase_floors":[14],"current_hp_per_floor":[75,75,75,68,68,68,68,68,68,68,66,32,14,14,36,26,75,75,75,75,50,40,62,62,62,62,62,62,62,71,71,71,48,75,54,54,46,46,31,53,53,75,75,23,5,27,7,7,29,0],"gold":178,"neow_bonus":"REMOVE_CARD","is_prod":false,"is_daily":false,"chose_seed":false,"campfire_upgraded":3,"win_rate":0,"timestamp":1550573536,"path_taken":["M","M","$","?","$","R","M","R","T","M","M","E","?","?","R","BOSS","M","M","$","?","M","R","M","R","T","M","?","M","M","M","R","BOSS","M","$","M","$","M","R","?","R","T","E","M","R","M","?","R","BOSS"],"build_version":"2019-01-23","purchased_purges":5,"victory":false,"max_hp_per_floor":[75,75,75,75,75,75,75,75,75,75,75,75,75,75,75,75,75,75,75,75,75,75,75,75,75,75,75,75,75,75,75,75,75,75,75,75,75,75,75,75,75,75,75,75,75,75,75,75,75,75],"card_choices":[{"not_picked":["Compile Driver","Barrage","White Noise"],"picked":"SKIP","floor":1.0},{"not_picked":["Barrage","Reprogram","Tempest"],"picked":"SKIP","floor":2.0},{"not_picked":["Static Discharge","Consume","Sunder"],"picked":"SKIP","floor":7.0},{"not_picked":["Reprogram","Stack","Steam Power"],"picked":"SKIP","floor":10.0},{"not_picked":["Biased Cognition","Barrage"],"picked":"Cold Snap","floor":11.0},{"not_picked":["Fission","White Noise","FTL"],"picked":"SKIP","floor":12.0},{"not_picked":["Steam Power+1","Gash"],"picked":"Coolheaded","floor":18.0},{"not_picked":["Barrage","Go for the Eyes+1","Turbo+1"],"picked":"SKIP","floor":19.0},{"not_picked":["Reprogram","Heatsinks"],"picked":"Capacitor","floor":21.0},{"not_picked":["Conserve Battery","Rebound"],"picked":"Cold Snap","floor":22.0},{"not_picked":["Darkness","Coolheaded"],"picked":"Ball Lightning","floor":24.0},{"not_picked":["Compile Driver","Tempest"],"picked":"Blizzard+1","floor":27.0},{"not_picked":["Turbo","Cold Snap"],"picked":"Ball Lightning","floor":29},{"not_picked":["Hologram+1","Electrodynamics"],"picked":"Capacitor","floor":30},{"not_picked":["Self Repair","Compile Driver"],"picked":"Cold Snap+1","floor":31},{"not_picked":["Sunder+1","Beam Cell","Reprogram+1"],"picked":"SKIP","floor":35},{"not_picked":["Conserve Battery+1","Coolheaded+1","Rip and Tear"],"picked":"SKIP","floor":37},{"not_picked":["Hologram+1","Go for the Eyes+1","Conserve Battery+1"],"picked":"SKIP","floor":39},{"not_picked":["Buffer","Scrape+1"],"picked":"Capacitor+1","floor":44},{"not_picked":["Aggregate+1","Stack+1"],"picked":"Chaos","floor":45},{"not_picked":["Rebound","Double Energy"],"picked":"Ball Lightning+1","floor":47}],"player_experience":142805,"relics_obtained":[{"floor":12.0,"key":"Symbiotic Virus"},{"floor":21.0,"key":"Red Mask"},{"floor":43,"key":"Bag of Preparation"},{"floor":44,"key":"Pantograph"}],"event_choices":[{"damage_healed":0.0,"max_hp_gain":0.0,"max_hp_loss":0.0,"gold_gain":0.0,"event_name":"Scrap Ooze","player_choice":"Success","floor":4.0,"gold_loss":0.0,"damage_taken":7.0,"relics_obtained":["Lantern"]},{"damage_healed":0.0,"max_hp_gain":0.0,"max_hp_loss":0.0,"gold_gain":0.0,"event_name":"Golden Idol","player_choice":"Take Damage","floor":13.0,"gold_loss":0.0,"damage_taken":18.0,"relics_obtained":["Golden Idol"]},{"damage_healed":0.0,"max_hp_gain":0.0,"max_hp_loss":0.0,"gold_gain":0.0,"event_name":"Masked Bandits","player_choice":"Fought Bandits","floor":21.0,"gold_loss":0.0,"damage_taken":0.0},{"damage_healed":0,"gold_gain":0,"player_choice":"Ignored","damage_taken":0,"max_hp_gain":0,"max_hp_loss":0,"event_name":"Cursed Tome","floor":28,"gold_loss":0},{"damage_healed":0,"gold_gain":0,"player_choice":"Ignored","damage_taken":0,"max_hp_gain":0,"max_hp_loss":0,"event_name":"Mysterious Sphere","floor":41,"gold_loss":0},{"damage_healed":0,"gold_gain":0,"player_choice":"Memory 1","damage_taken":0,"max_hp_gain":0,"max_hp_loss":0,"event_name":"SensoryStone","floor":48,"gold_loss":0}],"is_beta":false,"boss_relics":[{"not_picked":["Fusion Hammer","Calling Bell"],"picked":"Cursed Key"},{"not_picked":["White Beast Statue","Runic Dome"],"picked":"Velvet Choker"}],"items_purged_floors":[3,14,20,36,38],"is_endless":false,"potions_floor_spawned":[2,11,12,16,19,24,29,30,31,35],"killed_by":"Donu and Deca","ascension_level":0}