{"gold_per_floor":[118,136,136,149,169,195,195,210,233,267,284,284,312,327,327,432,432,449,449,459,459,470,482,482,517,517,517,542,542],"floor_reached":29,"playtime":1528,"items_purged":[],"score":484,"play_id":"8d1ffc53-1bc4-4b4f-99dd-8401d2a783ec","local_time":"20181009050755","is_ascension_mode":true,"campfire_choices":[{"floor":7,"key":"REST"},{"floor":12,"key":"REST"},{"floor":15,"key":"REST"},{"floor":24,"key":"REST"}],"neow_cost":"NONE","seed_source_timestamp":1359214549126914,"circlet_count":0,"master_deck":["Strike_R","Strike_R","Strike_R","Strike_R","Strike_R+1","Defend_R+1","Defend_R","Defend_R","Defend_R","Bash","AscendersBane","Thunderclap","Perfected Strike","Clash","Offering","Perfected Strike+1","Perfected Strike+1"],"relics":["Runic Pyramid","Happy Flower","Oddly Smooth Stone","Ancient Tea Set","Black Star","Gremlin Horn","Shuriken","Mummified Hand","Gambling Chip","Ginger"],"potions_floor_usage":[11,11,11,13,16,18,25,28],"damage_taken":[{"damage":6,"enemies":"Cultist","floor":1,"turns":3},{"damage":7,"enemies":"Jaw Worm","floor":2,"turns":5},{"damage":0,"enemies":"2 Louse","floor":4,"turns":2},{"damage":10,"enemies":"Red Slaver","floor":5,"turns":5},{"damage":26,"enemies":"Gremlin Nob","floor":6,"turns":4},{"damage":0,"enemies":"2 Fungi Beasts","floor":8,"turns":2},{"damage":27,"enemies":"Lagavulin","floor":10,"turns":6},{"damage":0,"enemies":"Large Slime","floor":11,"turns":3},{"damage":13,"enemies":"3 Sentries","floor":13,"turns":7},{"damage":4,"enemies":"Lots of Slimes","floor":14,"turns":3},{"damage":32,"enemies":"The Guardian","floor":16,"turns":11},{"damage":18,"enemies":"3 Byrds","floor":18,"turns":6},{"damage":6,"enemies":"Chosen","floor":20,"turns":4},{"damage":9,"enemies":"Centurion and Healer","floor":22,"turns":4},{"damage":6,"enemies":"Shelled Parasite and Fungi","floor":23,"turns":2},{"damage":44,"enemies":"Slavers","floor":25,"turns":5},{"damage":6,"enemies":"Gremlin Leader","floor":28,"turns":3},{"damage":6,"enemies":"Snecko","floor":29,"turns":3}],"seed_played":"3294881420102993151","potions_obtained":[{"floor":2,"key":"Swift Potion"},{"floor":6,"key":"AttackPotion"},{"floor":10,"key":"EntropicBrew"},{"floor":13,"key":"Fire Potion"},{"floor":16,"key":"BloodPotion"},{"floor":23,"key":"AttackPotion"},{"floor":25,"key":"SneckoOil"},{"floor":28,"key":"Dexterity Potion"}],"is_trial":false,"path_per_floor":["M","M","?","M","M","E","R","M","T","E","M","R","E","M","R","B",null,"M","$","M","?","M","M","R","E","T","?","E"],"character_chosen":"IRONCLAD","items_purchased":[],"campfire_rested":4,"item_purchase_floors":[],"current_hp_per_floor":[66,59,43,43,33,7,31,31,31,4,4,28,15,11,35,3,61,51,51,45,45,36,30,54,10,10,10,4,0],"gold":542,"neow_bonus":"BOSS_RELIC","is_prod":false,"is_daily":false,"chose_seed":false,"campfire_upgraded":0,"win_rate":0,"timestamp":1539054475,"path_taken":["M","?","?","M","M","E","R","?","T","E","?","R","E","M","R","BOSS","M","$","M","?","?","M","R","E","T","?","E","M"],"build_version":"2018-10-04v2","purchased_purges":0,"victory":false,"max_hp_per_floor":[80,80,80,80,80,80,80,80,80,80,80,80,80,80,80,80,80,80,80,80,80,80,80,80,80,80,80,80,80],"card_choices":[{"not_picked":["Evolve","Perfected Strike"],"picked":"Thunderclap","floor":1},{"not_picked":["True Grit","Flame Barrier","Heavy Blade"],"picked":"SKIP","floor":2},{"not_picked":["Sentinel","Bloodletting","Body Slam"],"picked":"SKIP","floor":4},{"not_picked":["Blood for Blood","Havoc"],"picked":"Perfected Strike","floor":5},{"not_picked":["Hemokinesis","Spot Weakness","Infernal Blade"],"picked":"SKIP","floor":6},{"not_picked":["Twin Strike","Armaments","Shrug It Off"],"picked":"SKIP","floor":8},{"not_picked":["Rupture","Blood for Blood","Fire Breathing"],"picked":"SKIP","floor":10},{"not_picked":["Barricade","Clothesline"],"picked":"Clash","floor":11},{"not_picked":["True Grit","Power Through","Juggernaut"],"picked":"SKIP","floor":13},{"not_picked":["Inflame","Armaments","Wild Strike"],"picked":"SKIP","floor":14},{"not_picked":["Double Tap","Exhume"],"picked":"Offering","floor":16},{"not_picked":["Headbutt","Metallicize+1","Power Through"],"picked":"SKIP","floor":18},{"not_picked":["Wild Strike","Entrench","Sever Soul"],"picked":"SKIP","floor":20},{"not_picked":["Thunderclap","Headbutt"],"picked":"Perfected Strike+1","floor":22},{"not_picked":["Flex+1","Anger","Clothesline"],"picked":"SKIP","floor":23},{"not_picked":["Reaper","Spot Weakness","Iron Wave"],"picked":"SKIP","floor":25},{"not_picked":["Shrug It Off+1","Heavy Blade","Bloodletting"],"picked":"SKIP","floor":28}],"player_experience":237929,"relics_obtained":[{"floor":9,"key":"Happy Flower"},{"floor":10,"key":"Oddly Smooth Stone"},{"floor":13,"key":"Ancient Tea Set"},{"floor":25,"key":"Gremlin Horn"},{"floor":25,"key":"Shuriken"},{"floor":26,"key":"Mummified Hand"},{"floor":28,"key":"Gambling Chip"},{"floor":28,"key":"Ginger"}],"event_choices":[{"event_name":"Shining Light","player_choice":"Entered Light","floor":3,"damage_taken":0},{"event_name":"The Library","player_choice":"Read","floor":21,"damage_taken":0},{"event_name":"Upgrade Shrine","player_choice":"Upgraded","floor":27,"damage_taken":0}],"is_beta":false,"boss_relics":[{"not_picked":["Astrolabe","Snecko Eye"],"picked":"Black Star"}],"items_purged_floors":[],"is_endless":false,"potions_floor_spawned":[2,6,8,10,13,16,23,25,28],"killed_by":"Snecko","ascension_level":11}