{"gold_per_floor":[116,41,56,68,88,88,119,119,146,146,162,177,191,255,255,360,360,372,385,400,141,157,157,67,67,94,108,121,121,121,121,121,225,225,244,263,263,263,279,279,295,41,41,41,67,67,82,82,82,82],"floor_reached":50,"playtime":3149,"items_purged":["Regret","Strike_B"],"score":619,"play_id":"7773d479-48c1-4bda-9993-3c8e9c1d0617","local_time":"20181029213625","is_ascension_mode":true,"campfire_choices":[{"data":"Zap","floor":6,"key":"SMITH"},{"data":"Cold Snap","floor":8,"key":"SMITH"},{"data":"Go for the Eyes","floor":10,"key":"SMITH"},{"floor":15,"key":"REST"},{"floor":23,"key":"REST"},{"floor":29,"key":"REST"},{"floor":32,"key":"REST"},{"floor":40,"key":"REST"},{"floor":44,"key":"REST"},{"floor":49,"key":"REST"}],"neow_cost":"CURSE","seed_source_timestamp":2068852156242302,"circlet_count":0,"master_deck":["Strike_B","Strike_B","Defend_B","Defend_B","Zap+1","Dualcast","Cold Snap+1","Conserve Battery","Coolheaded+1","Go for the Eyes+1","Echo Form","Genetic Algorithm","White Noise","Capacitor","Cold Snap","Seek","Blizzard","Ball Lightning","Glacier","Static Discharge","Auto Shields","Conserve Battery","Creative AI","Tempest+1","Conserve Battery+1","Stack+1","FTL+1","Self Repair"],"relics":["Cracked Core","Gambling Chip","Vajra","Pen Nib","Boot","Lizard Tail","Oddly Smooth Stone","Sozu","Pantograph","Shuriken","Art of War"],"potions_floor_usage":[13,16,27,27,28,28,28,33,33,39],"damage_taken":[{"damage":0,"enemies":"2 Louse","floor":1,"turns":2},{"damage":0,"enemies":"Jaw Worm","floor":3,"turns":3},{"damage":1,"enemies":"Small Slimes","floor":4,"turns":2},{"damage":9,"enemies":"Exordium Wildlife","floor":5,"turns":4},{"damage":5,"enemies":"3 Sentries","floor":7,"turns":11},{"damage":0,"enemies":"2 Fungi Beasts","floor":11,"turns":3},{"damage":0,"enemies":"Blue Slaver","floor":12,"turns":3},{"damage":0,"enemies":"3 Louse","floor":13,"turns":3},{"damage":14,"enemies":"3 Sentries","floor":14,"turns":7},{"damage":7,"enemies":"Hexaghost","floor":16,"turns":9},{"damage":14,"enemies":"3 Byrds","floor":18,"turns":5},{"damage":9,"enemies":"Shell Parasite","floor":19,"turns":5},{"damage":27,"enemies":"Snake Plant","floor":20,"turns":6},{"damage":16,"enemies":"Sentry and Sphere","floor":22,"turns":8},{"damage":6,"enemies":"Cultist and Chosen","floor":27,"turns":8},{"damage":12,"enemies":"Shelled Parasite and Fungi","floor":28,"turns":5},{"damage":65,"enemies":"Collector","floor":33,"turns":11},{"damage":0,"enemies":"3 Shapes","floor":35,"turns":7},{"damage":18,"enemies":"Orb Walker","floor":36,"turns":3},{"damage":31,"enemies":"Spire Growth","floor":39,"turns":6},{"damage":0,"enemies":"Maw","floor":41,"turns":8},{"damage":17,"enemies":"Reptomancer","floor":45,"turns":11},{"damage":17,"enemies":"Transient","floor":47,"turns":5},{"damage":83,"enemies":"Awakened One","floor":50,"turns":5}],"seed_played":"-3666802932015200442","potions_obtained":[{"floor":3,"key":"EntropicBrew"},{"floor":5,"key":"Swift Potion"},{"floor":7,"key":"SkillPotion"},{"floor":14,"key":"Regen Potion"},{"floor":20,"key":"EntropicBrew"},{"floor":33,"key":"PowerPotion"}],"is_trial":false,"path_per_floor":["M","$","M","M","M","R","E","R","T","R","M","M","M","?","R","B",null,"M","M","M","$","M","R","?","$","T","M","M","R","?","?","R","B",null,"M","M","?","?","M","R","M","$","T","R","E","?","M","?","R"],"character_chosen":"DEFECT","items_purchased":["Glacier","Static Discharge","Pantograph"],"campfire_rested":7,"item_purchase_floors":[21,21,42],"current_hp_per_floor":[68,68,68,67,58,58,53,53,53,53,53,53,53,39,61,69,74,60,51,24,24,8,30,30,30,30,24,12,34,34,34,56,37,66,66,48,48,48,17,39,39,39,39,61,44,44,27,27,49,0],"gold":82,"neow_bonus":"ONE_RARE_RELIC","is_prod":false,"is_daily":false,"chose_seed":false,"campfire_upgraded":3,"win_rate":0,"timestamp":1540816585,"path_taken":["M","$","M","M","M","R","E","R","T","R","M","M","M","?","R","BOSS","M","M","M","$","M","R","?","?","T","?","M","R","?","?","R","BOSS","M","M","?","?","M","R","M","$","T","R","E","?","?","?","R","BOSS"],"build_version":"2018-10-25v2","purchased_purges":2,"victory":false,"max_hp_per_floor":[75,75,75,75,75,75,75,75,75,75,75,75,75,75,75,75,75,75,75,75,75,75,75,75,75,75,75,75,75,75,75,75,75,75,75,75,75,75,75,75,75,75,75,75,75,75,75,75,75,75],"card_choices":[{"not_picked":["Steam","Scrape"],"picked":"Cold Snap","floor":1},{"not_picked":["Rebound","Compile Driver"],"picked":"Conserve Battery","floor":3},{"not_picked":["Chill","Compile Driver"],"picked":"Coolheaded","floor":4},{"not_picked":["Gash","Compile Driver"],"picked":"Go for the Eyes","floor":5},{"not_picked":["Defragment","Leap"],"picked":"Echo Form","floor":7},{"not_picked":["Skim","Darkness"],"picked":"Genetic Algorithm","floor":11},{"not_picked":["Barrage","Streamline"],"picked":"White Noise","floor":12},{"not_picked":["Go for the Eyes","BootSequence"],"picked":"Capacitor","floor":13},{"not_picked":["Consume","Compile Driver"],"picked":"Cold Snap","floor":14},{"not_picked":["Reboot","Meteor Strike"],"picked":"Seek","floor":16},{"not_picked":["Stack","Conserve Battery"],"picked":"Blizzard","floor":18},{"not_picked":["Streamline","Barrage","Beam Cell+1"],"picked":"SKIP","floor":19},{"not_picked":["Gash+1","Rainbow"],"picked":"Ball Lightning","floor":20},{"not_picked":["Reinforced Body","Consume+1","Chill"],"picked":"SKIP","floor":22},{"not_picked":["Barrage","Compile Driver+1"],"picked":"Auto Shields","floor":27},{"not_picked":["Stack+1","Hologram+1"],"picked":"Conserve Battery","floor":28},{"not_picked":["Machine Learning","Meteor Strike"],"picked":"Creative AI","floor":33},{"not_picked":["Chaos","Compile Driver+1"],"picked":"Tempest+1","floor":35},{"not_picked":["Reinforced Body+1","Lockon+1"],"picked":"Conserve Battery+1","floor":36},{"not_picked":["Coolheaded","Skim"],"picked":"Stack+1","floor":39},{"not_picked":["Gash+1","Ball Lightning","Rebound+1"],"picked":"SKIP","floor":41},{"not_picked":["Rainbow","Static Discharge+1"],"picked":"FTL+1","floor":45},{"not_picked":["Hologram","Sweeping Beam"],"picked":"Self Repair","floor":47}],"player_experience":287535,"relics_obtained":[{"floor":7,"key":"Vajra"},{"floor":9,"key":"Pen Nib"},{"floor":14,"key":"Boot"},{"floor":26,"key":"Oddly Smooth Stone"},{"floor":43,"key":"Shuriken"},{"floor":45,"key":"Art of War"}],"event_choices":[{"damage_healed":0,"gold_gain":0,"player_choice":"Searched \u00272\u0027 times","damage_taken":0,"max_hp_gain":0,"max_hp_loss":0,"event_name":"Dead Adventurer","floor":14,"gold_loss":0},{"cards_removed":["Defend_B"],"damage_healed":0,"gold_gain":0,"player_choice":"Upgrade and Remove","damage_taken":0,"max_hp_gain":0,"max_hp_loss":0,"event_name":"Designer","floor":24,"gold_loss":90,"cards_upgraded":["Coolheaded"]},{"damage_healed":0,"gold_gain":0,"player_choice":"Ignored","damage_taken":0,"max_hp_gain":0,"max_hp_loss":0,"event_name":"Ghosts","floor":30,"gold_loss":0},{"damage_healed":0,"gold_gain":0,"player_choice":"Ignored","damage_taken":0,"max_hp_gain":0,"max_hp_loss":0,"event_name":"Vampires","floor":31,"gold_loss":0},{"damage_healed":0,"gold_gain":0,"player_choice":"Memory 1","damage_taken":0,"max_hp_gain":0,"max_hp_loss":0,"event_name":"SensoryStone","floor":37,"gold_loss":0},{"cards_removed":["Strike_B"],"damage_healed":0,"gold_gain":0,"player_choice":"Removed Attack","damage_taken":0,"max_hp_gain":0,"max_hp_loss":0,"event_name":"Falling","floor":38,"gold_loss":0},{"cards_removed":["Defend_B"],"damage_healed":0,"gold_gain":0,"player_choice":"Purged","damage_taken":0,"max_hp_gain":0,"max_hp_loss":0,"event_name":"Purifier","floor":46,"gold_loss":0},{"damage_healed":0,"gold_gain":0,"player_choice":"Bought 0 Potions","damage_taken":0,"max_hp_gain":0,"max_hp_loss":0,"event_name":"The Woman in Blue","floor":48,"gold_loss":0}],"is_beta":false,"boss_relics":[{"not_picked":["Runic Pyramid","Fusion Hammer"],"picked":"Lizard Tail"},{"not_picked":["FrozenCore","Black Star"],"picked":"Sozu"}],"items_purged_floors":[2,21],"is_endless":false,"potions_floor_spawned":[3,5,7,14,20,33,35,47],"killed_by":"Awakened One","ascension_level":6}