{"path_per_floor":["M","$","M","$","?","R","E","?","T","E","R","?","M","M","R","B",null,"M","M","$","?"],"character_chosen":"THE_SILENT","items_purchased":["Infinite Blades","Paper Crane","Ninja Scroll","Outmaneuver"],"gold_per_floor":[369,62,82,82,82,82,114,84,108,134,134,134,149,159,159,254,284,297,308,44,44],"floor_reached":22,"campfire_rested":2,"playtime":1333,"current_hp_per_floor":[61,61,61,61,49,49,19,19,19,19,37,30,31,26,44,41,63,37,34,34,20],"items_purged":[],"gold":44,"play_id":"4ea25796-66ca-4f2a-ad7a-c0ca69da61f3","is_prod":false,"is_daily":false,"campfire_rituals":0,"campfire_upgraded":1,"is_hardmode":false,"path_taken":["M","$","M","$","?","R","E","?","T","E","R","?","M","M","R","BOSS","M","M","$","?","M"],"build_version":"2018-01-11-PROD1","purchased_purges":0,"victory":false,"master_deck":["Defend_G","Defend_G","Defend_G","Defend_G","Strike_G","Strike_G","Strike_G","Strike_G","Strike_G","Survivor","Neutralize","Accuracy","Infinite Blades","Terror","Tactician","Poisoned Stab","Cloak And Dagger","Blade Dance","After Image","Parasite","Parasite","Normality","Cloak And Dagger","Quick Slash","Outmaneuver","Madness"],"max_hp_per_floor":[63,63,63,63,63,63,63,63,63,63,63,63,63,63,63,63,63,63,63,63,63],"relics":["Ring of the Snake","Paper Crane","Lantern","Juzu Bracelet","Blood Vial","Calling Bell","Tiny Chest","Gremlin Horn","Oddly Smooth Stone","Ninja Scroll"],"campfire_meditates":0,"card_choices":[{"not_picked":["Quick Slash","PiercingWail"],"picked":"Accuracy"},{"not_picked":["Deadly Poison","Phantasmal Killer"],"picked":"Terror"},{"not_picked":["Flying Knee","Reflex"],"picked":"Tactician"},{"not_picked":["All Out Attack","PiercingWail"],"picked":"Poisoned Stab"},{"not_picked":["PiercingWail","Prepared"],"picked":"Cloak And Dagger"},{"not_picked":["Underhanded Strike","Accuracy"],"picked":"Blade Dance"},{"not_picked":["Wraith Form","Phantasmal Killer"],"picked":"After Image"},{"not_picked":["Dodge and Roll","Quick Slash"],"picked":"Cloak And Dagger"},{"not_picked":["Bane","Wraith Form"],"picked":"Quick Slash"}],"player_experience":32597,"potions_floor_usage":[7,16],"damage_taken":[{"damage":2,"enemies":"Small Slimes","floor":1,"turns":5},{"damage":0,"enemies":"Jaw Worm","floor":3,"turns":4},{"damage":30,"enemies":"3 Sentries","floor":7,"turns":6},{"damage":0,"enemies":"Gremlin Nob","floor":10,"turns":4},{"damage":1,"enemies":"Cultist","floor":13,"turns":3},{"damage":7,"enemies":"Lots of Slimes","floor":14,"turns":4},{"damage":20,"enemies":"Slime Boss","floor":16,"turns":12},{"damage":26,"enemies":"3 Byrds","floor":18,"turns":7},{"damage":5,"enemies":"Shell Parasite","floor":19,"turns":4},{"damage":22,"enemies":"Snake Plant","floor":22,"turns":2}],"event_choices":[{"event_name":"Shining Light","player_choice":"Entered Light","floor":5,"damage_taken":0},{"event_name":"The Woman in Blue","player_choice":"Bought 2 Potions","floor":8,"damage_taken":0},{"event_name":"Golden Wing","player_choice":"Card Removal","floor":12,"damage_taken":0},{"event_name":"Knowing Skull","player_choice":"CARD ","floor":21,"damage_taken":0}],"boss_relics":[{"not_picked":["Lizard Tail","The Specimen"],"picked":"Calling Bell"}],"potions_floor_spawned":[1,10,14,16],"seed_played":"-3796923932183534296","killed_by":"Snake Plant","is_trial":false}