{"gold_per_floor":[115,125,125,141,155,155,181,256,256,256,289,289,464,476,476,575,575,575],"floor_reached":18,"playtime":902,"items_purged":[],"score":255,"play_id":"a28fb977-aa40-4898-aa24-b44302ce702c","local_time":"20181108001422","is_ascension_mode":true,"campfire_choices":[{"data":"Zap","floor":6,"key":"SMITH"},{"floor":10,"key":"REST"},{"floor":12,"key":"REST"},{"floor":15,"key":"REST"}],"neow_cost":"NONE","seed_source_timestamp":2858191597737130,"circlet_count":0,"master_deck":["AscendersBane","Strike_B","Strike_B","Strike_B","Strike_B","Defend_B","Defend_B","Defend_B","Zap+1","Dualcast","Self Repair","Reinforced Body","Leap","Recycle","Reboot","Reinforced Body","Doubt","Cold Snap","Fission"],"relics":["Cracked Core","Ancient Tea Set","The Courier","Peace Pipe","Sozu"],"potions_floor_usage":[16,16,18,18],"damage_taken":[{"damage":3,"enemies":"2 Louse","floor":1,"turns":2},{"damage":1,"enemies":"Cultist","floor":2,"turns":3},{"damage":7,"enemies":"Jaw Worm","floor":4,"turns":4},{"damage":3,"enemies":"2 Fungi Beasts","floor":5,"turns":4},{"damage":46,"enemies":"Lagavulin","floor":7,"turns":9},{"damage":42,"enemies":"3 Sentries","floor":11,"turns":11},{"damage":0,"enemies":"Exordium Wildlife","floor":14,"turns":4},{"damage":52,"enemies":"Hexaghost","floor":16,"turns":19},{"damage":68,"enemies":"Chosen","floor":18,"turns":9}],"seed_played":"-4310951200162540313","potions_obtained":[{"floor":1,"key":"FocusPotion"},{"floor":4,"key":"GamblersBrew"},{"floor":7,"key":"GamblersBrew"},{"floor":16,"key":"Block Potion"}],"is_trial":false,"path_per_floor":["M","M","?","M","M","R","E","?","T","R","E","R","?","M","R","B",null,"M"],"character_chosen":"DEFECT","items_purchased":[],"campfire_rested":3,"item_purchase_floors":[],"current_hp_per_floor":[72,78,71,71,75,75,36,25,25,49,14,38,38,45,69,24,68,0],"gold":575,"neow_bonus":"TEN_PERCENT_HP_BONUS","is_prod":false,"is_daily":false,"chose_seed":false,"campfire_upgraded":1,"win_rate":0,"timestamp":1541603662,"path_taken":["M","M","?","M","M","R","E","?","T","R","E","R","?","M","R","BOSS","M"],"build_version":"2018-11-01","purchased_purges":0,"victory":false,"max_hp_per_floor":[82,82,82,82,82,82,82,82,82,82,82,82,82,82,82,82,82,82],"card_choices":[{"not_picked":["Rip and Tear","Compile Driver"],"picked":"Self Repair","floor":1},{"not_picked":["Barrage","Rip and Tear"],"picked":"Reinforced Body","floor":2},{"not_picked":["Streamline","Coolheaded"],"picked":"Leap","floor":4},{"not_picked":["Skim","Storm"],"picked":"Recycle","floor":5},{"not_picked":["Hologram","Static Discharge"],"picked":"Reboot","floor":7},{"not_picked":["Self Repair","Fusion"],"picked":"Reinforced Body","floor":11},{"not_picked":["Barrage","Rip and Tear"],"picked":"Cold Snap","floor":14},{"not_picked":["Thunder Strike","Multi-Cast"],"picked":"Fission","floor":16}],"player_experience":439372,"relics_obtained":[{"floor":7,"key":"Ancient Tea Set"},{"floor":9,"key":"The Courier"},{"floor":11,"key":"Peace Pipe"}],"event_choices":[{"cards_removed":["Defend_B"],"damage_healed":0,"gold_gain":0,"player_choice":"Card Removal","damage_taken":7,"max_hp_gain":0,"max_hp_loss":0,"event_name":"Golden Wing","floor":3,"gold_loss":0},{"damage_healed":0,"gold_gain":75,"player_choice":"Gather Gold","damage_taken":11,"max_hp_gain":0,"max_hp_loss":0,"event_name":"World of Goop","floor":8,"gold_loss":0},{"damage_healed":0,"gold_gain":175,"player_choice":"AGREE","damage_taken":0,"max_hp_gain":0,"max_hp_loss":0,"event_name":"Liars Game","floor":13,"gold_loss":0,"cards_obtained":["Doubt"]}],"is_beta":false,"boss_relics":[{"not_picked":["Tiny House","Astrolabe"],"picked":"Sozu"}],"items_purged_floors":[],"is_endless":false,"potions_floor_spawned":[1,4,7,16],"killed_by":"Chosen","ascension_level":10}