{"gold_per_floor":[109,109,109,123,49,84,84,84,111,146,157,13,26,45,45,144,144,159,259,174,99,4,33,33,60,60,60,71,86,111,121,121,223,223,233,88,88,138,152,152,181,201,201,230,20,20,20,40,40,40],"floor_reached":51,"playtime":3837,"items_purged":["Regret"],"score":994,"play_id":"460b0069-9e81-4de9-99a7-e6181217a43f","local_time":"20181230003738","is_ascension_mode":true,"campfire_choices":[{"floor":7,"key":"REST"},{"floor":15,"key":"REST"},{"floor":24,"key":"REST"},{"floor":27,"key":"REST"},{"data":"Bullet Time","floor":32,"key":"SMITH"},{"floor":40,"key":"REST"},{"data":"Footwork","floor":46,"key":"SMITH"},{"data":"Footwork","floor":49,"key":"SMITH"}],"neow_cost":"NONE","seed_source_timestamp":4882421371713,"circlet_count":0,"master_deck":["Defend_G","Defend_G","Defend_G","Defend_G","Defend_G+1","Survivor+1","Neutralize","Noxious Fumes","Deadly Poison","Footwork+1","Backflip","After Image","Bullet Time+1","Escape Plan","Corpse Explosion","Prepared+1","Slice+1","Bouncing Flask+1","Backflip+1","PiercingWail+1","Noxious Fumes","Footwork+1","A Thousand Cuts","Footwork","Catalyst+1","Venomology+1","Footwork"],"relics":["Ring of the Snake","Bag of Marbles","War Paint","Centennial Puzzle","Vajra","Gambling Chip","Astrolabe","Pocketwatch","Ornamental Fan","Toxic Egg 2","Gremlin Horn","Boot","Juzu Bracelet","Anchor","Busted Crown","Oddly Smooth Stone","Unceasing Top","Strawberry","Singing Bowl","Frozen Egg 2","Lee\u0027s Waffle"],"potions_floor_usage":[19,23,23,25,35,38,38,38,41,44,48,50],"damage_taken":[{"damage":0,"enemies":"2 Louse","floor":1,"turns":2},{"damage":10,"enemies":"Small Slimes","floor":4,"turns":4},{"damage":35,"enemies":"Gremlin Nob","floor":6,"turns":5},{"damage":17,"enemies":"3 Sentries","floor":10,"turns":7},{"damage":3,"enemies":"Jaw Worm","floor":11,"turns":4},{"damage":0,"enemies":"2 Fungi Beasts","floor":13,"turns":4},{"damage":0,"enemies":"Exordium Wildlife","floor":14,"turns":2},{"damage":6,"enemies":"The Guardian","floor":16,"turns":11},{"damage":0,"enemies":"Spheric Guardian","floor":18,"turns":2},{"damage":0,"enemies":"Colosseum Slavers","floor":19,"turns":3},{"damage":63,"enemies":"Colosseum Nobs","floor":19,"turns":5},{"damage":6,"enemies":"Book of Stabbing","floor":23,"turns":7},{"damage":6,"enemies":"Gremlin Leader","floor":25,"turns":8},{"damage":0,"enemies":"3 Byrds","floor":28,"turns":2},{"damage":0,"enemies":"Sentry and Sphere","floor":29,"turns":6},{"damage":5,"enemies":"Slavers","floor":30,"turns":8},{"damage":12,"enemies":"Chosen and Byrds","floor":31,"turns":6},{"damage":0,"enemies":"Champ","floor":33,"turns":9},{"damage":4,"enemies":"3 Shapes","floor":35,"turns":4},{"damage":61,"enemies":"2 Orb Walkers","floor":38,"turns":6},{"damage":0,"enemies":"Orb Walker","floor":39,"turns":4},{"damage":21,"enemies":"Reptomancer","floor":41,"turns":7},{"damage":18,"enemies":"Sphere and 2 Shapes","floor":42,"turns":4},{"damage":0,"enemies":"Nemesis","floor":44,"turns":9},{"damage":0,"enemies":"Maw","floor":48,"turns":8},{"damage":11,"enemies":"Donu and Deca","floor":50,"turns":7}],"seed_played":"3706231310233046822","potions_obtained":[{"floor":1,"key":"Energy Potion"},{"floor":4,"key":"Energy Potion"},{"floor":6,"key":"SpeedPotion"},{"floor":23,"key":"EssenceOfSteel"},{"floor":25,"key":"Strength Potion"},{"floor":29,"key":"Ancient Potion"},{"floor":31,"key":"FearPotion"},{"floor":33,"key":"PowerPotion"},{"floor":44,"key":"GhostInAJar"}],"is_trial":false,"path_per_floor":["M","?","?","M","$","E","R","?","T","E","M","$","M","M","R","B",null,"M","?","?","?","$","E","R","E","T","R","M","M","E","M","R","B",null,"M","$","?","?","M","R","E","M","T","E","$","R","$","M","R","B",null],"character_chosen":"THE_SILENT","items_purchased":["Footwork","After Image","PiercingWail+1","Noxious Fumes","Oddly Smooth Stone","Lee\u0027s Waffle"],"campfire_rested":5,"item_purchase_floors":[5,12,22,22,36,45],"current_hp_per_floor":[77,65,65,55,55,20,43,28,28,11,8,8,8,8,31,25,77,77,14,14,14,14,8,31,25,25,48,48,48,43,31,31,31,77,73,73,73,12,12,35,21,3,3,5,93,93,93,95,95,84],"gold":40,"neow_bonus":"TEN_PERCENT_HP_BONUS","is_prod":false,"is_daily":false,"chose_seed":false,"campfire_upgraded":3,"win_rate":0,"timestamp":1546123058,"path_taken":["M","?","?","M","$","E","R","?","T","E","M","$","M","M","R","BOSS","M","?","?","?","$","E","R","E","T","R","M","M","E","M","R","BOSS","M","$","?","?","M","R","E","M","T","E","$","R","$","M","R","BOSS"],"build_version":"2018-12-20","purchased_purges":1,"victory":true,"max_hp_per_floor":[77,77,77,77,77,77,77,77,77,77,77,77,77,77,77,77,77,77,77,77,77,77,77,77,77,77,77,77,77,77,77,77,77,77,77,77,77,77,77,77,84,84,84,86,93,93,93,95,95,95],"card_choices":[{"not_picked":["PiercingWail","Dagger Throw"],"picked":"Noxious Fumes","floor":1},{"not_picked":["Endless Agony","Bane"],"picked":"Deadly Poison","floor":4},{"not_picked":["Infinite Blades","Underhanded Strike"],"picked":"Backflip","floor":6},{"not_picked":["Expertise","Acrobatics","Outmaneuver"],"picked":"SKIP","floor":10},{"not_picked":["Underhanded Strike","Dagger Spray","Choke"],"picked":"SKIP","floor":11},{"not_picked":["Dagger Spray","Backflip"],"picked":"Bullet Time","floor":13},{"not_picked":["Quick Slash","Bane"],"picked":"Escape Plan","floor":14},{"not_picked":["Doppelganger","Unload"],"picked":"Corpse Explosion","floor":16},{"not_picked":["Flying Knee","Terror+1"],"picked":"Backflip+1","floor":18},{"not_picked":["Well Laid Plans","Crippling Poison+1"],"picked":"Footwork","floor":23},{"not_picked":["Skewer+1","Predator"],"picked":"A Thousand Cuts","floor":25},{"not_picked":["Dodge and Roll+1","Reflex+1","Dagger Throw"],"picked":"SKIP","floor":28},{"not_picked":["Cloak And Dagger+1","Dagger Throw","Bouncing Flask+1"],"picked":"SKIP","floor":29},{"not_picked":["Flying Knee","Backflip+1"],"picked":"Footwork","floor":30},{"not_picked":["Heel Hook","Backflip+1"],"picked":"Catalyst+1","floor":31},{"not_picked":["Corpse Explosion+1","Wraith Form v2"],"picked":"Venomology+1","floor":33},{"not_picked":["Acrobatics+1"],"picked":"SKIP","floor":35},{"not_picked":["Riddle With Holes"],"picked":"SKIP","floor":39},{"not_picked":[],"picked":"Footwork","floor":41},{"not_picked":["Blade Dance+1"],"picked":"SKIP","floor":42},{"not_picked":["Bouncing Flask+1"],"picked":"Singing Bowl","floor":44},{"not_picked":["Dodge and Roll+1"],"picked":"Singing Bowl","floor":48}],"player_experience":78574,"relics_obtained":[{"floor":6,"key":"Centennial Puzzle"},{"floor":9,"key":"Vajra"},{"floor":10,"key":"Gambling Chip"},{"floor":19,"key":"Pocketwatch"},{"floor":19,"key":"Ornamental Fan"},{"floor":23,"key":"Gremlin Horn"},{"floor":25,"key":"Boot"},{"floor":26,"key":"Juzu Bracelet"},{"floor":30,"key":"Anchor"},{"floor":38,"key":"Unceasing Top"},{"floor":41,"key":"Strawberry"},{"floor":43,"key":"Singing Bowl"},{"floor":44,"key":"Frozen Egg 2"}],"event_choices":[{"damage_healed":0,"gold_gain":0,"player_choice":"Success","damage_taken":12,"relics_obtained":["Bag of Marbles"],"max_hp_gain":0,"max_hp_loss":0,"event_name":"Scrap Ooze","floor":2,"gold_loss":0},{"damage_healed":0,"gold_gain":0,"player_choice":"Box","damage_taken":0,"relics_obtained":["War Paint"],"max_hp_gain":0,"max_hp_loss":0,"event_name":"Big Fish","floor":3,"gold_loss":0,"cards_obtained":["Regret"]},{"damage_healed":0,"gold_gain":0,"player_choice":"Entered Light","damage_taken":15,"max_hp_gain":0,"max_hp_loss":0,"event_name":"Shining Light","floor":8,"gold_loss":0,"cards_upgraded":["Strike_G","Strike_G"]},{"damage_healed":0,"gold_gain":0,"player_choice":"Fight","damage_taken":0,"max_hp_gain":0,"max_hp_loss":0,"event_name":"Colosseum","floor":19,"gold_loss":0},{"damage_healed":0,"gold_gain":0,"player_choice":"Fought Nobs","damage_taken":0,"max_hp_gain":0,"max_hp_loss":0,"event_name":"Colosseum","floor":19,"gold_loss":0},{"damage_healed":0,"gold_gain":0,"player_choice":"Obtained Relic","damage_taken":0,"relics_obtained":["Toxic Egg 2"],"max_hp_gain":0,"max_hp_loss":0,"event_name":"Addict","floor":20,"gold_loss":85},{"cards_removed":["Strike_G"],"damage_healed":0,"gold_gain":0,"player_choice":"Gave Gold","damage_taken":0,"max_hp_gain":0,"max_hp_loss":0,"event_name":"Beggar","floor":21,"gold_loss":75},{"cards_removed":["Strike_G"],"damage_healed":0,"gold_gain":0,"player_choice":"Removed Attack","damage_taken":0,"max_hp_gain":0,"max_hp_loss":0,"event_name":"Falling","floor":37,"gold_loss":0},{"damage_healed":0,"gold_gain":0,"player_choice":"Fight","damage_taken":0,"max_hp_gain":0,"max_hp_loss":0,"event_name":"Mysterious Sphere","floor":38,"gold_loss":0}],"is_beta":false,"boss_relics":[{"not_picked":["Orrery","Snecko Eye"],"picked":"Astrolabe"},{"not_picked":["White Beast Statue","Runic Pyramid"],"picked":"Busted Crown"}],"items_purged_floors":[12],"is_endless":false,"potions_floor_spawned":[1,4,6,16,23,25,29,31,33,35,44,48],"ascension_level":3}