{"path_per_floor":["M","?","?","?","?","R","M","?","T","?","$","M","R","M","R","B",null,"M","?","?","$","?","R","$"],"character_chosen":"IRONCLAD","items_purchased":["Singing Bowl"],"gold_per_floor":[11,11,11,11,11,11,29,104,154,154,11,29,29,45,45,166,166,184,184,184,109,109,109,9,9],"floor_reached":25,"campfire_rested":1,"playtime":745,"current_hp_per_floor":[66,66,66,41,46,46,49,38,38,31,31,27,27,33,57,10,63,49,49,49,49,49,49,49,0],"items_purged":["Strike_R","Strike_R"],"gold":9,"score":250,"play_id":"843a9427-7751-4382-8993-346332ebe70f","local_time":"20180519162636","is_prod":false,"is_daily":false,"chose_seed":false,"is_ascension_mode":true,"campfire_upgraded":3,"timestamp":1526739996,"campfire_choices":[{"data":"Strike_R","floor":6.0,"key":"SMITH"},{"data":"Rampage","floor":13.0,"key":"SMITH"},{"floor":15.0,"key":"REST"},{"data":"Offering","floor":23,"key":"SMITH"}],"path_taken":["M","?","?","?","?","R","M","?","T","?","$","M","R","M","R","BOSS","M","?","?","$","?","R","$","E"],"build_version":"2018-05-17","seed_source_timestamp":0,"purchased_purges":2,"victory":false,"master_deck":["Strike_R+1","Strike_R","Strike_R+1","Defend_R","Defend_R","Defend_R","Bash","Pommel Strike+1","Rampage+1","Offering+1"],"max_hp_per_floor":[80,80,74,74,79,79,79,79,79,79,79,79,79,81,81,81,81,83,83,83,83,83,83,83,83],"relics":["Burning Blood","Sundial","Golden Idol","Juzu Bracelet","Whetstone","Singing Bowl","Black Star"],"card_choices":[{"not_picked":["Heavy Blade","Cleave","Pummel"],"picked":"SKIP","floor":1.0},{"not_picked":["Anger","Clash"],"picked":"Pommel Strike","floor":7.0},{"not_picked":["Iron Wave","Headbutt"],"picked":"Rampage","floor":12.0},{"not_picked":["Sword Boomerang","Havoc","Demon Form"],"picked":"Singing Bowl","floor":14.0},{"not_picked":["Reaper","Exhume"],"picked":"Offering","floor":16},{"not_picked":["Iron Wave","Twin Strike","Armaments"],"picked":"Singing Bowl","floor":18}],"player_experience":108800,"potions_floor_usage":[16,16],"damage_taken":[{"damage":12.0,"enemies":"Jaw Worm","floor":1.0,"turns":5.0},{"damage":3.0,"enemies":"2 Louse","floor":7.0,"turns":3.0},{"damage":10.0,"enemies":"Small Slimes","floor":12.0,"turns":4.0},{"damage":2.0,"enemies":"Looter","floor":14.0,"turns":3.0},{"damage":53,"enemies":"Hexaghost","floor":16,"turns":8},{"damage":22,"enemies":"2 Thieves","floor":18,"turns":4},{"damage":55,"enemies":"Slavers","floor":25,"turns":4}],"relics_obtained":[{"floor":9.0,"key":"Whetstone"}],"event_choices":[{"event_name":"Liars Game","player_choice":"disagreed","floor":2.0,"damage_taken":0.0},{"event_name":"Golden Idol","player_choice":"Lose Max HP","floor":3.0,"damage_taken":0.0},{"event_name":"Scrap Ooze","player_choice":"success","floor":4.0,"damage_taken":25.0},{"event_name":"Big Fish","player_choice":"Donut","floor":5.0,"damage_taken":0.0},{"event_name":"World of Goop","player_choice":"Gather Gold","floor":8.0,"damage_taken":0.0},{"event_name":"Golden Wing","player_choice":"Card Removal","floor":10.0,"damage_taken":0.0},{"event_name":"Drug Dealer","player_choice":"Ignored","floor":19,"damage_taken":0},{"event_name":"Accursed Blacksmith","player_choice":"Ignore","floor":20,"damage_taken":0},{"event_name":"The Mausoleum","player_choice":"No","floor":22,"damage_taken":0}],"boss_relics":[{"not_picked":["Eternal Feather","Runic Dome"],"picked":"Black Star"}],"potions_floor_spawned":[7,12,18],"seed_played":"3232581500727190720","killed_by":"Slavers","ascension_level":7,"potions_obtained":[{"floor":7.0,"key":"LiquidBronze"},{"floor":12.0,"key":"SkillPotion"},{"floor":18,"key":"Strength Potion"}],"is_trial":false}