{"gold_per_floor":[115,129,149,149,40,40,70,85,85,99,113,23,42,60,60,60],"floor_reached":16,"playtime":537,"items_purged":[],"score":212,"play_id":"f95d1ad1-3c86-47a0-a375-f04e3fcb1dde","local_time":"20190211130945","is_ascension_mode":true,"campfire_choices":[{"data":"Perfected Strike","floor":6,"key":"SMITH"},{"floor":15,"key":"REST"}],"neow_cost":"NONE","seed_source_timestamp":410326508688200,"circlet_count":0,"master_deck":["AscendersBane","Strike_R","Strike_R","Strike_R","Strike_R","Strike_R","Defend_R","Defend_R","Defend_R","Defend_R","Bash","Armaments+1","Perfected Strike+1","Feel No Pain","Dropkick","Havoc+1","Battle Trance","Clothesline","Headbutt","Iron Wave","Infernal Blade+1","Shrug It Off+1","Infernal Blade+1"],"relics":["Burning Blood","NeowsBlessing","Pear","War Paint","Toxic Egg 2"],"potions_floor_usage":[],"damage_taken":[{"damage":0,"enemies":"Cultist","floor":1,"turns":1},{"damage":0,"enemies":"2 Louse","floor":2,"turns":1},{"damage":0,"enemies":"Small Slimes","floor":3,"turns":1},{"damage":56,"enemies":"Gremlin Nob","floor":7,"turns":5},{"damage":4,"enemies":"Red Slaver","floor":8,"turns":3},{"damage":21,"enemies":"2 Fungi Beasts","floor":10,"turns":4},{"damage":18,"enemies":"Exordium Wildlife","floor":11,"turns":5},{"damage":5,"enemies":"Gremlin Gang","floor":13,"turns":3},{"damage":5,"enemies":"Exordium Thugs","floor":14,"turns":4},{"damage":53,"enemies":"The Guardian","floor":16,"turns":12}],"seed_played":"5686348071002166950","potions_obtained":[{"floor":3,"key":"Regen Potion"},{"floor":7,"key":"SmokeBomb"},{"floor":13,"key":"SmokeBomb"},{"floor":14,"key":"SpeedPotion"}],"is_trial":false,"path_per_floor":["M","M","M","?","$","R","E","M","T","M","M","$","M","M","R","B"],"character_chosen":"IRONCLAD","items_purchased":["Dropkick","Havoc","Infernal Blade+1"],"campfire_rested":1,"item_purchase_floors":[5,5,12],"current_hp_per_floor":[74,75,75,85,85,85,35,37,37,22,10,10,11,12,37,0],"gold":60,"neow_bonus":"THREE_ENEMY_KILL","is_prod":false,"is_daily":false,"chose_seed":false,"campfire_upgraded":1,"win_rate":0,"timestamp":1549886985,"path_taken":["M","?","M","?","$","R","E","M","T","M","M","?","M","M","R","BOSS"],"build_version":"2019-01-23","purchased_purges":0,"victory":false,"max_hp_per_floor":[75,75,75,85,85,85,85,85,85,85,85,85,85,85,85,85],"card_choices":[{"not_picked":["Pummel","Fire Breathing"],"picked":"Armaments","floor":1},{"not_picked":["Havoc","Warcry"],"picked":"Perfected Strike","floor":2},{"not_picked":["True Grit","Clash"],"picked":"Feel No Pain","floor":3},{"not_picked":["Fire Breathing","Shockwave"],"picked":"Battle Trance","floor":7},{"not_picked":["Clash","Bloodletting"],"picked":"Clothesline","floor":8},{"not_picked":["Wild Strike","Body Slam"],"picked":"Headbutt","floor":10},{"not_picked":["Rampage","Evolve"],"picked":"Iron Wave","floor":11},{"not_picked":["Twin Strike","Flex+1"],"picked":"Shrug It Off+1","floor":13},{"not_picked":["True Grit+1","Heavy Blade"],"picked":"Infernal Blade+1","floor":14}],"player_experience":362969,"relics_obtained":[{"floor":7,"key":"War Paint"},{"floor":9,"key":"Toxic Egg 2"}],"event_choices":[{"damage_healed":0,"gold_gain":0,"player_choice":"Gave Potion","damage_taken":0,"relics_obtained":["Pear"],"max_hp_gain":0,"max_hp_loss":0,"event_name":"WeMeetAgain","floor":4,"gold_loss":0}],"is_beta":false,"boss_relics":[],"items_purged_floors":[],"is_endless":false,"potions_floor_spawned":[3,7,13,14],"killed_by":"The Guardian","ascension_level":20}