{"gold_per_floor":[214,234,234,251,263,294,313,313,359,371,391,391,411,11,11,108,108,124,124,124,202,202,202,213,226,226,241,256,276,290,323,323,424,424,437,457,457,207,207,207,207,217,241,251,265,265,190,201,201,201],"floor_reached":51,"playtime":3446,"items_purged":[],"score":702,"play_id":"83f93aee-205e-4f0f-bf09-fc520a19a925","local_time":"20180626204720","is_ascension_mode":false,"campfire_choices":[{"floor":8,"key":"REST"},{"data":"Hello World","floor":15,"key":"SMITH"},{"data":"Zap","floor":23,"key":"SMITH"},{"floor":32,"key":"REST"},{"data":"Buffer","floor":40,"key":"SMITH"},{"floor":49,"key":"REST"}],"neow_cost":"NONE","seed_source_timestamp":1044390007475576,"circlet_count":0,"master_deck":["Strike_B+1","Strike_B+1","Strike_B+1","Strike_B+1","Defend_B+1","Defend_B+1","Defend_B+1","Defend_B+1","Zap+1","Loop+1","Reinforced Body","Leap","BootSequence","Electrodynamics","Defragment","Hello World+1","Gash","Finesse","Core Surge","FTL","Amplify","Stack","Streamline+1","Ball Lightning+1","Storm+1","Stack","Gash+1","Sweeping Beam+1","Buffer+1","Reinforced Body","Ball Lightning+1","Capacitor+1","Gash+1","Ball Lightning+1","Scrape+1","Ball Lightning+1"],"relics":["Cracked Core","Blood Vial","Pen Nib","Thread and Needle","Inserter","Molten Egg 2","Question Card","Mummified Hand","Eternal Feather","Meat on the Bone","Bronze Scales","Pantograph"],"potions_floor_usage":[33,33,33,50,50],"damage_taken":[{"damage":1,"enemies":"Cultist","floor":1,"turns":3},{"damage":5,"enemies":"Small Slimes","floor":2,"turns":4},{"damage":2,"enemies":"2 Louse","floor":4,"turns":4},{"damage":26,"enemies":"Lots of Slimes","floor":5,"turns":6},{"damage":36,"enemies":"Gremlin Nob","floor":6,"turns":6},{"damage":0,"enemies":"Large Slime","floor":7,"turns":6},{"damage":3,"enemies":"3 Louse","floor":10,"turns":3},{"damage":0,"enemies":"Looter","floor":11,"turns":3},{"damage":2,"enemies":"Blue Slaver","floor":13,"turns":3},{"damage":7,"enemies":"Slime Boss","floor":16,"turns":8},{"damage":0,"enemies":"3 Byrds","floor":18,"turns":6},{"damage":0,"enemies":"Shell Parasite","floor":24,"turns":6},{"damage":2,"enemies":"Snake Plant","floor":25,"turns":5},{"damage":1,"enemies":"Centurion and Healer","floor":27,"turns":5},{"damage":19,"enemies":"Cultist and Chosen","floor":28,"turns":5},{"damage":2,"enemies":"Snecko","floor":29,"turns":6},{"damage":9,"enemies":"Snake Plant","floor":30,"turns":5},{"damage":41,"enemies":"Slavers","floor":31,"turns":3},{"damage":22,"enemies":"Collector","floor":33,"turns":9},{"damage":26,"enemies":"3 Shapes","floor":35,"turns":4},{"damage":26,"enemies":"3 Darklings","floor":36,"turns":5},{"damage":8,"enemies":"Maw","floor":42,"turns":7},{"damage":0,"enemies":"4 Shapes","floor":44,"turns":3},{"damage":14,"enemies":"Sphere and 2 Shapes","floor":45,"turns":5},{"damage":16,"enemies":"3 Darklings","floor":48,"turns":4},{"damage":58,"enemies":"Donu and Deca","floor":50,"turns":8}],"seed_played":"7429406139165615930","potions_obtained":[{"floor":1,"key":"SpeedPotion"},{"floor":2,"key":"Ancient Potion"},{"floor":3,"key":"SkillPotion"},{"floor":3,"key":"Poison Potion"},{"floor":4,"key":"Swift Potion"},{"floor":18,"key":"Explosive Potion"},{"floor":27,"key":"Block Potion"},{"floor":33,"key":"SpeedPotion"},{"floor":35,"key":"Ancient Potion"},{"floor":45,"key":"Explosive Potion"},{"floor":48,"key":"SteroidPotion"}],"is_trial":false,"path_per_floor":["M","M","?","M","M","E","M","R","T","M","M","?","M","$","R","B",null,"M","?","?","T","?","R","M","M","T","M","M","M","M","E","R","B",null,"M","M","?","$","?","R","?","M","T","M","M","T","$","M","R","B"],"character_chosen":"DEFECT","items_purchased":["Thread and Needle","Finesse","Meat on the Bone","Scrape+1"],"campfire_rested":3,"item_purchase_floors":[14,14,38,47],"current_hp_per_floor":[74,69,69,67,41,5,7,29,29,28,30,30,30,30,30,25,75,75,75,75,75,75,75,75,73,73,74,56,56,49,10,32,12,75,49,25,25,25,25,37,30,36,36,38,38,38,38,36,72,29],"gold":201,"neow_bonus":"HUNDRED_GOLD","is_prod":false,"is_daily":false,"chose_seed":false,"campfire_upgraded":3,"win_rate":0.0,"timestamp":1530013640,"path_taken":["M","M","?","M","?","E","M","R","T","M","M","?","M","$","R","BOSS","M","?","?","?","?","R","M","M","T","?","M","M","M","E","R","BOSS","M","M","?","$","?","R","?","M","T","M","M","?","$","M","R","BOSS"],"build_version":"2018-06-21v2","purchased_purges":0,"victory":true,"max_hp_per_floor":[75,75,75,75,75,75,75,75,75,75,75,75,75,75,75,75,75,75,75,75,75,75,75,75,75,75,75,75,75,75,75,75,75,75,75,75,75,75,75,75,75,75,75,75,75,75,75,75,75,75],"card_choices":[{"not_picked":["Melter","Auto Shields"],"picked":"Loop","floor":1},{"not_picked":["Hologram","Turbo"],"picked":"Reinforced Body","floor":2},{"not_picked":["Heatsinks","Turbo"],"picked":"Leap","floor":4},{"not_picked":["Chaos","Go for the Eyes"],"picked":"BootSequence","floor":5},{"not_picked":["Streamline","Tempest"],"picked":"Electrodynamics","floor":6},{"not_picked":["Turbo","Glacier"],"picked":"Defragment","floor":7},{"not_picked":["Defragment","Rebound"],"picked":"Hello World","floor":10},{"not_picked":["Hologram","Steam"],"picked":"Rebound","floor":11},{"not_picked":["Beam Cell","Electrodynamics"],"picked":"Gash","floor":13},{"not_picked":["Hyperbeam","Fission"],"picked":"Core Surge","floor":16},{"not_picked":["Self Repair","Coolheaded"],"picked":"FTL","floor":18},{"not_picked":["Steam","Darkness+1"],"picked":"Stack","floor":24},{"not_picked":["Stack","Beam Cell+1"],"picked":"Streamline+1","floor":25},{"not_picked":["Streamline+1","Blizzard+1","Doom and Gloom+1"],"picked":"Ball Lightning+1","floor":27},{"not_picked":["Go for the Eyes+1","Cold Snap+1","Reprogram+1"],"picked":"Storm+1","floor":28},{"not_picked":["Hello World","Redo","Hyperbeam+1"],"picked":"Stack","floor":29},{"not_picked":["Turbo","Sweeping Beam+1","Static Discharge"],"picked":"Gash+1","floor":30},{"not_picked":["Consume","Fission","Go for the Eyes+1"],"picked":"Sweeping Beam+1","floor":31},{"not_picked":["Electrodynamics","Thunder Strike+1","Rainbow"],"picked":"Buffer","floor":33},{"not_picked":["Rebound+1","Compile Driver+1","Go for the Eyes+1"],"picked":"Reinforced Body","floor":35},{"not_picked":["Steam Power+1","Rebound+1","Streamline+1"],"picked":"Ball Lightning+1","floor":36},{"not_picked":["Coolheaded","Steam Power","Compile Driver+1"],"picked":"Capacitor+1","floor":42},{"not_picked":["Skim+1","Cold Snap+1","Turbo+1"],"picked":"Gash+1","floor":44},{"not_picked":["Turbo","BootSequence+1","Fission"],"picked":"Ball Lightning+1","floor":45},{"not_picked":["Sweeping Beam+1","Turbo+1","BootSequence+1"],"picked":"Ball Lightning+1","floor":48}],"player_experience":40824,"relics_obtained":[{"floor":6,"key":"Blood Vial"},{"floor":9,"key":"Pen Nib"},{"floor":21,"key":"Molten Egg 2"},{"floor":26,"key":"Question Card"},{"floor":31,"key":"Mummified Hand"},{"floor":43,"key":"Bronze Scales"},{"floor":46,"key":"Pantograph"}],"event_choices":[{"event_name":"The Lab","player_choice":"Got Potions","floor":3,"damage_taken":0},{"event_name":"Upgrade Shrine","player_choice":"Upgraded","floor":12,"damage_taken":0},{"event_name":"Transmorgrifier","player_choice":"Transform","floor":19,"damage_taken":0},{"event_name":"Back to Basics","player_choice":"Simplicity","floor":20,"damage_taken":0},{"event_name":"Beggar","player_choice":"Ignored","floor":22,"damage_taken":0},{"event_name":"Tomb of Lord Red Mask","player_choice":"Ignored","floor":37,"damage_taken":0},{"event_name":"Purifier","player_choice":"One Purge","floor":39,"damage_taken":0},{"event_name":"Wheel of Change","player_choice":"Damage","floor":41,"damage_taken":0}],"boss_relics":[{"not_picked":["Nuclear Battery","Sozu"],"picked":"Inserter"},{"not_picked":["Calling Bell","Velvet Choker"],"picked":"Eternal Feather"}],"items_purged_floors":[],"is_endless":false,"potions_floor_spawned":[1,2,4,11,18,27,29,30,33,35,45,48],"ascension_level":0}