{"path_per_floor":["M","M","?","$","?","R","E","?","T","M","M","E","M","M","R","B",null,"M","M","?","?","M","R"],"character_chosen":"THE_SILENT","items_purchased":["Toolbox","Endless Agony"],"gold_per_floor":[369,385,385,37,112,112,137,137,160,176,192,218,235,255,255,360,360,375,392,392,392,410,410,410],"floor_reached":24,"campfire_rested":0,"playtime":1712,"current_hp_per_floor":[62,61,61,61,50,50,44,44,44,44,39,39,40,40,40,9,63,63,59,59,31,27,27,0],"items_purged":["Strike_G"],"gold":410,"score":233,"play_id":"a48ee56a-1393-4ca6-be78-467bf26afb5d","local_time":"20180512171944","is_prod":false,"is_daily":false,"chose_seed":false,"is_ascension_mode":false,"campfire_upgraded":3,"timestamp":1526138384,"path_taken":["M","M","?","$","?","R","E","?","T","?","M","E","M","?","R","BOSS","M","?","?","?","?","R","E"],"build_version":"2018-05-10","seed_source_timestamp":182237001498875,"purchased_purges":1,"victory":false,"master_deck":["Defend_G","Defend_G","Defend_G","Defend_G","Strike_G","Strike_G","Strike_G","Strike_G","Survivor","Neutralize+1","Infinite Blades+1","Endless Agony","Masterful Stab","Venomology+1","Prepared","Adrenaline+1","Trip","Jack Of All Trades","Swift Strike","Footwork"],"max_hp_per_floor":[63,63,63,63,63,63,63,63,63,63,63,63,63,63,63,63,63,63,63,63,63,63,63,63],"relics":["Ring of the Snake","Toolbox","Vajra","Bag of Marbles","Anchor","Black Star"],"card_choices":[{"not_picked":["Deflect","Dash"],"picked":"Infinite Blades","floor":1},{"not_picked":["Dodge and Roll","Underhanded Strike"],"picked":"Masterful Stab","floor":7},{"not_picked":["Deadly Poison","Poisoned Stab"],"picked":"Venomology","floor":12},{"not_picked":["Dash","Crippling Poison"],"picked":"Prepared","floor":13},{"not_picked":["Phantasmal Killer","Glass Knife"],"picked":"Adrenaline","floor":16},{"not_picked":["Quick Slash","Dodge and Roll"],"picked":"Footwork","floor":22}],"player_experience":13265,"potions_floor_usage":[12,14,16,18,22,22,22,22,22,24,24,24,24],"damage_taken":[{"damage":1,"enemies":"Cultist","floor":1,"turns":5},{"damage":1,"enemies":"2 Louse","floor":2,"turns":3},{"damage":6,"enemies":"3 Sentries","floor":7,"turns":8},{"damage":0,"enemies":"Jaw Worm","floor":10,"turns":2},{"damage":5,"enemies":"Lots of Slimes","floor":11,"turns":3},{"damage":0,"enemies":"Gremlin Nob","floor":12,"turns":2},{"damage":3,"enemies":"2 Fungi Beasts","floor":13,"turns":3},{"damage":0,"enemies":"Red Slaver","floor":14,"turns":2},{"damage":31,"enemies":"The Guardian","floor":16,"turns":12},{"damage":0,"enemies":"Spheric Guardian","floor":18,"turns":3},{"damage":4,"enemies":"Shell Parasite","floor":19,"turns":7},{"damage":4,"enemies":"Chosen and Byrds","floor":22,"turns":6},{"damage":34,"enemies":"Gremlin Leader","floor":24,"turns":4}],"event_choices":[{"event_name":"Upgrade Shrine","player_choice":"Upgraded","floor":3,"damage_taken":0},{"event_name":"World of Goop","player_choice":"Gather Gold","floor":5,"damage_taken":0},{"event_name":"Wheel of Change","player_choice":"Card Removal","floor":8,"damage_taken":0},{"event_name":"Ghosts","player_choice":"Ignored","floor":20,"damage_taken":0},{"event_name":"Knowing Skull","player_choice":"CARD CARD CARD ","floor":21,"damage_taken":0}],"boss_relics":[{"not_picked":["Sozu","Snecko Eye"],"picked":"Black Star"}],"potions_floor_spawned":[7,10,11,13,14,22],"seed_played":"92541178269885293","killed_by":"Gremlin Leader","ascension_level":0,"is_trial":false}