{"gold_per_floor":[111,111,129,144,69,69,94,110,110,126,126,146,146,176,176,281,331,346,362,376,776,701,701,701,701,701,701,714,813,813,827,827,932,932,946,946,801,801,624,624,643,643,690,742,756,774,794,808,808,808],"floor_reached":50,"playtime":2598,"items_purged":["Defend_R","Bash","Wild Strike"],"score":579,"play_id":"9cb43862-65ad-41c8-910a-6a6130022192","local_time":"20190215045702","is_ascension_mode":false,"campfire_choices":[{"data":"Clash","floor":6,"key":"SMITH"},{"data":"Clash","floor":11,"key":"SMITH"},{"data":"Clash","floor":13,"key":"SMITH"},{"data":"Perfected Strike","floor":15,"key":"SMITH"},{"floor":23,"key":"REST"},{"floor":25,"key":"REST"},{"data":"Pommel Strike","floor":27,"key":"SMITH"},{"floor":32,"key":"REST"},{"data":"Perfected Strike","floor":40,"key":"SMITH"},{"floor":42,"key":"REST"},{"floor":49,"key":"REST"}],"neow_cost":"NONE","seed_source_timestamp":68835774482779,"circlet_count":0,"master_deck":["Strike_R","Strike_R","Strike_R","Strike_R","Strike_R","Defend_R+1","Clash+1","Clash+1","Clash+1","Perfected Strike+1","Headbutt","Pommel Strike+1","Clash","Pommel Strike","Perfected Strike+1","Twin Strike","Cleave","Clash","Warcry+1"],"relics":["Burning Blood","Ornamental Fan","Bottled Lightning","Meat on the Bone","Tiny House","Old Coin","Toxic Egg 2","Frozen Egg 2","Velvet Choker","Lantern","Pocketwatch"],"potions_floor_usage":[10,16,16,21,21,33,46,48,50],"damage_taken":[{"damage":6,"enemies":"2 Louse","floor":1,"turns":4},{"damage":1,"enemies":"Cultist","floor":3,"turns":3},{"damage":10,"enemies":"Small Slimes","floor":4,"turns":2},{"damage":25,"enemies":"Gremlin Nob","floor":7,"turns":4},{"damage":0,"enemies":"3 Louse","floor":8,"turns":2},{"damage":2,"enemies":"2 Fungi Beasts","floor":10,"turns":3},{"damage":0,"enemies":"Blue Slaver","floor":12,"turns":1},{"damage":19,"enemies":"3 Sentries","floor":14,"turns":7},{"damage":0,"enemies":"Slime Boss","floor":16,"turns":4},{"damage":16,"enemies":"3 Byrds","floor":18,"turns":5},{"damage":0,"enemies":"Chosen","floor":19,"turns":3},{"damage":29,"enemies":"Shelled Parasite and Fungi","floor":20,"turns":3},{"damage":5,"enemies":"Colosseum Slavers","floor":21,"turns":3},{"damage":21,"enemies":"Colosseum Nobs","floor":21,"turns":4},{"damage":15,"enemies":"Snecko","floor":28,"turns":3},{"damage":26,"enemies":"Centurion and Healer","floor":31,"turns":3},{"damage":97,"enemies":"Automaton","floor":33,"turns":10},{"damage":14,"enemies":"Orb Walker","floor":35,"turns":3},{"damage":30,"enemies":"3 Darklings","floor":41,"turns":3},{"damage":36,"enemies":"2 Orb Walkers","floor":44,"turns":4},{"damage":4,"enemies":"Spire Growth","floor":45,"turns":3},{"damage":21,"enemies":"Writhing Mass","floor":46,"turns":4},{"damage":49,"enemies":"4 Shapes","floor":47,"turns":5},{"damage":11,"enemies":"Transient","floor":48,"turns":5},{"damage":112,"enemies":"Awakened One","floor":50,"turns":7}],"seed_played":"-3561794312533998746","potions_obtained":[{"floor":4,"key":"Energy Potion"},{"floor":7,"key":"Energy Potion"},{"floor":8,"key":"FairyPotion"},{"floor":14,"key":"Swift Potion"},{"floor":17,"key":"LiquidBronze"},{"floor":19,"key":"Energy Potion"},{"floor":21,"key":"Weak Potion"},{"floor":35,"key":"Block Potion"},{"floor":45,"key":"EssenceOfSteel"},{"floor":48,"key":"Swift Potion"}],"is_trial":false,"path_per_floor":["M","?","M","M","$","R","E","M","T","M","R","M","R","E","R","B",null,"M","M","M","?","?","R","?","R","T","R","M","?","?","M","R","B",null,"M","?","$","?","$","R","M","R","T","?","M","M","M","M","R","B"],"character_chosen":"IRONCLAD","items_purchased":["Cleave","Clash"],"campfire_rested":5,"item_purchase_floors":[37,39],"current_hp_per_floor":[88,88,88,84,84,84,65,71,71,75,75,81,81,68,68,74,93,83,89,66,64,64,91,73,98,98,98,89,89,89,69,98,19,98,90,90,90,90,90,90,66,95,95,65,67,64,33,40,69,0],"gold":808,"neow_bonus":"TEN_PERCENT_HP_BONUS","is_prod":false,"is_daily":false,"chose_seed":false,"campfire_upgraded":6,"win_rate":0.0,"timestamp":1550174222,"path_taken":["M","?","M","M","$","R","E","M","T","M","R","M","R","E","R","BOSS","M","?","M","?","?","R","?","R","T","R","M","?","?","M","R","BOSS","M","?","$","?","$","R","M","R","T","?","?","?","M","M","R","BOSS"],"build_version":"2019-01-23","purchased_purges":3,"victory":false,"max_hp_per_floor":[88,88,88,88,88,88,88,88,88,88,88,88,88,88,88,88,93,93,93,93,93,93,93,98,98,98,98,98,98,98,98,98,98,98,98,98,98,98,98,98,98,98,98,98,98,98,98,98,98,98],"card_choices":[{"not_picked":["Flame Barrier","Iron Wave"],"picked":"Wild Strike","floor":1},{"not_picked":["Metallicize","Pummel","Clothesline"],"picked":"SKIP","floor":3},{"not_picked":["Rupture","True Grit","Blood for Blood"],"picked":"SKIP","floor":4},{"not_picked":["Anger","Body Slam"],"picked":"Clash","floor":7},{"not_picked":["Iron Wave","Thunderclap","Ghostly Armor"],"picked":"SKIP","floor":8},{"not_picked":["Thunderclap","Second Wind"],"picked":"Clash","floor":10},{"not_picked":["Reckless Charge","Berserk","Anger"],"picked":"SKIP","floor":12},{"not_picked":["Battle Trance","Wild Strike"],"picked":"Perfected Strike","floor":14},{"not_picked":["Corruption","Sword Boomerang"],"picked":"Headbutt","floor":17},{"not_picked":["Body Slam","Armaments+1","Flex"],"picked":"SKIP","floor":18},{"not_picked":["Thunderclap","True Grit"],"picked":"Pommel Strike","floor":19},{"not_picked":["Sword Boomerang","Shockwave"],"picked":"Clash","floor":20},{"not_picked":["Headbutt","Bludgeon"],"picked":"Pommel Strike","floor":28},{"not_picked":["Bloodletting+1","Clash"],"picked":"Twin Strike","floor":31},{"not_picked":["Anger+1","Sever Soul","True Grit+1"],"picked":"SKIP","floor":35},{"not_picked":["Thunderclap","Bloodletting+1","Sever Soul"],"picked":"SKIP","floor":41},{"not_picked":["Feel No Pain+1","Metallicize+1"],"picked":"Warcry+1","floor":44},{"not_picked":["Burning Pact+1","Warcry+1","Combust+1"],"picked":"SKIP","floor":45},{"not_picked":["Sword Boomerang","Wild Strike+1","Headbutt+1"],"picked":"SKIP","floor":46},{"not_picked":["Thunderclap","Sword Boomerang+1","Metallicize+1"],"picked":"SKIP","floor":47},{"not_picked":["Hemokinesis","Fire Breathing+1","Pummel+1"],"picked":"SKIP","floor":48}],"player_experience":24043,"relics_obtained":[{"floor":7,"key":"Ornamental Fan"},{"floor":9,"key":"Bottled Lightning"},{"floor":14,"key":"Meat on the Bone"},{"floor":21,"key":"Old Coin"},{"floor":21,"key":"Toxic Egg 2"},{"floor":26,"key":"Frozen Egg 2"},{"floor":43,"key":"Lantern"},{"floor":44,"key":"Pocketwatch"}],"event_choices":[{"damage_healed":0,"gold_gain":0,"player_choice":"1 cards matched","damage_taken":0,"max_hp_gain":0,"max_hp_loss":0,"event_name":"Match and Keep!","floor":2,"gold_loss":0,"cards_obtained":["Clash"]},{"damage_healed":0,"gold_gain":0,"player_choice":"Fight","damage_taken":0,"max_hp_gain":0,"max_hp_loss":0,"event_name":"Colosseum","floor":21,"gold_loss":0},{"damage_healed":0,"gold_gain":0,"player_choice":"Fought Nobs","damage_taken":0,"max_hp_gain":0,"max_hp_loss":0,"event_name":"Colosseum","floor":21,"gold_loss":0},{"cards_removed":["Defend_R"],"damage_healed":0,"gold_gain":0,"player_choice":"Gave Gold","damage_taken":0,"max_hp_gain":0,"max_hp_loss":0,"event_name":"Beggar","floor":22,"gold_loss":75},{"damage_healed":0,"gold_gain":0,"player_choice":"Shed Blood","damage_taken":23,"max_hp_gain":5,"max_hp_loss":0,"event_name":"Forgotten Altar","floor":24,"gold_loss":0},{"damage_healed":0,"gold_gain":99,"player_choice":"Stole From Cult","damage_taken":0,"max_hp_gain":0,"max_hp_loss":0,"event_name":"Nest","floor":29,"gold_loss":0},{"damage_healed":0,"gold_gain":0,"player_choice":"Read","damage_taken":0,"max_hp_gain":0,"max_hp_loss":0,"event_name":"The Library","floor":30,"gold_loss":0,"cards_obtained":["Perfected Strike"]},{"cards_removed":["Defend_R"],"damage_healed":0,"gold_gain":0,"player_choice":"Removed Skill","damage_taken":0,"max_hp_gain":0,"max_hp_loss":0,"event_name":"Falling","floor":36,"gold_loss":0},{"damage_healed":0,"gold_gain":0,"player_choice":"Memory 1","damage_taken":0,"max_hp_gain":0,"max_hp_loss":0,"event_name":"SensoryStone","floor":38,"gold_loss":0},{"damage_healed":0,"gold_gain":0,"player_choice":"Fight","damage_taken":0,"max_hp_gain":0,"max_hp_loss":0,"event_name":"Mysterious Sphere","floor":44,"gold_loss":0}],"is_beta":false,"boss_relics":[{"not_picked":["Black Star","Busted Crown"],"picked":"Tiny House"},{"not_picked":["Astrolabe","Mark of Pain"],"picked":"Velvet Choker"}],"items_purged_floors":[5,37,39],"is_endless":false,"potions_floor_spawned":[4,7,8,14,19,21,21,35,45,48],"killed_by":"Awakened One","ascension_level":0}