{"gold_per_floor":[119,134,145,145,145,185,185,225,225,225,225,18,54,70,70,193,193,206,231,50,50,69,104,104,134,213,230,230,330,330,362,362,362],"floor_reached":33,"playtime":1721,"items_purged":[],"score":433,"play_id":"30fbd182-3451-484b-8f45-7b4a508c2529","local_time":"20190215185847","is_ascension_mode":true,"campfire_choices":[{"floor":7,"key":"REST"},{"data":"Deadly Poison","floor":11,"key":"SMITH"},{"floor":15,"key":"REST"},{"data":"Venomology","floor":28,"key":"SMITH"},{"floor":30,"key":"REST"},{"floor":32,"key":"REST"}],"neow_cost":"NONE","seed_source_timestamp":195582682150800,"circlet_count":0,"master_deck":["Defend_G","Defend_G","Defend_G","Defend_G","Defend_G","Strike_G","Strike_G","Strike_G","Strike_G","Strike_G","Survivor","Neutralize","Quick Slash","Dagger Spray","Deadly Poison+1","Dash","Crippling Poison","Deadly Poison","Venomology+1","Normality","Writhe","Regret","Backflip+1","Dagger Spray","Endless Agony","Wraith Form v2","Quick Slash","PiercingWail+1","Blur+1","Acrobatics+1","Blur+1"],"relics":["Ring of the Snake","Bloody Idol","Centennial Puzzle","Bottled Flame","Bottled Lightning","OrangePellets","Oddly Smooth Stone","Calling Bell","Snake Skull","Darkstone Periapt","Du-Vu Doll","Blood Vial","Sundial","Toxic Egg 2","Shuriken","Frozen Egg 2","Thread and Needle","Kunai","Omamori"],"potions_floor_usage":[3,13,19,22,23,23,25,27,27,27,27,27,29,29,29,33,33],"damage_taken":[{"damage":2,"enemies":"Cultist","floor":1,"turns":4},{"damage":0,"enemies":"2 Louse","floor":2,"turns":3},{"damage":7,"enemies":"Small Slimes","floor":3,"turns":3},{"damage":31,"enemies":"Lagavulin","floor":6,"turns":8},{"damage":14,"enemies":"3 Sentries","floor":8,"turns":7},{"damage":12,"enemies":"Gremlin Nob","floor":13,"turns":3},{"damage":0,"enemies":"Red Slaver","floor":14,"turns":3},{"damage":21,"enemies":"Hexaghost","floor":16,"turns":9},{"damage":9,"enemies":"3 Byrds","floor":18,"turns":5},{"damage":14,"enemies":"Shell Parasite","floor":19,"turns":5},{"damage":17,"enemies":"Centurion and Healer","floor":22,"turns":7},{"damage":26,"enemies":"Book of Stabbing","floor":23,"turns":7},{"damage":19,"enemies":"Gremlin Leader","floor":25,"turns":10},{"damage":24,"enemies":"Snecko","floor":27,"turns":7},{"damage":18,"enemies":"Colosseum Slavers","floor":29,"turns":4},{"damage":0,"enemies":"Colosseum Nobs","floor":29,"turns":5},{"damage":33,"enemies":"Slavers","floor":31,"turns":8},{"damage":49,"enemies":"Champ","floor":33,"turns":14}],"seed_played":"4101714346619113890","potions_obtained":[{"floor":3,"key":"Fruit Juice"},{"floor":8,"key":"GamblersBrew"},{"floor":10,"key":"AttackPotion"},{"floor":10,"key":"Dexterity Potion"},{"floor":10,"key":"FairyPotion"},{"floor":14,"key":"SmokeBomb"},{"floor":16,"key":"PowerPotion"},{"floor":18,"key":"Explosive Potion"},{"floor":25,"key":"Ancient Potion"},{"floor":27,"key":"SpeedPotion"}],"is_trial":false,"path_per_floor":["M","M","M","?","?","E","R","E","T","?","R","$","E","M","R","B",null,"M","M","$","?","M","E","?","E","T","M","R","?","R","E","R","B"],"character_chosen":"THE_SILENT","items_purchased":["OrangePellets","Blood Vial","Endless Agony"],"campfire_rested":4,"item_purchase_floors":[12,20,20],"current_hp_per_floor":[68,68,66,46,46,15,39,25,25,25,25,25,13,13,37,16,66,57,43,43,43,33,14,14,10,15,32,32,23,47,21,45,0],"gold":362,"neow_bonus":"TEN_PERCENT_HP_BONUS","is_prod":false,"is_daily":false,"chose_seed":false,"campfire_upgraded":2,"win_rate":0,"timestamp":1550253527,"path_taken":["M","M","?","?","?","E","R","E","T","?","R","$","E","M","R","BOSS","M","M","$","?","M","E","?","E","T","M","R","?","R","E","R","BOSS"],"build_version":"2019-01-23","purchased_purges":0,"victory":false,"max_hp_per_floor":[77,77,82,82,82,82,82,82,82,82,82,82,82,82,82,82,82,82,82,82,82,82,82,82,82,82,82,82,82,82,82,82,82],"card_choices":[{"not_picked":["Underhanded Strike","Bane"],"picked":"Quick Slash","floor":1},{"not_picked":["Choke","Outmaneuver"],"picked":"Dagger Spray","floor":2},{"not_picked":["Blade Dance","Slice"],"picked":"Deadly Poison","floor":3},{"not_picked":["Backstab","Blur"],"picked":"Dash","floor":6},{"not_picked":["Setup","Underhanded Strike","Prepared"],"picked":"SKIP","floor":8},{"not_picked":["Bane","Acrobatics"],"picked":"Crippling Poison","floor":13},{"not_picked":["Doppelganger","Sucker Punch"],"picked":"Deadly Poison","floor":14},{"not_picked":["Unload","Grand Finale"],"picked":"Venomology","floor":16},{"not_picked":["Outmaneuver","Acrobatics+1"],"picked":"Backflip+1","floor":18},{"not_picked":["Endless Agony","Acrobatics"],"picked":"Dagger Spray","floor":19},{"not_picked":["Backflip","Quick Slash"],"picked":"Wraith Form v2","floor":22},{"not_picked":["Backflip","Underhanded Strike"],"picked":"Quick Slash","floor":23},{"not_picked":["Deflect+1","Dodge and Roll+1"],"picked":"PiercingWail+1","floor":25},{"not_picked":["Underhanded Strike","Dodge and Roll+1"],"picked":"Blur+1","floor":27},{"not_picked":["Caltrops+1","Leg Sweep+1"],"picked":"Acrobatics+1","floor":29},{"not_picked":["Flying Knee","Outmaneuver+1"],"picked":"Blur+1","floor":31}],"player_experience":421669,"relics_obtained":[{"floor":6,"key":"Centennial Puzzle"},{"floor":8,"key":"Bottled Flame"},{"floor":9,"key":"Bottled Lightning"},{"floor":13,"key":"Oddly Smooth Stone"},{"floor":17,"key":"Snake Skull"},{"floor":17,"key":"Darkstone Periapt"},{"floor":17,"key":"Du-Vu Doll"},{"floor":23,"key":"Sundial"},{"floor":25,"key":"Shuriken"},{"floor":26,"key":"Frozen Egg 2"},{"floor":29,"key":"Thread and Needle"},{"floor":29,"key":"Kunai"},{"floor":31,"key":"Omamori"}],"event_choices":[{"damage_healed":0,"gold_gain":0,"player_choice":"Take Damage","damage_taken":20,"relics_obtained":["Golden Idol"],"max_hp_gain":0,"max_hp_loss":0,"event_name":"Golden Idol","floor":4,"gold_loss":0},{"damage_healed":0,"gold_gain":0,"player_choice":"Ignored","damage_taken":0,"max_hp_gain":0,"max_hp_loss":0,"event_name":"Liars Game","floor":5,"gold_loss":0},{"damage_healed":0,"gold_gain":0,"player_choice":"Got Potions","damage_taken":0,"max_hp_gain":0,"max_hp_loss":0,"event_name":"Lab","floor":10,"gold_loss":0},{"damage_healed":0,"gold_gain":0,"player_choice":"Gave Idol","damage_taken":0,"relics_obtained":["Bloody Idol"],"max_hp_gain":0,"max_hp_loss":0,"event_name":"Forgotten Altar","floor":21,"relics_lost":["Golden Idol"],"gold_loss":0},{"damage_healed":0,"gold_gain":0,"player_choice":"Opened","damage_taken":0,"relics_obtained":["Toxic Egg 2"],"max_hp_gain":0,"max_hp_loss":0,"event_name":"The Mausoleum","floor":24,"gold_loss":0},{"damage_healed":0,"gold_gain":0,"player_choice":"Fight","damage_taken":0,"max_hp_gain":0,"max_hp_loss":0,"event_name":"Colosseum","floor":29,"gold_loss":0},{"damage_healed":0,"gold_gain":0,"player_choice":"Fought Nobs","damage_taken":0,"max_hp_gain":0,"max_hp_loss":0,"event_name":"Colosseum","floor":29,"gold_loss":0}],"is_beta":false,"boss_relics":[{"not_picked":["Tiny House","Eternal Feather"],"picked":"Calling Bell"}],"items_purged_floors":[],"is_endless":false,"potions_floor_spawned":[3,8,14,16,18,25,27,29],"killed_by":"Champ","ascension_level":7}