{"gold_per_floor":[110,110,110,110,110,110,35,53,53,64,74,90,90],"floor_reached":13,"playtime":284,"items_purged":["Strike_R"],"score":143,"play_id":"1c55fc9d-4d34-4914-9ad6-1c1af9bc3656","local_time":"20190203120443","is_ascension_mode":true,"campfire_choices":[{"floor":6,"key":"REST"}],"neow_cost":"NONE","seed_source_timestamp":498467187487300,"circlet_count":0,"master_deck":["AscendersBane","Strike_R","Strike_R","Defend_R","Defend_R","Defend_R","Bash"],"relics":["Empty Cage","Art of War","Omamori"],"potions_floor_usage":[12],"damage_taken":[{"damage":18,"enemies":"Cultist","floor":1,"turns":5},{"damage":10,"enemies":"Small Slimes","floor":8,"turns":3},{"damage":12,"enemies":"Jaw Worm","floor":10,"turns":3},{"damage":21,"enemies":"Blue Slaver","floor":11,"turns":4},{"damage":30,"enemies":"Lots of Slimes","floor":12,"turns":6},{"damage":0,"enemies":"Lagavulin","floor":13,"turns":1}],"seed_played":"7406804569405494452","potions_obtained":[{"floor":8,"key":"LiquidBronze"},{"floor":11,"key":"Regen Potion"}],"is_trial":false,"path_per_floor":["M","T","?","?","$","R","$","M","T","M","M","M","E"],"character_chosen":"IRONCLAD","items_purchased":[],"campfire_rested":1,"item_purchase_floors":[],"current_hp_per_floor":[50,50,50,50,50,72,72,62,62,50,29,11,11],"gold":90,"neow_bonus":"BOSS_RELIC","is_prod":false,"is_daily":false,"chose_seed":false,"campfire_upgraded":0,"win_rate":0,"timestamp":1549191883,"path_taken":["M","?","?","?","?","R","$","?","T","?","M","M","E"],"build_version":"2019-01-23","purchased_purges":1,"victory":false,"max_hp_per_floor":[75,75,75,75,75,75,75,75,75,75,75,75,75],"card_choices":[{"not_picked":["Iron Wave","Wild Strike","Disarm"],"picked":"SKIP","floor":1},{"not_picked":["Sword Boomerang","Spot Weakness","Wild Strike"],"picked":"SKIP","floor":8},{"not_picked":["Entrench","Carnage","Pommel Strike"],"picked":"SKIP","floor":10},{"not_picked":["Heavy Blade","Clothesline","Berserk"],"picked":"SKIP","floor":11},{"not_picked":["Shrug It Off","Clothesline","Clash"],"picked":"SKIP","floor":12}],"player_experience":321655,"relics_obtained":[{"floor":2,"key":"Art of War"},{"floor":9,"key":"Omamori"}],"event_choices":[{"damage_healed":0,"gold_gain":0,"player_choice":"Ignored","damage_taken":0,"max_hp_gain":0,"max_hp_loss":0,"event_name":"Shining Light","floor":3,"gold_loss":0},{"cards_removed":["Defend_R"],"damage_healed":0,"gold_gain":0,"player_choice":"Forget","damage_taken":0,"max_hp_gain":0,"max_hp_loss":0,"event_name":"Living Wall","floor":4,"gold_loss":0}],"is_beta":false,"boss_relics":[],"items_purged_floors":[7],"is_endless":false,"potions_floor_spawned":[8,11],"killed_by":"Lagavulin","ascension_level":18}