{"gold_per_floor":[12,26,26,26,26,55,5,35,58,58,76,93,119,119,119,223,223,178,178,178,128,128,128,128,128,128,128,128,128,128,128,128,128,128,128,43,43,43,43,43,43,43,43,43,43,19,19,0,0,0],"floor_reached":51,"playtime":2356,"items_purged":["Strike_R","Strike_R"],"score":1009,"play_id":"593b00e8-12ef-479f-9969-d1e1d2e06afa","local_time":"20190118003901","is_ascension_mode":true,"campfire_choices":[{"data":"Body Slam","floor":10,"key":"SMITH"},{"data":"Demon Form","floor":15,"key":"SMITH"},{"floor":28,"key":"REST"},{"data":"Barricade","floor":32,"key":"SMITH"},{"floor":40,"key":"DIG"},{"floor":42,"key":"DIG"},{"data":"Entrench","floor":44,"key":"SMITH"},{"floor":49,"key":"REST"}],"neow_cost":"NO_GOLD","seed_source_timestamp":583231399227920,"circlet_count":0,"master_deck":["Strike_R+1","Strike_R+1","Defend_R","Defend_R","Defend_R","Defend_R","Bash","Body Slam+1","Iron Wave","Clothesline","Rampage","Shrug It Off","Battle Trance","Discovery","Demon Form+1","Barricade+1","Pommel Strike","Battle Trance+1","RitualDagger","Flame Barrier","Pommel Strike+1","Headbutt","Battle Trance","Double Tap+1","Thunderclap","Metallicize","Entrench+1","Sword Boomerang","True Grit+1"],"relics":["Burning Blood","Thread and Needle","Art of War","Pocketwatch","Smiling Mask","Bag of Marbles","Ectoplasm","PreservedInsect","Dead Branch","Enchiridion","Ginger","Happy Flower","Kunai","Philosopher\u0027s Stone","Shovel","Paper Frog","Orichalcum","Anchor","Magic Flower","Red Mask"],"potions_floor_usage":[13,18,27,37,41,45,45],"damage_taken":[{"damage":3,"enemies":"Small Slimes","floor":1,"turns":5},{"damage":2,"enemies":"Jaw Worm","floor":2,"turns":4},{"damage":30,"enemies":"3 Sentries","floor":6,"turns":12},{"damage":17,"enemies":"Gremlin Nob","floor":8,"turns":5},{"damage":0,"enemies":"Cultist","floor":11,"turns":2},{"damage":1,"enemies":"Red Slaver","floor":12,"turns":3},{"damage":3,"enemies":"3 Sentries","floor":13,"turns":6},{"damage":16,"enemies":"Hexaghost","floor":16,"turns":7},{"damage":13,"enemies":"2 Thieves","floor":18,"turns":4},{"damage":4,"enemies":"Chosen","floor":20,"turns":6},{"damage":15,"enemies":"Gremlin Leader","floor":23,"turns":5},{"damage":17,"enemies":"Centurion and Healer","floor":25,"turns":11},{"damage":5,"enemies":"Slavers","floor":27,"turns":4},{"damage":0,"enemies":"Gremlin Leader","floor":30,"turns":5},{"damage":3,"enemies":"Shelled Parasite and Fungi","floor":31,"turns":6},{"damage":29,"enemies":"Automaton","floor":33,"turns":8},{"damage":0,"enemies":"Orb Walker","floor":35,"turns":3},{"damage":57,"enemies":"2 Orb Walkers","floor":37,"turns":5},{"damage":10,"enemies":"3 Shapes","floor":41,"turns":3},{"damage":11,"enemies":"Transient","floor":45,"turns":5},{"damage":0,"enemies":"Nemesis","floor":47,"turns":2},{"damage":15,"enemies":"Time Eater","floor":50,"turns":6}],"seed_played":"5471114481922151660","potions_obtained":[{"floor":2,"key":"Fire Potion"},{"floor":11,"key":"AttackPotion"},{"floor":16,"key":"Swift Potion"},{"floor":18,"key":"LiquidBronze"},{"floor":27,"key":"BloodPotion"},{"floor":31,"key":"PowerPotion"},{"floor":33,"key":"AttackPotion"},{"floor":37,"key":"BloodPotion"},{"floor":47,"key":"Poison Potion"}],"is_trial":false,"path_per_floor":["M","M","$","?","?","E","?","E","T","R","M","M","E","?","R","B",null,"M","?","M","$","?","E","?","M","T","E","R","?","E","M","R","B",null,"M","$","?","?","?","R","M","R","T","R","M","$","E","?","R","B",null],"character_chosen":"IRONCLAD","items_purchased":["Metallicize","Sword Boomerang"],"campfire_rested":2,"item_purchase_floors":[36,46],"current_hp_per_floor":[80,80,80,80,64,40,40,29,29,29,35,40,43,43,43,33,68,61,61,63,63,57,48,32,21,21,22,46,46,52,55,55,32,68,74,74,23,23,23,23,19,19,19,19,30,30,36,36,60,54],"gold":0,"neow_bonus":"ONE_RARE_RELIC","is_prod":false,"is_daily":false,"chose_seed":false,"campfire_upgraded":4,"win_rate":0,"timestamp":1547764741,"path_taken":["M","M","$","?","?","E","?","E","T","R","?","M","E","?","R","BOSS","M","?","?","$","?","E","?","M","T","E","R","?","E","M","R","BOSS","M","$","?","?","?","R","M","R","T","R","?","$","E","?","R","BOSS"],"build_version":"2019-01-10","purchased_purges":2,"victory":true,"max_hp_per_floor":[80,80,80,80,80,80,80,80,80,80,80,80,80,80,80,80,80,80,80,80,80,80,80,80,80,80,80,80,80,80,80,80,80,80,80,80,80,80,80,80,80,80,80,80,80,80,80,80,80,80],"card_choices":[{"not_picked":["Dropkick","Entrench"],"picked":"Body Slam","floor":1},{"not_picked":["Wild Strike","Hemokinesis"],"picked":"Iron Wave","floor":2},{"not_picked":["Twin Strike","Headbutt"],"picked":"Clothesline","floor":6},{"not_picked":["Shockwave","Uppercut"],"picked":"Rampage","floor":8},{"not_picked":["Carnage","Immolate"],"picked":"Shrug It Off","floor":11},{"not_picked":["Clash","Wild Strike","Anger"],"picked":"SKIP","floor":12},{"not_picked":["Evolve","True Grit"],"picked":"Battle Trance","floor":13},{"not_picked":["Dark Embrace","Exhume"],"picked":"Barricade","floor":16},{"not_picked":["Clash","Pummel"],"picked":"Pommel Strike","floor":18},{"not_picked":["Perfected Strike","True Grit"],"picked":"Battle Trance+1","floor":20},{"not_picked":["Searing Blow+1","Rage+1"],"picked":"Flame Barrier","floor":23},{"not_picked":["Heavy Blade","Flex"],"picked":"Disarm","floor":25},{"not_picked":["Sentinel","Rampage"],"picked":"Pommel Strike+1","floor":27},{"not_picked":["Carnage","Heavy Blade"],"picked":"Headbutt","floor":30},{"not_picked":["Sword Boomerang","Twin Strike+1"],"picked":"Battle Trance","floor":31},{"not_picked":["Dark Embrace","Immolate"],"picked":"Double Tap","floor":33},{"not_picked":["Rupture","Rampage+1"],"picked":"Thunderclap","floor":35},{"not_picked":["Perfected Strike","Anger+1"],"picked":"Entrench","floor":41},{"not_picked":["Sentinel","Evolve","Heavy Blade"],"picked":"SKIP","floor":45},{"not_picked":["Fire Breathing","Rage"],"picked":"True Grit+1","floor":47}],"player_experience":115398,"relics_obtained":[{"floor":6,"key":"Art of War"},{"floor":8,"key":"Pocketwatch"},{"floor":9,"key":"Smiling Mask"},{"floor":13,"key":"Bag of Marbles"},{"floor":23,"key":"Dead Branch"},{"floor":24,"key":"Enchiridion"},{"floor":26,"key":"Ginger"},{"floor":27,"key":"Happy Flower"},{"floor":30,"key":"Kunai"},{"floor":37,"key":"Shovel"},{"floor":40,"key":"Paper Frog"},{"floor":42,"key":"Orichalcum"},{"floor":43,"key":"Anchor"},{"floor":47,"key":"Magic Flower"}],"event_choices":[{"damage_healed":0,"gold_gain":0,"player_choice":"Ignored","damage_taken":0,"max_hp_gain":0,"max_hp_loss":0,"event_name":"Liars Game","floor":4,"gold_loss":0},{"damage_healed":0,"gold_gain":0,"player_choice":"Entered Light","damage_taken":16,"max_hp_gain":0,"max_hp_loss":0,"event_name":"Shining Light","floor":5,"gold_loss":0,"cards_upgraded":["Strike_R","Strike_R"]},{"cards_removed":["Strike_R"],"damage_healed":0,"gold_gain":0,"player_choice":"Card Removal","damage_taken":0,"max_hp_gain":0,"max_hp_loss":0,"event_name":"The Cleric","floor":7,"gold_loss":50},{"damage_healed":0,"gold_gain":0,"player_choice":"2 cards matched","damage_taken":0,"max_hp_gain":0,"max_hp_loss":0,"event_name":"Match and Keep!","floor":14,"gold_loss":0,"cards_obtained":["Discovery","Demon Form"]},{"damage_healed":0,"gold_gain":0,"player_choice":"2 cards matched","damage_taken":0,"max_hp_gain":0,"max_hp_loss":0,"event_name":"Match and Keep!","floor":14,"gold_loss":0,"cards_obtained":["Discovery","Demon Form"]},{"damage_healed":0,"gold_gain":0,"player_choice":"Gave Potion","damage_taken":0,"relics_obtained":["PreservedInsect"],"max_hp_gain":0,"max_hp_loss":0,"event_name":"WeMeetAgain","floor":19,"gold_loss":0},{"damage_healed":0,"gold_gain":0,"player_choice":"Joined the Cult","damage_taken":6,"max_hp_gain":0,"max_hp_loss":0,"event_name":"Nest","floor":22,"gold_loss":0,"cards_obtained":["RitualDagger"]},{"damage_healed":0,"gold_gain":0,"player_choice":"Obtained Book","damage_taken":16,"max_hp_gain":0,"max_hp_loss":0,"event_name":"Cursed Tome","floor":24,"gold_loss":0},{"damage_healed":0,"gold_gain":0,"player_choice":"Ignored","damage_taken":0,"max_hp_gain":0,"max_hp_loss":0,"event_name":"Ghosts","floor":29,"gold_loss":0},{"damage_healed":0,"gold_gain":0,"player_choice":"Fight","damage_taken":0,"max_hp_gain":0,"max_hp_loss":0,"event_name":"Mysterious Sphere","floor":37,"gold_loss":0},{"cards_removed":["Disarm"],"damage_healed":0,"gold_gain":0,"player_choice":"Removed Skill","damage_taken":0,"max_hp_gain":0,"max_hp_loss":0,"event_name":"Falling","floor":38,"gold_loss":0},{"damage_healed":0,"gold_gain":0,"player_choice":"Forge","damage_taken":0,"max_hp_gain":0,"max_hp_loss":0,"event_name":"Accursed Blacksmith","floor":39,"gold_loss":0,"cards_upgraded":["Double Tap"]},{"damage_healed":0,"gold_gain":0,"player_choice":"Paid","damage_taken":0,"relics_obtained":["Red Mask"],"max_hp_gain":0,"max_hp_loss":0,"event_name":"Tomb of Lord Red Mask","floor":48,"gold_loss":19}],"is_beta":false,"boss_relics":[{"not_picked":["Black Blood","Runic Pyramid"],"picked":"Ectoplasm"},{"not_picked":["Black Star","Snecko Eye"],"picked":"Philosopher\u0027s Stone"}],"items_purged_floors":[21,36],"is_endless":false,"potions_floor_spawned":[2,11,16,18,27,31,33,37,47],"ascension_level":5}