{"gold_per_floor":[110,110,35,54,154,154,165,165,213,223,223,223,239,139,139,241,241,259,259,273,96,0,32,32,32],"floor_reached":25,"playtime":1229,"items_purged":["Strike_R","Strike_R"],"score":230,"play_id":"943a878e-283e-4f18-aa76-b10f66124c1f","local_time":"20190216031817","is_ascension_mode":true,"campfire_choices":[{"data":"Bash","floor":6,"key":"SMITH"},{"data":"Headbutt","floor":8,"key":"SMITH"},{"data":"True Grit","floor":11,"key":"SMITH"},{"data":"Heavy Blade","floor":15,"key":"SMITH"}],"neow_cost":"NONE","seed_source_timestamp":150684498613127,"circlet_count":0,"master_deck":["Strike_R","Strike_R","Defend_R","Defend_R","Defend_R","Defend_R","Bash+1","Headbutt+1","Heavy Blade+1","True Grit+1","Barricade","Warcry+1","Apotheosis"],"relics":["Burning Blood","Red Skull","Bronze Scales","Velvet Choker","Question Card","MutagenicStrength"],"potions_floor_usage":[7,10,16,16,16,16,16,23,25],"damage_taken":[{"damage":1,"enemies":"Small Slimes","floor":1,"turns":5},{"damage":0,"enemies":"Cultist","floor":4,"turns":2},{"damage":0,"enemies":"2 Louse","floor":7,"turns":2},{"damage":0,"enemies":"Exordium Wildlife","floor":10,"turns":2},{"damage":0,"enemies":"Large Slime","floor":13,"turns":4},{"damage":66,"enemies":"Hexaghost","floor":16,"turns":10},{"damage":10,"enemies":"Chosen","floor":18,"turns":4},{"damage":8,"enemies":"Shell Parasite","floor":20,"turns":7},{"damage":71,"enemies":"Book of Stabbing","floor":23,"turns":7},{"damage":31,"enemies":"Gremlin Leader","floor":25,"turns":2}],"seed_played":"-480029863602663610","potions_obtained":[{"floor":2,"key":"EntropicBrew"},{"floor":2,"key":"Swift Potion"},{"floor":2,"key":"Block Potion"},{"floor":7,"key":"GamblersBrew"},{"floor":16,"key":"FearPotion"},{"floor":18,"key":"Regen Potion"},{"floor":20,"key":"Strength Potion"}],"is_trial":false,"path_per_floor":["M","?","$","M","?","R","M","R","T","M","R","?","M","$","R","B",null,"M","?","M","$","?","E","?","E"],"character_chosen":"IRONCLAD","items_purchased":["Apotheosis"],"campfire_rested":0,"item_purchase_floors":[21],"current_hp_per_floor":[80,80,80,80,80,80,80,80,80,80,80,85,85,85,85,40,85,81,81,79,79,79,29,29,0],"gold":32,"neow_bonus":"RANDOM_COMMON_RELIC","is_prod":false,"is_daily":false,"chose_seed":false,"campfire_upgraded":4,"win_rate":0,"timestamp":1550254697,"path_taken":["M","?","$","?","?","R","M","R","T","?","R","?","M","$","R","BOSS","M","?","M","$","?","E","?","E"],"build_version":"2019-01-23","purchased_purges":2,"victory":false,"max_hp_per_floor":[80,80,80,80,80,80,80,80,80,80,80,85,85,85,85,85,85,85,85,85,85,85,85,85,85],"card_choices":[{"not_picked":["Twin Strike","Corruption"],"picked":"Headbutt","floor":1},{"not_picked":["Combust","Sever Soul"],"picked":"Heavy Blade","floor":4},{"not_picked":["Searing Blow","Clash","Rupture"],"picked":"SKIP","floor":7},{"not_picked":["Flex","Flame Barrier"],"picked":"True Grit","floor":10},{"not_picked":["Combust","Armaments","Flex"],"picked":"SKIP","floor":13},{"not_picked":["Fiend Fire","Offering"],"picked":"Barricade","floor":16},{"not_picked":["Perfected Strike+1","Searing Blow"],"picked":"Warcry+1","floor":18},{"not_picked":["Havoc","Exhume","Twin Strike"],"picked":"SKIP","floor":20},{"not_picked":["Anger","Infernal Blade","Thunderclap"],"picked":"SKIP","floor":23}],"player_experience":56848,"relics_obtained":[{"floor":9,"key":"Bronze Scales"},{"floor":23,"key":"Question Card"}],"event_choices":[{"damage_healed":0,"gold_gain":0,"player_choice":"Got Potions","damage_taken":0,"max_hp_gain":0,"max_hp_loss":0,"event_name":"Lab","floor":2,"gold_loss":0},{"damage_healed":0,"gold_gain":100,"player_choice":"Pray","damage_taken":0,"max_hp_gain":0,"max_hp_loss":0,"event_name":"Golden Shrine","floor":5,"gold_loss":0},{"damage_healed":0,"gold_gain":0,"player_choice":"Donut","damage_taken":0,"max_hp_gain":5,"max_hp_loss":0,"event_name":"Big Fish","floor":12,"gold_loss":0},{"cards_removed":["Strike_R"],"damage_healed":0,"gold_gain":0,"player_choice":"Elegance","damage_taken":0,"max_hp_gain":0,"max_hp_loss":0,"event_name":"Back to Basics","floor":19,"gold_loss":0},{"damage_healed":0,"gold_gain":0,"player_choice":"Paid Fearfully","damage_taken":0,"max_hp_gain":0,"max_hp_loss":0,"event_name":"Masked Bandits","floor":22,"gold_loss":96},{"damage_healed":0,"gold_gain":0,"player_choice":"Inject Mutagens","damage_taken":0,"relics_obtained":["MutagenicStrength"],"max_hp_gain":0,"max_hp_loss":0,"event_name":"Drug Dealer","floor":24,"gold_loss":0}],"is_beta":false,"boss_relics":[{"not_picked":["Busted Crown","Black Star"],"picked":"Velvet Choker"}],"items_purged_floors":[3,14],"is_endless":false,"potions_floor_spawned":[7,16,18,20],"killed_by":"Gremlin Leader","ascension_level":2}