{"gold_per_floor":[116,66,76,1,16,16,47,47,47,47,111,111,211,228,228,328,328,344,244,244,244,233,233,265,180,180,198,198,216,233,248,248,350,350,361,361,376,396,396,396,427,57,83,83,83,93,105,15,15,15,15,15,15,15],"floor_reached":54,"playtime":3592,"items_purged":["Strike_B","Strike_B","Defend_B"],"score":660,"play_id":"a4defd0e-8d56-44fd-97f8-6471c8327b79","local_time":"20190219205552","is_ascension_mode":false,"campfire_choices":[{"data":"Biased Cognition","floor":6.0,"key":"SMITH"},{"floor":10.0,"key":"REST"},{"data":"Defend_B","floor":15.0,"key":"PURGE"},{"floor":23.0,"key":"REST"},{"floor":28.0,"key":"REST"},{"floor":32.0,"key":"RECALL"},{"data":"Defend_B","floor":40.0,"key":"PURGE"},{"floor":49.0,"key":"REST"},{"data":"Core Surge","floor":52,"key":"SMITH"}],"neow_cost":"NONE","seed_source_timestamp":0,"circlet_count":0,"master_deck":["Zap","Dualcast","Biased Cognition+1","Chill","Core Surge+1","Capacitor+1","Core Surge","Capacitor+1","Cold Snap+1","Chill+1"],"special_seed":0,"relics":["Cracked Core","Frozen Egg 2","Pantograph","Peace Pipe","Velvet Choker","Toxic Egg 2","Mercury Hourglass","Boot","Pear","Orrery","Question Card","Bottled Flame","Art of War"],"potions_floor_usage":[50,54],"damage_taken":[{"damage":0.0,"enemies":"Small Slimes","floor":1.0,"turns":2.0},{"damage":0.0,"enemies":"2 Louse","floor":3.0,"turns":3.0},{"damage":5.0,"enemies":"Jaw Worm","floor":5.0,"turns":2.0},{"damage":28.0,"enemies":"Gremlin Nob","floor":7.0,"turns":5.0},{"damage":24.0,"enemies":"Gremlin Nob","floor":11.0,"turns":4.0},{"damage":8.0,"enemies":"Large Slime","floor":14.0,"turns":7.0},{"damage":50.0,"enemies":"Slime Boss","floor":16.0,"turns":10.0},{"damage":6.0,"enemies":"Shell Parasite","floor":18.0,"turns":6.0},{"damage":6.0,"enemies":"2 Thieves","floor":22.0,"turns":4.0},{"damage":40.0,"enemies":"Book of Stabbing","floor":24.0,"turns":7.0},{"damage":1.0,"enemies":"Centurion and Healer","floor":27.0,"turns":9.0},{"damage":15.0,"enemies":"Chosen and Byrds","floor":29.0,"turns":4.0},{"damage":0.0,"enemies":"Shelled Parasite and Fungi","floor":30.0,"turns":9.0},{"damage":0.0,"enemies":"Snecko","floor":31.0,"turns":4.0},{"damage":23.0,"enemies":"Automaton","floor":33.0,"turns":11.0},{"damage":3.0,"enemies":"3 Darklings","floor":35.0,"turns":6.0},{"damage":3.0,"enemies":"Orb Walker","floor":37.0,"turns":4.0},{"damage":0.0,"enemies":"4 Shapes","floor":38.0,"turns":8.0},{"damage":45.0,"enemies":"Reptomancer","floor":41.0,"turns":9.0},{"damage":0.0,"enemies":"Maw","floor":46.0,"turns":8.0},{"damage":4.0,"enemies":"Transient","floor":47.0,"turns":5.0},{"damage":21,"enemies":"Time Eater","floor":50,"turns":11},{"damage":126,"enemies":"Shield and Spear","floor":54,"turns":9}],"seed_played":"4236894364370178305","potions_obtained":[{"floor":1.0,"key":"Ancient Potion"},{"floor":14.0,"key":"EssenceOfSteel"},{"floor":27.0,"key":"FocusPotion"},{"floor":29.0,"key":"Weak Potion"},{"floor":30.0,"key":"Swift Potion"},{"floor":31.0,"key":"FearPotion"},{"floor":38.0,"key":"LiquidBronze"},{"floor":41.0,"key":"Dexterity Potion"},{"floor":47.0,"key":"LiquidBronze"}],"is_trial":false,"path_per_floor":["M","?","M","$","M","R","E","$","T","R","?","T","?","M","R","B",null,"M","$","?","T","M","R","E","?","T","M","R","M","M","M","R","B",null,"M","?","M","M","?","R","E","$","T","?","?","M","M","?","R","B",null,"R","$","E"],"character_chosen":"DEFECT","items_purchased":["Bottled Flame"],"campfire_rested":4,"item_purchase_floors":[42],"current_hp_per_floor":[75,75,75,75,70,70,42,42,42,64,40,40,40,32,32,7,75,69,69,55,55,49,73,33,33,43,42,69,54,54,54,54,56,90,87,87,84,84,84,84,39,39,39,39,39,39,35,35,60,64,85,85,85,0],"gold":15,"neow_bonus":"ONE_RANDOM_RARE_CARD","is_prod":false,"is_daily":false,"chose_seed":false,"campfire_upgraded":2,"win_rate":0,"timestamp":1550577352,"path_taken":["M","?","M","$","M","R","E","$","T","R","?","?","?","?","R","BOSS","M","$","?","?","M","R","E","?","T","M","R","M","M","?","R","BOSS","M","?","M","M","?","R","E","$","T","?","?","M","M","?","R","BOSS","R","$","E"],"build_version":"2019-01-23","purchased_purges":3,"victory":false,"max_hp_per_floor":[75,75,75,75,75,75,75,75,75,75,75,75,75,75,75,75,75,75,75,80,80,80,80,80,80,90,90,90,90,90,90,90,90,90,90,90,90,90,90,90,90,90,90,90,85,85,85,85,85,85,85,85,85,85],"card_choices":[{"not_picked":["Loop","Rebound"],"picked":"Chill","floor":1.0},{"not_picked":["Beam Cell","Go for the Eyes","Undo"],"picked":"SKIP","floor":3.0},{"not_picked":["FTL","Stack","Genetic Algorithm"],"picked":"SKIP","floor":5.0},{"not_picked":["Beam Cell","Barrage","Redo"],"picked":"SKIP","floor":7.0},{"not_picked":["Cold Snap","Steam"],"picked":"Core Surge","floor":14.0},{"not_picked":["Auto Shields","Hologram"],"picked":"Capacitor+1","floor":18.0},{"not_picked":["Steam+1","Stack+1","Double Energy+1"],"picked":"SKIP","floor":22.0},{"not_picked":["Heatsinks+1","FTL"],"picked":"Core Surge","floor":24.0},{"not_picked":["Turbo+1","Streamline+1"],"picked":"Capacitor+1","floor":27.0},{"not_picked":["Rebound","Sweeping Beam"],"picked":"Cold Snap","floor":29.0},{"not_picked":["Compile Driver","Redo+1","Rebound"],"picked":"SKIP","floor":30.0},{"not_picked":["FTL+1","Hologram+1","Conserve Battery+1"],"picked":"SKIP","floor":31.0},{"not_picked":["Redo+1","Force Field+1"],"picked":"Chill+1","floor":35.0},{"not_picked":["Rip and Tear+1","Rainbow+1","Force Field+1"],"picked":"SKIP","floor":37.0},{"not_picked":["Coolheaded+1","Skim+1","Streamline+1"],"picked":"SKIP","floor":38.0},{"not_picked":["Capacitor+1","Redo+1","Rebound"],"picked":"SKIP","floor":41.0},{"not_picked":["Fusion+1","Beam Cell","White Noise+1","Hologram+1"],"picked":"SKIP","floor":46.0},{"not_picked":["Coolheaded+1","Rebound","Stack+1","Compile Driver"],"picked":"SKIP","floor":47.0}],"player_experience":145634,"relics_obtained":[{"floor":7.0,"key":"Frozen Egg 2"},{"floor":9.0,"key":"Pantograph"},{"floor":11.0,"key":"Peace Pipe"},{"floor":21.0,"key":"Toxic Egg 2"},{"floor":24.0,"key":"Mercury Hourglass"},{"floor":26.0,"key":"Pear"},{"floor":41.0,"key":"Question Card"},{"floor":43.0,"key":"Art of War"}],"event_choices":[{"cards_removed":["Strike_B"],"damage_healed":0.0,"max_hp_gain":0.0,"max_hp_loss":0.0,"gold_gain":0.0,"event_name":"The Cleric","player_choice":"Card Removal","floor":2.0,"gold_loss":50.0,"damage_taken":0.0},{"damage_healed":0.0,"max_hp_gain":0.0,"max_hp_loss":0.0,"gold_gain":0.0,"event_name":"Dead Adventurer","player_choice":"Searched \u00272\u0027 times","floor":11.0,"gold_loss":0.0,"damage_taken":0.0},{"damage_healed":0.0,"max_hp_gain":0.0,"max_hp_loss":0.0,"gold_gain":100.0,"event_name":"Golden Shrine","player_choice":"Pray","floor":13.0,"gold_loss":0.0,"damage_taken":0.0},{"damage_healed":0.0,"max_hp_gain":5.0,"max_hp_loss":0.0,"gold_gain":0.0,"event_name":"Forgotten Altar","player_choice":"Shed Blood","floor":20.0,"gold_loss":0.0,"damage_taken":19.0},{"damage_healed":0.0,"max_hp_gain":0.0,"max_hp_loss":0.0,"gold_gain":0.0,"event_name":"Addict","player_choice":"Obtained Relic","floor":25.0,"gold_loss":85.0,"damage_taken":0.0,"relics_obtained":["Boot"]},{"cards_removed":["Strike_B"],"damage_healed":0.0,"max_hp_gain":0.0,"max_hp_loss":0.0,"gold_gain":0.0,"event_name":"Falling","player_choice":"Removed Attack","floor":36.0,"gold_loss":0.0,"damage_taken":0.0},{"damage_healed":0.0,"max_hp_gain":0.0,"max_hp_loss":0.0,"gold_gain":0.0,"event_name":"Mysterious Sphere","player_choice":"Ignored","floor":39.0,"gold_loss":0.0,"damage_taken":0.0},{"damage_healed":0.0,"max_hp_gain":0.0,"max_hp_loss":0.0,"gold_gain":0.0,"event_name":"SensoryStone","player_choice":"Memory 1","floor":44.0,"gold_loss":0.0,"damage_taken":0.0},{"damage_healed":0.0,"max_hp_gain":0.0,"max_hp_loss":5.0,"gold_gain":0.0,"event_name":"Winding Halls","player_choice":"Max HP","floor":45.0,"gold_loss":0.0,"damage_taken":0.0},{"cards_removed":["Defend_B"],"damage_healed":0.0,"max_hp_gain":0.0,"max_hp_loss":0.0,"gold_gain":0.0,"event_name":"Designer","player_choice":"Upgrade and Remove","floor":48.0,"gold_loss":90.0,"damage_taken":0.0,"cards_upgraded":["Cold Snap"]}],"is_beta":false,"boss_relics":[{"not_picked":["Snecko Eye","Runic Pyramid"],"picked":"Velvet Choker"},{"not_picked":["Fusion Hammer","Eternal Feather"],"picked":"Orrery"}],"items_purged_floors":[4,19,42],"is_endless":false,"potions_floor_spawned":[1,14,27,29,30,31,38,41,47],"killed_by":"Shield and Spear","ascension_level":0}