{"gold_per_floor":[13,29,39,52,72,72,98,108,160,160,185,205,235,235],"floor_reached":14,"playtime":625,"items_purged":[],"score":230,"play_id":"87b8ec92-8469-45d8-97c1-407ebdeda87a","local_time":"20190131075750","is_ascension_mode":true,"campfire_choices":[{"data":"Feed","floor":10,"key":"SMITH"}],"neow_cost":"NO_GOLD","seed_source_timestamp":224110993384300,"circlet_count":0,"master_deck":["AscendersBane","Strike_R","Strike_R","Strike_R","Strike_R","Strike_R","Defend_R","Defend_R","Defend_R","Defend_R","Bash","Feed+1","Perfected Strike","Infernal Blade","Perfected Strike","Anger","Iron Wave","Infernal Blade","Limit Break","Spot Weakness"],"relics":["Burning Blood","Vajra","Juzu Bracelet","Sundial","The Courier"],"potions_floor_usage":[7,7,12,13],"damage_taken":[{"damage":13,"enemies":"Jaw Worm","floor":1,"turns":5},{"damage":6,"enemies":"Cultist","floor":2,"turns":4},{"damage":3,"enemies":"2 Louse","floor":3,"turns":4},{"damage":11,"enemies":"Blue Slaver","floor":4,"turns":3},{"damage":14,"enemies":"Red Slaver","floor":5,"turns":4},{"damage":5,"enemies":"3 Sentries","floor":7,"turns":5},{"damage":24,"enemies":"Exordium Thugs","floor":8,"turns":5},{"damage":35,"enemies":"Lagavulin","floor":11,"turns":5},{"damage":0,"enemies":"Lots of Slimes","floor":12,"turns":1},{"damage":30,"enemies":"3 Sentries","floor":13,"turns":7},{"damage":16,"enemies":"Gremlin Gang","floor":14,"turns":2}],"seed_played":"-2084980871061568938","potions_obtained":[{"floor":1,"key":"SpeedPotion"},{"floor":3,"key":"Explosive Potion"},{"floor":6,"key":"Fire Potion"},{"floor":6,"key":"Fire Potion"},{"floor":7,"key":"SpeedPotion"},{"floor":11,"key":"SkillPotion"}],"is_trial":false,"path_per_floor":["M","M","M","M","M","?","E","M","T","R","E","M","E","M"],"character_chosen":"IRONCLAD","items_purchased":[],"campfire_rested":0,"item_purchase_floors":[],"current_hp_per_floor":[64,67,73,71,66,66,70,55,55,55,26,32,12,0],"gold":235,"neow_bonus":"THREE_RARE_CARDS","is_prod":false,"is_daily":false,"chose_seed":false,"campfire_upgraded":1,"win_rate":0,"timestamp":1548917870,"path_taken":["M","M","M","M","M","?","E","M","T","R","E","M","E","M"],"build_version":"2019-01-23","purchased_purges":0,"victory":false,"max_hp_per_floor":[78,81,84,87,90,90,93,96,96,96,96,96,100,104],"card_choices":[{"not_picked":["Impervious","Offering"],"picked":"Feed","floor":0},{"not_picked":["Dropkick","Warcry"],"picked":"Perfected Strike","floor":1},{"not_picked":["Twin Strike","Reckless Charge"],"picked":"Infernal Blade","floor":2},{"not_picked":["Twin Strike","Shockwave"],"picked":"Perfected Strike","floor":3},{"not_picked":["Armaments","Iron Wave"],"picked":"Anger","floor":4},{"not_picked":["Metallicize","Heavy Blade"],"picked":"Iron Wave","floor":5},{"not_picked":["Sword Boomerang","Combust","Clash"],"picked":"SKIP","floor":7},{"not_picked":["Evolve","Disarm"],"picked":"Infernal Blade","floor":8},{"not_picked":["Sword Boomerang","Rampage","Twin Strike"],"picked":"SKIP","floor":11},{"not_picked":["Body Slam","Sword Boomerang"],"picked":"Limit Break","floor":12},{"not_picked":["Dropkick","Sentinel"],"picked":"Spot Weakness","floor":13}],"player_experience":286858,"relics_obtained":[{"floor":7,"key":"Vajra"},{"floor":9,"key":"Juzu Bracelet"},{"floor":11,"key":"Sundial"},{"floor":13,"key":"The Courier"}],"event_choices":[{"damage_healed":0,"gold_gain":0,"player_choice":"Got Potions","damage_taken":0,"max_hp_gain":0,"max_hp_loss":0,"event_name":"Lab","floor":6,"gold_loss":0}],"is_beta":false,"boss_relics":[],"items_purged_floors":[],"is_endless":false,"potions_floor_spawned":[1,3,5,7,11],"killed_by":"Gremlin Gang","ascension_level":16}