{"gold_per_floor":[114,289,42,59,59,59,69,84,84,84,15,15,30,85,85,85],"floor_reached":16,"playtime":573,"items_purged":["Doubt"],"score":99,"play_id":"374af8b7-a576-4892-a4b1-c0dd2f0396c5","local_time":"20190215203932","is_ascension_mode":true,"campfire_choices":[{"data":"Fusion","floor":6,"key":"SMITH"},{"data":"Zap","floor":10,"key":"SMITH"},{"data":"Self Repair","floor":12,"key":"SMITH"},{"data":"Buffer","floor":15,"key":"SMITH"}],"neow_cost":"PERCENT_DAMAGE","seed_source_timestamp":202776730297000,"circlet_count":0,"master_deck":["Strike_B","Strike_B","Defend_B","Defend_B","Defend_B","Defend_B","Zap+1","Dualcast","Mayhem+1","Fusion+1","Self Repair+1","Buffer+1"],"relics":["Cracked Core","Question Card","Oddly Smooth Stone"],"potions_floor_usage":[16,16,16],"damage_taken":[{"damage":2,"enemies":"2 Louse","floor":1,"turns":3},{"damage":7,"enemies":"Jaw Worm","floor":4,"turns":4},{"damage":0,"enemies":"Cultist","floor":7,"turns":4},{"damage":6,"enemies":"Blue Slaver","floor":8,"turns":4},{"damage":6,"enemies":"Exordium Wildlife","floor":13,"turns":6},{"damage":48,"enemies":"Hexaghost","floor":16,"turns":14}],"seed_played":"-2094618897888105815","potions_obtained":[{"floor":4,"key":"EssenceOfSteel"},{"floor":7,"key":"AttackPotion"},{"floor":8,"key":"GamblersBrew"}],"is_trial":false,"path_per_floor":["M","?","$","M","?","R","M","M","T","R","$","R","M","T","R","B"],"character_chosen":"DEFECT","items_purchased":["Mayhem","Self Repair"],"campfire_rested":0,"item_purchase_floors":[3,11],"current_hp_per_floor":[52,52,52,45,45,45,45,39,39,39,39,39,43,43,43,0],"gold":85,"neow_bonus":"REMOVE_TWO","is_prod":false,"is_daily":false,"chose_seed":false,"campfire_upgraded":4,"win_rate":0,"timestamp":1550259572,"path_taken":["M","?","$","M","?","R","M","M","T","R","?","R","M","?","R","BOSS"],"build_version":"2019-01-23","purchased_purges":1,"victory":false,"max_hp_per_floor":[75,75,75,75,75,75,75,75,75,75,75,75,75,75,75,75],"card_choices":[{"not_picked":["Rebound","Redo","Go for the Eyes"],"picked":"SKIP","floor":1},{"not_picked":["Steam","Chill"],"picked":"Fusion","floor":4},{"not_picked":["Recycle","Leap","Double Energy"],"picked":"SKIP","floor":7},{"not_picked":["Blizzard","Darkness","Stack"],"picked":"SKIP","floor":8},{"not_picked":["Steam","Recycle","Streamline"],"picked":"Buffer","floor":13}],"player_experience":425542,"relics_obtained":[{"floor":9,"key":"Question Card"},{"floor":14,"key":"Oddly Smooth Stone"}],"event_choices":[{"damage_healed":0,"gold_gain":175,"player_choice":"AGREE","damage_taken":0,"max_hp_gain":0,"max_hp_loss":0,"event_name":"Liars Game","floor":2,"gold_loss":0,"cards_obtained":["Doubt"]},{"damage_healed":0,"gold_gain":0,"player_choice":"Grow","damage_taken":0,"max_hp_gain":0,"max_hp_loss":0,"event_name":"Living Wall","floor":5,"gold_loss":0,"cards_upgraded":["Mayhem"]}],"is_beta":false,"boss_relics":[],"items_purged_floors":[3],"is_endless":false,"potions_floor_spawned":[4,7,8],"killed_by":"Hexaghost","ascension_level":2}