{"gold_per_floor":[116,291,311,71,87,114,114,114,184,184],"floor_reached":10,"playtime":302,"items_purged":[],"score":86,"play_id":"35e31566-e983-4d5d-8fc4-7c3de9483949","local_time":"20190125004331","is_ascension_mode":true,"campfire_choices":[{"data":"Perfected Strike","floor":7,"key":"SMITH"}],"neow_cost":"CURSE","seed_source_timestamp":75760915364070,"circlet_count":0,"master_deck":["Strike_R","Strike_R","Strike_R","Strike_R","Strike_R","Defend_R","Defend_R","Defend_R","Defend_R","Bash","Injury","Reaper","Inflame","Doubt","Shrug It Off","Perfected Strike+1","Perfected Strike"],"relics":["Burning Blood","Question Card","Regal Pillow","Golden Idol","Ornamental Fan"],"potions_floor_usage":[10,10],"damage_taken":[{"damage":11,"enemies":"Cultist","floor":1,"turns":4},{"damage":5,"enemies":"2 Louse","floor":3,"turns":4},{"damage":8,"enemies":"Jaw Worm","floor":5,"turns":6},{"damage":62,"enemies":"3 Sentries","floor":6,"turns":10},{"damage":25,"enemies":"Gremlin Nob","floor":10,"turns":3}],"seed_played":"5553262504832733122","potions_obtained":[{"floor":5,"key":"Strength Potion"},{"floor":6,"key":"EssenceOfSteel"}],"is_trial":false,"path_per_floor":["M","?","M","$","M","E","R","?","T","E"],"character_chosen":"IRONCLAD","items_purchased":["Question Card"],"campfire_rested":0,"item_purchase_floors":[4],"current_hp_per_floor":[71,71,76,76,74,29,29,9,9,0],"gold":184,"neow_bonus":"THREE_RARE_CARDS","is_prod":false,"is_daily":false,"chose_seed":false,"campfire_upgraded":1,"win_rate":0,"timestamp":1548369811,"path_taken":["M","?","M","$","M","E","R","?","T","E"],"build_version":"2019-01-23","purchased_purges":0,"victory":false,"max_hp_per_floor":[80,80,80,80,80,80,80,80,80,80],"card_choices":[{"not_picked":["Fiend Fire","Offering"],"picked":"Reaper","floor":0},{"not_picked":["Havoc","Combust"],"picked":"Inflame","floor":1},{"not_picked":["Headbutt","Carnage"],"picked":"Shrug It Off","floor":3},{"not_picked":["Clothesline","Warcry","Iron Wave"],"picked":"Perfected Strike","floor":5},{"not_picked":["Wild Strike","Flex","Impervious"],"picked":"Perfected Strike","floor":6}],"player_experience":133187,"relics_obtained":[{"floor":6,"key":"Regal Pillow"},{"floor":9,"key":"Ornamental Fan"}],"event_choices":[{"damage_healed":0,"gold_gain":175,"player_choice":"AGREE","damage_taken":0,"max_hp_gain":0,"max_hp_loss":0,"event_name":"Liars Game","floor":2,"gold_loss":0,"cards_obtained":["Doubt"]},{"damage_healed":0,"gold_gain":0,"player_choice":"Take Damage","damage_taken":20,"relics_obtained":["Golden Idol"],"max_hp_gain":0,"max_hp_loss":0,"event_name":"Golden Idol","floor":8,"gold_loss":0}],"is_beta":false,"boss_relics":[],"items_purged_floors":[],"is_endless":false,"potions_floor_spawned":[5,6],"killed_by":"Gremlin Nob","ascension_level":6}