{"gold_per_floor":[115,132,61,111,130,164,164,199,199,231,245,245,306,319,319,417,417,433,30,30,230,244,270,284,284,284,314,314,239,239,254,254,352,352,363,57,57,75,87,87,121,121,121,134,134,163,175,175,175,175],"floor_reached":51,"playtime":4509,"items_purged":["Strike_R+1"],"score":1131,"play_id":"aeff0ee3-ba38-4e96-8869-cf2814f306c7","local_time":"20190219212644","is_ascension_mode":true,"campfire_choices":[{"data":"Carnage","floor":7,"key":"SMITH"},{"data":"Body Slam","floor":12,"key":"SMITH"},{"data":"Flame Barrier","floor":15,"key":"SMITH"},{"data":"Shockwave","floor":25,"key":"SMITH"},{"data":"J.A.X.","floor":32,"key":"SMITH"},{"data":"Immolate","floor":40,"key":"SMITH"},{"data":"1","floor":42,"key":"LIFT"},{"floor":49,"key":"REST"}],"neow_cost":"NONE","seed_source_timestamp":583778659526363,"circlet_count":0,"master_deck":["Strike_R+1","Strike_R+1","Strike_R+1","Defend_R+1","Defend_R+1","Defend_R+1","Defend_R+1","Bash+1","Clothesline+1","Wild Strike","Carnage+1","Metallicize","Evolve","Rampage+1","Reaper","Body Slam+1","Flame Barrier+1","Shrug It Off","Offering+1","Shrug It Off","Shockwave+1","Clothesline+1","Shockwave","Seeing Red","J.A.X.+1","Impervious","Immolate+1","Feel No Pain","Flame Barrier+1","Flame Barrier+1","Cloak And Dagger+1","Warcry+1","Entrench+1","Juggernaut+1","Dark Shackles"],"relics":["Burning Blood","Oddly Smooth Stone","Nunchaku","Mercury Hourglass","Pear","Darkstone Periapt","Cursed Key","Kunai","War Paint","Omamori","Bottled Tornado","Girya","Incense Burner","Runic Pyramid","PrismaticShard","Frozen Egg 2","Whetstone"],"potions_floor_usage":[6,8,8,8,10,16,16,23,27,39,41,44,46,50,50],"damage_taken":[{"damage":4,"enemies":"Jaw Worm","floor":1,"turns":4},{"damage":4,"enemies":"Small Slimes","floor":2,"turns":4},{"damage":2,"enemies":"2 Louse","floor":5,"turns":2},{"damage":12,"enemies":"Lagavulin","floor":6,"turns":6},{"damage":13,"enemies":"3 Sentries","floor":8,"turns":7},{"damage":13,"enemies":"Lagavulin","floor":10,"turns":6},{"damage":8,"enemies":"2 Fungi Beasts","floor":11,"turns":3},{"damage":10,"enemies":"3 Sentries","floor":13,"turns":5},{"damage":2,"enemies":"Lots of Slimes","floor":14,"turns":4},{"damage":36,"enemies":"Hexaghost","floor":16,"turns":9},{"damage":2,"enemies":"2 Thieves","floor":18,"turns":4},{"damage":0,"enemies":"3 Byrds","floor":22,"turns":3},{"damage":16,"enemies":"Slavers","floor":23,"turns":4},{"damage":6,"enemies":"Centurion and Healer","floor":24,"turns":4},{"damage":13,"enemies":"Book of Stabbing","floor":27,"turns":6},{"damage":6,"enemies":"Chosen and Byrds","floor":31,"turns":3},{"damage":19,"enemies":"Champ","floor":33,"turns":10},{"damage":19,"enemies":"3 Darklings","floor":35,"turns":2},{"damage":2,"enemies":"Orb Walker","floor":38,"turns":3},{"damage":23,"enemies":"Jaw Worm Horde","floor":39,"turns":4},{"damage":9,"enemies":"Giant Head","floor":41,"turns":9},{"damage":3,"enemies":"Spire Growth","floor":44,"turns":6},{"damage":35,"enemies":"Reptomancer","floor":46,"turns":5},{"damage":6,"enemies":"4 Shapes","floor":47,"turns":4},{"damage":40,"enemies":"Donu and Deca","floor":50,"turns":10}],"seed_played":"5240864167017963823","potions_obtained":[{"floor":1,"key":"Block Potion"},{"floor":6,"key":"EntropicBrew"},{"floor":11,"key":"BloodPotion"},{"floor":13,"key":"GamblersBrew"},{"floor":14,"key":"Dexterity Potion"},{"floor":16,"key":"SkillPotion"},{"floor":23,"key":"Ancient Potion"},{"floor":24,"key":"GamblersBrew"},{"floor":33,"key":"SpeedPotion"},{"floor":35,"key":"Dexterity Potion"},{"floor":38,"key":"Weak Potion"},{"floor":41,"key":"Swift Potion"},{"floor":44,"key":"GamblersBrew"},{"floor":46,"key":"Dexterity Potion"}],"is_trial":false,"path_per_floor":["M","M","$","?","M","E","R","E","T","E","M","R","?","M","R","B",null,"M","$","?","?","M","E","M","R","T","E","T","?","?","M","R","B",null,"M","$","?","M","M","R","E","R","T","M","?","E","M","T","R","B",null],"character_chosen":"IRONCLAD","items_purchased":["Carnage","Kunai","War Paint","Feel No Pain","PrismaticShard"],"campfire_rested":1,"item_purchase_floors":[3,19,19,36,36],"current_hp_per_floor":[74,76,76,76,80,74,74,67,67,70,76,76,84,90,90,60,83,87,87,87,87,90,90,90,90,90,89,89,89,89,90,90,77,87,90,90,90,90,83,83,90,90,90,90,90,61,61,61,88,78],"gold":175,"neow_bonus":"UPGRADE_CARD","is_prod":false,"is_daily":false,"chose_seed":false,"campfire_upgraded":6,"win_rate":0,"timestamp":1550640404,"path_taken":["M","M","$","?","M","E","R","E","T","E","M","R","?","M","R","BOSS","M","$","?","?","M","E","?","R","T","E","?","?","?","M","R","BOSS","M","$","?","?","M","R","E","R","T","M","?","E","M","?","R","BOSS"],"build_version":"2019-01-23","purchased_purges":1,"victory":true,"max_hp_per_floor":[80,80,80,80,80,80,80,80,80,90,90,90,90,90,90,90,90,90,90,90,90,90,90,90,90,90,90,90,90,90,90,90,90,90,90,90,90,90,90,90,90,90,90,90,90,90,90,90,90,90],"card_choices":[{"not_picked":["Shrug It Off","Thunderclap"],"picked":"Clothesline","floor":1},{"not_picked":["Clash","Cleave"],"picked":"Wild Strike","floor":2},{"not_picked":["Anger","Pommel Strike"],"picked":"Metallicize","floor":5},{"not_picked":["Carnage","Sword Boomerang"],"picked":"Evolve","floor":6},{"not_picked":["Second Wind","Sword Boomerang"],"picked":"Rampage","floor":8},{"not_picked":["Dropkick","Entrench"],"picked":"Reaper","floor":10},{"not_picked":["Twin Strike","Dropkick"],"picked":"Body Slam","floor":11},{"not_picked":["Flex","Spot Weakness"],"picked":"Flame Barrier","floor":13},{"not_picked":["Blood for Blood","Headbutt"],"picked":"Shrug It Off","floor":14},{"not_picked":["Double Tap","Fiend Fire"],"picked":"Offering","floor":16},{"not_picked":["Blood for Blood","Metallicize"],"picked":"Shrug It Off","floor":18},{"not_picked":["Heavy Blade","Rupture"],"picked":"Shockwave","floor":22},{"not_picked":["Clash","Havoc+1"],"picked":"Clothesline+1","floor":23},{"not_picked":["Warcry","Cleave"],"picked":"Shockwave","floor":24},{"not_picked":["Metallicize","Second Wind"],"picked":"Seeing Red","floor":27},{"not_picked":["Cleave","Flex+1"],"picked":"Impervious","floor":31},{"not_picked":["Barricade","Offering"],"picked":"Immolate","floor":33},{"not_picked":["Flex+1","Combust+1","Clash+1"],"picked":"SKIP","floor":35},{"not_picked":["Prepared+1","Sever Soul+1"],"picked":"Flame Barrier+1","floor":38},{"not_picked":["Redo","Leap"],"picked":"Cloak And Dagger+1","floor":39},{"not_picked":["Clash","Dropkick"],"picked":"Warcry+1","floor":41},{"not_picked":["Rampage+1","Heavy Blade+1"],"picked":"Entrench+1","floor":44},{"not_picked":["Prepared","Searing Blow+1"],"picked":"Juggernaut+1","floor":46},{"not_picked":["Capacitor+1","Clash+1"],"picked":"Dark Shackles","floor":47}],"player_experience":632953,"relics_obtained":[{"floor":6,"key":"Oddly Smooth Stone"},{"floor":8,"key":"Nunchaku"},{"floor":9,"key":"Mercury Hourglass"},{"floor":10,"key":"Pear"},{"floor":13,"key":"Darkstone Periapt"},{"floor":23,"key":"Omamori"},{"floor":26,"key":"Bottled Tornado"},{"floor":27,"key":"Girya"},{"floor":28,"key":"Incense Burner"},{"floor":41,"key":"Frozen Egg 2"},{"floor":46,"key":"Whetstone"}],"event_choices":[{"damage_healed":0,"gold_gain":50,"player_choice":"Gained Gold","damage_taken":0,"max_hp_gain":0,"max_hp_loss":0,"event_name":"Golden Wing","floor":4,"gold_loss":0},{"damage_healed":0,"gold_gain":30,"player_choice":"Searched \u00272\u0027 times","damage_taken":0,"max_hp_gain":0,"max_hp_loss":0,"event_name":"Dead Adventurer","floor":13,"gold_loss":0},{"damage_healed":0,"gold_gain":0,"player_choice":"Simplicity","damage_taken":0,"max_hp_gain":0,"max_hp_loss":0,"event_name":"Back to Basics","floor":20,"gold_loss":0,"cards_upgraded":["Strike_R","Strike_R","Strike_R","Strike_R","Strike_R","Defend_R","Defend_R","Defend_R"]},{"damage_healed":0,"gold_gain":200,"player_choice":"Gold","damage_taken":0,"max_hp_gain":0,"max_hp_loss":0,"event_name":"Wheel of Change","floor":21,"gold_loss":0},{"cards_removed":["Strike_R"],"damage_healed":0,"gold_gain":0,"player_choice":"Gave Gold","damage_taken":0,"max_hp_gain":0,"max_hp_loss":0,"event_name":"Beggar","floor":29,"gold_loss":75},{"damage_healed":0,"gold_gain":0,"player_choice":"Obtain J.A.X.","damage_taken":0,"max_hp_gain":0,"max_hp_loss":0,"event_name":"Drug Dealer","floor":30,"gold_loss":0,"cards_obtained":["J.A.X."]},{"damage_healed":0,"gold_gain":0,"player_choice":"Copied","damage_taken":0,"max_hp_gain":0,"max_hp_loss":0,"event_name":"Duplicator","floor":37,"gold_loss":0,"cards_obtained":["Flame Barrier"]},{"damage_healed":0,"gold_gain":0,"player_choice":"Ignored","damage_taken":0,"max_hp_gain":0,"max_hp_loss":0,"event_name":"Mysterious Sphere","floor":45,"gold_loss":0}],"is_beta":false,"boss_relics":[{"not_picked":["Calling Bell","Lizard Tail"],"picked":"Cursed Key"},{"not_picked":["Snecko Eye","Coffee Dripper"],"picked":"Runic Pyramid"}],"items_purged_floors":[36],"is_endless":false,"potions_floor_spawned":[1,6,11,13,14,16,23,24,33,35,38,41,44,46],"ascension_level":9}