{"path_per_floor":["M","?","M","M","$","R","E","R","T","?","E","M","E","M","R","B",null,"M","$","?","?"],"character_chosen":"IRONCLAD","items_purchased":["Pommel Strike"],"gold_per_floor":[113,113,123,138,63,63,91,91,114,144,173,192,218,232,232,337,337,353,229,429,429,429],"floor_reached":22,"campfire_rested":0,"playtime":775,"current_hp_per_floor":[71,55,43,49,49,49,27,27,27,33,15,30,31,37,37,20,80,73,73,73,56,56],"items_purged":["Defend_R","Clothesline"],"gold":429,"score":257,"play_id":"e36a61b2-ae86-4971-bb75-637ed4538bbc","local_time":"20180516023728","is_prod":false,"is_daily":false,"chose_seed":false,"is_ascension_mode":true,"campfire_upgraded":3,"timestamp":1526431048,"path_taken":["M","?","M","M","$","R","E","R","T","?","E","M","E","M","R","BOSS","M","$","?","?","?"],"build_version":"2018-05-10","seed_source_timestamp":176936938689574,"purchased_purges":2,"victory":false,"master_deck":["Bash","Perfected Strike+1","Wild Strike+1","Rage","Perfected Strike+1","Brutality","Offering","Dual Wield+1","Rupture+1","Thunderclap","Pommel Strike","Bite","Bite","Bite","Bite","Bite"],"max_hp_per_floor":[80,80,80,80,80,80,80,80,80,80,80,80,80,80,80,80,80,80,80,80,56,56],"relics":["Burning Blood","Lantern","Pen Nib","Odd Mushroom","Toolbox","Bag of Marbles","Astrolabe"],"card_choices":[{"not_picked":["Thunderclap","Iron Wave"],"picked":"Perfected Strike","floor":1},{"not_picked":["Combust","Iron Wave"],"picked":"Wild Strike","floor":7},{"not_picked":["Cleave","Clothesline"],"picked":"Rage","floor":10},{"not_picked":["Rupture","Second Wind"],"picked":"Perfected Strike","floor":11},{"not_picked":["Uppercut","Heavy Blade"],"picked":"Brutality","floor":13},{"not_picked":["Demon Form","Double Tap"],"picked":"Offering","floor":16},{"not_picked":["Havoc","True Grit"],"picked":"Thunderclap","floor":18}],"player_experience":72432,"potions_floor_usage":[10,12,16],"damage_taken":[{"damage":15,"enemies":"Small Slimes","floor":1,"turns":4},{"damage":18,"enemies":"Jaw Worm","floor":3,"turns":4},{"damage":0,"enemies":"2 Louse","floor":4,"turns":3},{"damage":28,"enemies":"3 Sentries","floor":7,"turns":7},{"damage":0,"enemies":"The Mushroom Lair","floor":10,"turns":2},{"damage":24,"enemies":"Lagavulin","floor":11,"turns":6},{"damage":0,"enemies":"Large Slime","floor":12,"turns":4},{"damage":9,"enemies":"3 Sentries","floor":13,"turns":3},{"damage":0,"enemies":"Exordium Thugs","floor":14,"turns":2},{"damage":23,"enemies":"The Guardian","floor":16,"turns":4},{"damage":13,"enemies":"2 Thieves","floor":18,"turns":3}],"event_choices":[{"event_name":"Shining Light","player_choice":"Entered Light","floor":2,"damage_taken":0},{"event_name":"Mushrooms","player_choice":"Fought Mushrooms","floor":10,"damage_taken":0},{"event_name":"The Joust","player_choice":"Bet on Owner","floor":20,"damage_taken":0},{"event_name":"Vampires","player_choice":"Became a vampire","floor":21,"damage_taken":0}],"boss_relics":[{"not_picked":["Cursed Key","Calling Bell"],"picked":"Astrolabe"}],"potions_floor_spawned":[7,10,12,14,16],"seed_played":"-5668363953034948411","ascension_level":3,"is_trial":false}