{"gold_per_floor":[115,134,150,225,235,261,279,279,279,279,297,326,326,89,89,166,166,186,186,286,286,286,315,335,364,390,423,423,3,3,3,3,80,80,93,93,107,107,119,119],"floor_reached":40,"playtime":1158,"items_purged":[],"score":1004,"play_id":"aaedb192-1c10-4eac-b6e3-8a6adc4559f5","local_time":"20190211020103","is_ascension_mode":true,"campfire_choices":[{"floor":8,"key":"REST"},{"floor":10,"key":"REST"},{"data":"Perfected Strike","floor":13,"key":"SMITH"},{"data":"Perfected Strike","floor":15,"key":"SMITH"},{"floor":28,"key":"REST"},{"floor":32,"key":"REST"}],"neow_cost":"NONE","seed_source_timestamp":369579026251300,"circlet_count":0,"master_deck":["AscendersBane","Strike_R","Strike_R","Strike_R","Strike_R","Strike_R","Defend_R+1","Bash","Pommel Strike","Iron Wave","Headbutt","Thunderclap","Infernal Blade","Infernal Blade","Perfected Strike+1","Perfected Strike+1","Double Tap+1","Perfected Strike+1","RitualDagger","Impervious","Burning Pact+1","Sword Boomerang+1","Sever Soul+1","Pommel Strike","Mayhem+1","Master of Strategy","Havoc+1"],"relics":["Sozu","Bag of Marbles","Letter Opener","Pantograph","HandDrill","Fusion Hammer","Charon\u0027s Ashes","Meat on the Bone","Pear","War Paint","Regal Pillow","The Courier","Gremlin Horn","Bottled Lightning","Astrolabe"],"potions_floor_usage":[],"damage_taken":[{"damage":7,"enemies":"Cultist","floor":1,"turns":4},{"damage":2,"enemies":"Jaw Worm","floor":2,"turns":2},{"damage":0,"enemies":"Small Slimes","floor":3,"turns":2},{"damage":11,"enemies":"Blue Slaver","floor":5,"turns":3},{"damage":25,"enemies":"3 Sentries","floor":6,"turns":8},{"damage":2,"enemies":"2 Fungi Beasts","floor":7,"turns":2},{"damage":2,"enemies":"Exordium Thugs","floor":11,"turns":2},{"damage":1,"enemies":"Gremlin Nob","floor":12,"turns":3},{"damage":0,"enemies":"Slime Boss","floor":16,"turns":5},{"damage":0,"enemies":"Spheric Guardian","floor":18,"turns":2},{"damage":0,"enemies":"Colosseum Slavers","floor":20,"turns":2},{"damage":5,"enemies":"Colosseum Nobs","floor":20,"turns":3},{"damage":32,"enemies":"Slavers","floor":23,"turns":3},{"damage":17,"enemies":"2 Thieves","floor":24,"turns":2},{"damage":25,"enemies":"Book of Stabbing","floor":25,"turns":3},{"damage":7,"enemies":"Gremlin Leader","floor":27,"turns":3},{"damage":39,"enemies":"Champ","floor":33,"turns":7},{"damage":0,"enemies":"3 Darklings","floor":35,"turns":2},{"damage":8,"enemies":"Orb Walker","floor":37,"turns":2},{"damage":28,"enemies":"Sphere and 2 Shapes","floor":39,"turns":1},{"damage":55,"enemies":"Giant Head","floor":40,"turns":5}],"seed_played":"2612969206623870579","potions_obtained":[],"is_trial":false,"path_per_floor":["M","M","M","?","M","E","M","R","T","R","M","E","R","$","R","B",null,"M","?","?","?","?","E","M","E","T","E","R","$","$","?","R","B",null,"M","?","M","?","M","E"],"character_chosen":"IRONCLAD","items_purchased":["Perfected Strike","HandDrill","Gremlin Horn","Bottled Lightning"],"campfire_rested":4,"item_purchase_floors":[14,14,29,29],"current_hp_per_floor":[61,59,59,48,37,12,10,32,32,54,52,51,51,51,51,75,75,75,75,70,49,43,33,28,15,15,20,62,62,62,62,90,51,80,80,70,62,62,46,0],"gold":119,"neow_bonus":"BOSS_RELIC","is_prod":false,"is_daily":false,"chose_seed":false,"campfire_upgraded":2,"win_rate":0,"timestamp":1549846863,"path_taken":["M","?","M","?","M","E","M","R","T","R","M","E","R","$","R","BOSS","M","?","?","?","?","E","?","E","T","E","R","?","$","?","R","BOSS","M","?","M","?","?","E"],"build_version":"2019-01-23","purchased_purges":0,"victory":false,"max_hp_per_floor":[75,75,75,75,75,75,75,75,75,75,75,75,75,75,75,75,75,75,75,75,80,80,90,90,90,90,90,90,90,90,90,90,90,90,90,90,90,90,90,90],"card_choices":[{"not_picked":["Feel No Pain","Flex"],"picked":"Pommel Strike","floor":1},{"not_picked":["Cleave","Headbutt"],"picked":"Iron Wave","floor":2},{"not_picked":["Perfected Strike","Fire Breathing"],"picked":"Headbutt","floor":3},{"not_picked":["Cleave","Armaments"],"picked":"Thunderclap","floor":5},{"not_picked":["Flex","Dark Embrace","Bloodletting"],"picked":"SKIP","floor":6},{"not_picked":["Twin Strike","Pommel Strike"],"picked":"Infernal Blade","floor":7},{"not_picked":["Clash","Cleave"],"picked":"Infernal Blade","floor":11},{"not_picked":["Thunderclap","Disarm"],"picked":"Perfected Strike","floor":12},{"not_picked":["Offering","Feed"],"picked":"Double Tap","floor":16},{"not_picked":["Bloodletting","Twin Strike","Sever Soul+1"],"picked":"SKIP","floor":18},{"not_picked":["Clash","Dual Wield"],"picked":"Perfected Strike+1","floor":20},{"not_picked":["Clash","Sword Boomerang+1","Sever Soul+1"],"picked":"SKIP","floor":23},{"not_picked":["Carnage","Ghostly Armor","Power Through"],"picked":"SKIP","floor":24},{"not_picked":["Inflame","Wild Strike"],"picked":"Impervious","floor":25},{"not_picked":["Twin Strike","Clothesline","Thunderclap"],"picked":"SKIP","floor":27},{"not_picked":["Burning Pact+1","Intimidate+1"],"picked":"Pommel Strike","floor":35},{"not_picked":["Mind Blast","Blind"],"picked":"Mayhem","floor":36},{"not_picked":["Apotheosis","Thinking Ahead"],"picked":"Master of Strategy","floor":36},{"not_picked":["Thunderclap+1","Body Slam"],"picked":"Havoc+1","floor":37},{"not_picked":["Flame Barrier+1","Wild Strike+1","Power Through"],"picked":"SKIP","floor":39}],"player_experience":359372,"relics_obtained":[{"floor":6,"key":"Bag of Marbles"},{"floor":9,"key":"Letter Opener"},{"floor":12,"key":"Pantograph"},{"floor":20,"key":"Charon\u0027s Ashes"},{"floor":20,"key":"Meat on the Bone"},{"floor":23,"key":"Pear"},{"floor":25,"key":"War Paint"},{"floor":26,"key":"Regal Pillow"},{"floor":27,"key":"The Courier"}],"event_choices":[{"damage_healed":0,"gold_gain":75,"player_choice":"Gather Gold","damage_taken":11,"max_hp_gain":0,"max_hp_loss":0,"event_name":"World of Goop","floor":4,"gold_loss":0},{"damage_healed":0,"gold_gain":0,"player_choice":"Ignored","damage_taken":0,"max_hp_gain":0,"max_hp_loss":0,"event_name":"Ghosts","floor":19,"gold_loss":0},{"damage_healed":0,"gold_gain":0,"player_choice":"Fight","damage_taken":0,"max_hp_gain":0,"max_hp_loss":0,"event_name":"Colosseum","floor":20,"gold_loss":0},{"damage_healed":0,"gold_gain":0,"player_choice":"Fought Nobs","damage_taken":0,"max_hp_gain":0,"max_hp_loss":0,"event_name":"Colosseum","floor":20,"gold_loss":0},{"damage_healed":0,"gold_gain":0,"player_choice":"Shed Blood","damage_taken":26,"max_hp_gain":5,"max_hp_loss":0,"event_name":"Forgotten Altar","floor":21,"gold_loss":0},{"damage_healed":0,"gold_gain":0,"player_choice":"Joined the Cult","damage_taken":6,"max_hp_gain":0,"max_hp_loss":0,"event_name":"Nest","floor":22,"gold_loss":0,"cards_obtained":["RitualDagger"]},{"damage_healed":0,"gold_gain":0,"player_choice":"Memory 3","damage_taken":10,"max_hp_gain":0,"max_hp_loss":0,"event_name":"SensoryStone","floor":36,"gold_loss":0},{"damage_healed":0,"gold_gain":0,"player_choice":"Upgraded","damage_taken":0,"max_hp_gain":0,"max_hp_loss":0,"event_name":"Upgrade Shrine","floor":38,"gold_loss":0,"cards_upgraded":["Mayhem"]}],"is_beta":false,"boss_relics":[{"not_picked":["Runic Cube","Ectoplasm"],"picked":"Fusion Hammer"},{"not_picked":["Eternal Feather","Coffee Dripper"],"picked":"Astrolabe"}],"items_purged_floors":[],"is_endless":false,"potions_floor_spawned":[1,6,7,11,16,18,20,37],"killed_by":"Giant Head","ascension_level":20}