{"gold_per_floor":[115,125,50,50,50,79,79,79,102,2,2,2,2,65,65,161,161,148,288,358,368,333,130,142,142,142,176,26,26,40,90,90,191,191,208,275,325,375,200,200,210,210,233,233],"floor_reached":44,"playtime":3368,"items_purged":["Defend_G","Defend_G","Defend_G","Defend_G","Writhe"],"score":422,"play_id":"c566438a-b668-4afd-b16b-339d1f52cee0","local_time":"20190220182432","is_ascension_mode":false,"campfire_choices":[{"data":"Noxious Fumes","floor":8,"key":"SMITH"},{"floor":13,"key":"RECALL"},{"data":"Acrobatics","floor":15,"key":"SMITH"},{"floor":25,"key":"REST"},{"floor":29,"key":"REST"},{"data":"Noxious Fumes","floor":32,"key":"SMITH"},{"data":"Escape Plan","floor":40,"key":"SMITH"},{"data":"Calculated Gamble","floor":42,"key":"SMITH"}],"neow_cost":"PERCENT_DAMAGE","seed_source_timestamp":548534562544230,"circlet_count":0,"master_deck":["Defend_G+1","Strike_G","Strike_G","Survivor","Neutralize","Noxious Fumes+1","Escape Plan+1","Acrobatics+1","Adrenaline+1","Calculated Gamble+1","Noxious Fumes+1","Backflip+1"],"relics":["Ring of the Snake","Pen Nib","SsserpentHead","Velvet Choker","War Paint","Gremlin Horn","Vajra","Philosopher\u0027s Stone","Matryoshka","Ornamental Fan","Boot"],"potions_floor_usage":[20,27,30,33,33],"damage_taken":[{"damage":2,"enemies":"Cultist","floor":1,"turns":6},{"damage":0,"enemies":"2 Louse","floor":2,"turns":3},{"damage":20,"enemies":"Lagavulin","floor":6,"turns":13},{"damage":0,"enemies":"Small Slimes","floor":14,"turns":3},{"damage":11,"enemies":"The Guardian","floor":16,"turns":13},{"damage":14,"enemies":"2 Thieves","floor":18,"turns":5},{"damage":2,"enemies":"Spheric Guardian","floor":20,"turns":6},{"damage":3,"enemies":"Centurion and Healer","floor":21,"turns":9},{"damage":8,"enemies":"Sentry and Sphere","floor":24,"turns":6},{"damage":3,"enemies":"Gremlin Leader","floor":27,"turns":7},{"damage":16,"enemies":"Chosen and Byrds","floor":30,"turns":7},{"damage":51,"enemies":"Collector","floor":33,"turns":10},{"damage":9,"enemies":"3 Shapes","floor":35,"turns":5},{"damage":13,"enemies":"Orb Walker","floor":36,"turns":5},{"damage":12,"enemies":"Maw","floor":41,"turns":10},{"damage":61,"enemies":"Giant Head","floor":44,"turns":12}],"seed_played":"-5636748720704345656","potions_obtained":[{"floor":6,"key":"GhostInAJar"},{"floor":16,"key":"Dexterity Potion"},{"floor":18,"key":"AttackPotion"},{"floor":24,"key":"Weak Potion"},{"floor":27,"key":"LiquidBronze"},{"floor":35,"key":"Ancient Potion"}],"is_trial":false,"path_per_floor":["M","M","$","?","?","E","?","R","T","$","?","?","R","M","R","B",null,"M","?","M","M","?","$","M","R","T","E","$","R","M","$","R","B",null,"M","M","?","T","$","R","M","R","T","E"],"character_chosen":"THE_SILENT","items_purchased":["Noxious Fumes"],"campfire_rested":2,"item_purchase_floors":[23],"current_hp_per_floor":[47,47,47,47,47,27,50,50,50,50,50,50,50,50,50,39,70,56,42,40,37,37,37,29,50,50,47,47,68,52,52,52,1,70,61,48,66,66,66,66,54,54,54,0],"gold":233,"neow_bonus":"REMOVE_TWO","is_prod":false,"is_daily":false,"chose_seed":false,"campfire_upgraded":5,"win_rate":0,"timestamp":1550654672,"path_taken":["M","M","$","?","?","E","?","R","T","$","?","?","R","?","R","BOSS","M","?","?","M","?","$","M","R","T","E","$","R","M","?","R","BOSS","M","?","?","?","$","R","M","R","T","E"],"build_version":"2019-01-23","purchased_purges":5,"victory":false,"max_hp_per_floor":[70,70,70,70,70,70,70,70,70,70,70,70,70,70,70,70,70,70,70,70,70,70,70,70,70,70,70,70,70,70,70,70,70,70,70,70,70,70,70,70,70,70,70,70],"card_choices":[{"not_picked":["Slice","Skewer"],"picked":"Noxious Fumes","floor":1},{"not_picked":["Calculated Gamble","Well Laid Plans"],"picked":"Escape Plan","floor":2},{"not_picked":["Endless Agony","Grand Finale"],"picked":"Acrobatics","floor":6},{"not_picked":["Tactician","Predator","Dagger Spray"],"picked":"SKIP","floor":14},{"not_picked":["A Thousand Cuts","Unload"],"picked":"Adrenaline","floor":16},{"not_picked":["Prepared","Slice+1"],"picked":"Calculated Gamble","floor":18},{"not_picked":["Bane","Underhanded Strike","Deflect"],"picked":"SKIP","floor":20},{"not_picked":["Finisher","Deflect","Dash"],"picked":"SKIP","floor":21},{"not_picked":["Endless Agony","Sucker Punch","Doppelganger"],"picked":"SKIP","floor":24},{"not_picked":["PiercingWail+1","Dodge and Roll","Bouncing Flask+1"],"picked":"SKIP","floor":27},{"not_picked":["Dagger Spray","Deadly Poison","Dash"],"picked":"SKIP","floor":30},{"not_picked":["Outmaneuver","Cloak And Dagger"],"picked":"Backflip+1","floor":35},{"not_picked":["Slice","PiercingWail","Infinite Blades"],"picked":"SKIP","floor":36},{"not_picked":["Dodge and Roll+1","Reflex","Flechettes+1"],"picked":"SKIP","floor":41}],"player_experience":160176,"relics_obtained":[{"floor":6,"key":"Pen Nib"},{"floor":26,"key":"Gremlin Horn"},{"floor":27,"key":"Vajra"},{"floor":38,"key":"Matryoshka"},{"floor":43,"key":"Ornamental Fan"},{"floor":43,"key":"Boot"}],"event_choices":[{"cards_removed":["Strike_G"],"damage_healed":0,"gold_gain":0,"player_choice":"Forget","damage_taken":0,"max_hp_gain":0,"max_hp_loss":0,"event_name":"Living Wall","floor":4,"gold_loss":0},{"damage_healed":0,"gold_gain":0,"player_choice":"Ignored","damage_taken":0,"max_hp_gain":0,"max_hp_loss":0,"event_name":"Shining Light","floor":5,"gold_loss":0},{"damage_healed":23,"gold_gain":0,"player_choice":"Banana","damage_taken":0,"max_hp_gain":0,"max_hp_loss":0,"event_name":"Big Fish","floor":7,"gold_loss":0},{"damage_healed":0,"gold_gain":0,"player_choice":"Fled","damage_taken":0,"max_hp_gain":0,"max_hp_loss":0,"event_name":"Scrap Ooze","floor":11,"gold_loss":0},{"damage_healed":0,"gold_gain":0,"player_choice":"Trade","damage_taken":0,"relics_obtained":["SsserpentHead"],"max_hp_gain":0,"max_hp_loss":0,"event_name":"FaceTrader","floor":12,"gold_loss":0},{"damage_healed":0,"gold_gain":90,"player_choice":"GOLD ","damage_taken":14,"max_hp_gain":0,"max_hp_loss":0,"event_name":"Knowing Skull","floor":19,"potions_obtained":[],"gold_loss":0,"cards_obtained":[]},{"damage_healed":0,"gold_gain":0,"player_choice":"Obtained Relic","damage_taken":0,"relics_obtained":["War Paint"],"max_hp_gain":0,"max_hp_loss":0,"event_name":"Addict","floor":22,"gold_loss":85},{"damage_healed":18,"gold_gain":0,"player_choice":"Writhe","damage_taken":0,"max_hp_gain":0,"max_hp_loss":0,"event_name":"Winding Halls","floor":37,"gold_loss":0,"cards_obtained":["Writhe"]}],"is_beta":false,"boss_relics":[{"not_picked":["Pandora\u0027s Box","Ring of the Serpent"],"picked":"Velvet Choker"},{"not_picked":["Calling Bell","White Beast Statue"],"picked":"Philosopher\u0027s Stone"}],"items_purged_floors":[3,10,23,28,39],"is_endless":false,"potions_floor_spawned":[6,16,18,24,27,35],"killed_by":"Giant Head","ascension_level":0}