{"gold_per_floor":[117,117,117,130,148,191,291,322,322,342,342],"floor_reached":11,"playtime":372,"items_purged":[],"score":91,"play_id":"98bd8e2a-2f9a-49a5-8c50-f6ecc68fa9ba","local_time":"20181008221253","is_ascension_mode":true,"campfire_choices":[],"neow_cost":"","seed_source_timestamp":1335468957497069,"circlet_count":0,"master_deck":["Strike_B","Strike_B","Strike_B","Strike_B","Defend_B","Defend_B","Defend_B","Defend_B","Zap","Dualcast","Sunder","Loop","Defragment","Static Discharge"],"relics":["Cracked Core","Golden Idol","Pear","Letter Opener","Bottled Lightning"],"potions_floor_usage":[],"damage_taken":[{"damage":0,"enemies":"2 Louse","floor":1,"turns":2},{"damage":7,"enemies":"Jaw Worm","floor":4,"turns":3},{"damage":1,"enemies":"Cultist","floor":5,"turns":3},{"damage":18,"enemies":"Gremlin Nob","floor":6,"turns":4},{"damage":29,"enemies":"3 Sentries","floor":8,"turns":8},{"damage":7,"enemies":"Looter","floor":10,"turns":3},{"damage":6,"enemies":"2 Fungi Beasts","floor":11,"turns":2}],"seed_played":"-2034055414650557149","potions_obtained":[{"floor":10,"key":"Ancient Potion"}],"is_trial":false,"path_per_floor":["M","?","?","M","M","E","?","E","T","M"],"character_chosen":"DEFECT","items_purchased":[],"campfire_rested":0,"item_purchase_floors":[],"current_hp_per_floor":[75,75,57,50,49,41,41,12,12,5,0],"gold":342,"neow_bonus":"","is_prod":false,"is_daily":false,"chose_seed":false,"campfire_upgraded":0,"win_rate":0,"timestamp":1539029573,"path_taken":["M","?","?","M","M","E","?","E","T","M","?"],"build_version":"2018-10-04v2","purchased_purges":0,"victory":false,"max_hp_per_floor":[75,75,75,75,75,85,85,85,85,85,85],"card_choices":[{"not_picked":["Stack","Conserve Battery","Go for the Eyes"],"picked":"SKIP","floor":1},{"not_picked":["Leap","Conserve Battery"],"picked":"Sunder","floor":4},{"not_picked":["Blizzard","Seek"],"picked":"Loop","floor":5},{"not_picked":["Loop","Cold Snap"],"picked":"Defragment","floor":6},{"not_picked":["Glacier","Stack","Gash"],"picked":"SKIP","floor":8},{"not_picked":["Rebound","Compile Driver"],"picked":"Static Discharge","floor":10}],"player_experience":231080,"relics_obtained":[{"floor":6,"key":"Pear"},{"floor":8,"key":"Letter Opener"},{"floor":9,"key":"Bottled Lightning"}],"event_choices":[{"event_name":"Liars Game","player_choice":"disagreed","floor":2,"damage_taken":0},{"event_name":"Golden Idol","player_choice":"Take Damage","floor":3,"damage_taken":0},{"event_name":"Golden Shrine","player_choice":"Pray","floor":7,"damage_taken":0}],"is_beta":false,"boss_relics":[],"items_purged_floors":[],"is_endless":false,"potions_floor_spawned":[10],"killed_by":"2 Fungi Beasts","ascension_level":2}