{"gold_per_floor":[361,361,384,50,71,71,71,110,110,144,144,159,202,227,227,348,348,366,366,153,178,49,49,49,82,109,109,143,88,101,120,120,250,250,269,51,70,94,118,118,162,177,254,289,289,330,354,370,370,370],"floor_reached":51,"playtime":2940,"items_purged":["Shame","Strike_R","Strike_R"],"score":1557,"play_id":"c48cb906-4111-4c1b-927b-c394d9024894","local_time":"20190128071546","is_ascension_mode":true,"campfire_choices":[{"data":"Inflame","floor":7,"key":"SMITH"},{"floor":11,"key":"REST"},{"data":"Feed","floor":15,"key":"SMITH"},{"floor":23,"key":"REST"},{"floor":32,"key":"REST"},{"floor":40,"key":"REST"},{"floor":45,"key":"REST"},{"floor":49,"key":"REST"}],"neow_cost":"CURSE","seed_source_timestamp":370317381047600,"circlet_count":0,"master_deck":["AscendersBane","Strike_R","Strike_R","Defend_R","Defend_R","Defend_R","Bash","Clothesline","Inflame+1","Twin Strike","Iron Wave","Thunderclap","Feed+1","True Grit","Headbutt","Exhume","Master of Strategy","Feel No Pain+1","Ghostly","Ghostly","Ghostly","Ghostly","Ghostly","Inflame+1","Pommel Strike","Juggernaut+1","Body Slam+1","Metallicize+1","Pummel","Heavy Blade","Exhume","Fire Breathing+1","Flame Barrier","Corruption+1","Demon Form+1","Warcry+1","Whirlwind"],"relics":["Burning Blood","Golden Idol","Red Skull","Bottled Tornado","The Courier","Incense Burner","Frozen Egg 2","Orichalcum","Fusion Hammer","Mummified Hand","Bag of Preparation","Potion Belt","Sozu","HandDrill","Regal Pillow","Darkstone Periapt","Dream Catcher","Smiling Mask"],"potions_floor_usage":[8,13,16,33],"damage_taken":[{"damage":8,"enemies":"Small Slimes","floor":1,"turns":5},{"damage":15,"enemies":"Jaw Worm","floor":3,"turns":5},{"damage":0,"enemies":"Cultist","floor":5,"turns":3},{"damage":13,"enemies":"Lagavulin","floor":8,"turns":6},{"damage":23,"enemies":"Gremlin Nob","floor":10,"turns":4},{"damage":6,"enemies":"3 Louse","floor":12,"turns":3},{"damage":13,"enemies":"3 Sentries","floor":13,"turns":5},{"damage":17,"enemies":"Hexaghost","floor":16,"turns":7},{"damage":36,"enemies":"Shell Parasite","floor":18,"turns":8},{"damage":33,"enemies":"Spheric Guardian","floor":21,"turns":6},{"damage":1,"enemies":"Book of Stabbing","floor":25,"turns":7},{"damage":0,"enemies":"Slavers","floor":28,"turns":7},{"damage":45,"enemies":"Cultist and Chosen","floor":30,"turns":10},{"damage":0,"enemies":"Chosen and Byrds","floor":31,"turns":7},{"damage":42,"enemies":"Collector","floor":33,"turns":10},{"damage":0,"enemies":"3 Shapes","floor":35,"turns":4},{"damage":24,"enemies":"3 Darklings","floor":37,"turns":5},{"damage":0,"enemies":"Transient","floor":38,"turns":5},{"damage":0,"enemies":"Sphere and 2 Shapes","floor":39,"turns":3},{"damage":0,"enemies":"Nemesis","floor":41,"turns":7},{"damage":0,"enemies":"3 Darklings","floor":42,"turns":5},{"damage":0,"enemies":"Reptomancer","floor":44,"turns":6},{"damage":0,"enemies":"Nemesis","floor":46,"turns":5},{"damage":3,"enemies":"4 Shapes","floor":47,"turns":8},{"damage":0,"enemies":"Jaw Worm Horde","floor":48,"turns":3},{"damage":0,"enemies":"Donu and Deca","floor":50,"turns":7}],"seed_played":"7779665727865333202","potions_obtained":[{"floor":1,"key":"Block Potion"},{"floor":5,"key":"AttackPotion"},{"floor":8,"key":"SteroidPotion"},{"floor":21,"key":"Dexterity Potion"},{"floor":25,"key":"SpeedPotion"},{"floor":31,"key":"Weak Potion"},{"floor":33,"key":"EntropicBrew"}],"is_trial":false,"path_per_floor":["M","?","M","$","M","?","R","E","T","E","R","M","E","T","R","B",null,"M","?","$","M","$","R","?","E","T","?","E","$","M","M","R","B",null,"M","$","M","M","M","R","E","M","T","E","R","E","M","M","R","B",null],"character_chosen":"IRONCLAD","items_purchased":["Red Skull","Twin Strike","Block Potion","Master of Strategy","Feel No Pain+1","Inflame+1","HandDrill","Metallicize+1"],"campfire_rested":6,"item_purchase_floors":[4,4,4,20,22,29,36,36],"current_hp_per_floor":[70,50,41,41,47,47,47,40,40,23,47,50,46,46,46,39,77,51,42,42,19,19,48,48,53,53,53,57,57,26,40,61,29,65,75,75,57,63,77,89,89,89,89,93,93,93,105,105,105,105],"gold":370,"neow_bonus":"TWO_FIFTY_GOLD","is_prod":false,"is_daily":false,"chose_seed":false,"campfire_upgraded":2,"win_rate":0,"timestamp":1548656146,"path_taken":["M","?","M","$","M","?","R","E","T","E","R","M","E","?","R","BOSS","M","?","?","M","$","R","?","E","T","?","E","$","?","M","R","BOSS","M","$","M","M","?","R","E","M","T","E","R","E","M","M","R","BOSS"],"build_version":"2019-01-23","purchased_purges":3,"victory":true,"max_hp_per_floor":[80,80,80,80,80,80,80,80,80,80,80,83,86,86,86,90,90,94,94,94,98,98,98,49,53,53,53,57,57,65,73,73,77,77,81,81,81,81,89,89,89,89,89,93,93,93,105,105,105,105],"card_choices":[{"not_picked":["Pommel Strike","Clash"],"picked":"Clothesline","floor":1},{"not_picked":["Iron Wave","Seeing Red"],"picked":"Inflame","floor":3},{"not_picked":["Armaments","Second Wind"],"picked":"Iron Wave","floor":5},{"not_picked":["Twin Strike","Combust"],"picked":"Thunderclap","floor":8},{"not_picked":["Anger","Perfected Strike"],"picked":"Feed","floor":10},{"not_picked":["Sword Boomerang","Twin Strike"],"picked":"True Grit","floor":12},{"not_picked":["Shrug It Off","Iron Wave"],"picked":"Headbutt","floor":13},{"not_picked":["Immolate","Berserk+1"],"picked":"Exhume","floor":16},{"not_picked":["Shrug It Off","Pommel Strike","Warcry"],"picked":"SKIP","floor":18},{"not_picked":["Dropkick","Sword Boomerang","Second Wind"],"picked":"SKIP","floor":21},{"not_picked":["Wild Strike","Heavy Blade","Combust+1"],"picked":"SKIP","floor":25},{"not_picked":["Hemokinesis","Combust+1","Flex"],"picked":"SKIP","floor":28},{"not_picked":["Sword Boomerang","Seeing Red","Power Through"],"picked":"SKIP","floor":30},{"not_picked":["Perfected Strike","Rage"],"picked":"Pommel Strike","floor":31},{"not_picked":["Bludgeon","Dark Embrace+1"],"picked":"Juggernaut+1","floor":33},{"not_picked":["Armaments","Evolve+1"],"picked":"Body Slam+1","floor":35},{"not_picked":["Rupture+1","Twin Strike+1"],"picked":"Pummel","floor":37},{"not_picked":["Body Slam","Cleave"],"picked":"Heavy Blade","floor":38},{"not_picked":["Clash","Heavy Blade","Warcry"],"picked":"SKIP","floor":39},{"not_picked":["True Grit+1","Armaments+1"],"picked":"Exhume","floor":41},{"not_picked":["Heavy Blade+1","Disarm"],"picked":"Fire Breathing+1","floor":42},{"not_picked":["Cleave","Carnage+1"],"picked":"Flame Barrier","floor":44},{"not_picked":["Clothesline","Rupture+1"],"picked":"Corruption+1","floor":45},{"not_picked":["Headbutt","Shockwave"],"picked":"Demon Form+1","floor":46},{"not_picked":["Headbutt","Havoc+1","Thunderclap"],"picked":"SKIP","floor":47},{"not_picked":["Heavy Blade+1","Thunderclap"],"picked":"Warcry+1","floor":48},{"not_picked":["Warcry+1","Havoc"],"picked":"Whirlwind","floor":49}],"player_experience":259869,"relics_obtained":[{"floor":8,"key":"Bottled Tornado"},{"floor":9,"key":"The Courier"},{"floor":10,"key":"Incense Burner"},{"floor":13,"key":"Frozen Egg 2"},{"floor":14,"key":"Orichalcum"},{"floor":25,"key":"Mummified Hand"},{"floor":26,"key":"Bag of Preparation"},{"floor":28,"key":"Potion Belt"},{"floor":41,"key":"Regal Pillow"},{"floor":43,"key":"Darkstone Periapt"},{"floor":44,"key":"Dream Catcher"},{"floor":46,"key":"Smiling Mask"}],"event_choices":[{"damage_healed":0,"gold_gain":0,"player_choice":"Take Damage","damage_taken":20,"relics_obtained":["Golden Idol"],"max_hp_gain":0,"max_hp_loss":0,"event_name":"Golden Idol","floor":2,"gold_loss":0},{"cards_removed":["Strike_R"],"damage_healed":0,"gold_gain":0,"player_choice":"Forget","damage_taken":0,"max_hp_gain":0,"max_hp_loss":0,"event_name":"Living Wall","floor":6,"gold_loss":0},{"damage_healed":0,"gold_gain":0,"player_choice":"Damaged","damage_taken":9,"max_hp_gain":0,"max_hp_loss":0,"event_name":"Wheel of Change","floor":19,"gold_loss":0},{"damage_healed":0,"gold_gain":0,"player_choice":"Became a Ghost","damage_taken":0,"max_hp_gain":0,"max_hp_loss":49,"event_name":"Ghosts","floor":24,"gold_loss":0,"cards_obtained":["Ghostly","Ghostly","Ghostly","Ghostly","Ghostly"]},{"cards_removed":["Defend_R"],"damage_healed":0,"gold_gain":0,"player_choice":"Purged","damage_taken":0,"max_hp_gain":0,"max_hp_loss":0,"event_name":"Purifier","floor":27,"gold_loss":0}],"is_beta":false,"boss_relics":[{"not_picked":["Runic Cube","Velvet Choker"],"picked":"Fusion Hammer"},{"not_picked":["Runic Pyramid","Calling Bell"],"picked":"Sozu"}],"items_purged_floors":[4,20,22],"is_endless":false,"potions_floor_spawned":[1,5,8,21,25,31,33,37,42,44,46,47,48],"ascension_level":12}