{"gold_per_floor":[119,194,29,41,41,41,216,234,234,234,252,252,271,314,314,442,442,465,481,303,303,318,318,336,336,336,370,11,11],"floor_reached":29,"playtime":1454,"items_purged":["Doubt","Injury"],"score":243,"play_id":"5d863ee1-084b-467c-9997-380d172894a8","local_time":"20181013171010","is_ascension_mode":false,"campfire_choices":[{"data":"Zap","floor":6,"key":"SMITH"},{"data":"Bandage Up","floor":10,"key":"SMITH"},{"data":"Double Energy","floor":12,"key":"SMITH"},{"floor":15,"key":"REST"},{"data":"Sunder","floor":23,"key":"SMITH"},{"floor":25,"key":"REST"}],"neow_cost":"NONE","seed_source_timestamp":672182940820168,"circlet_count":0,"master_deck":["Strike_B","Strike_B","Strike_B","Strike_B","Defend_B","Defend_B","Defend_B","Defend_B","Zap+1","Dualcast","Multi-Cast","Gash","Bandage Up+1","FTL","Double Energy+1","Lockon","Coolheaded","Static Discharge","Self Repair","Core Surge","Double Energy","Leap+1","Sunder+1","Hello World","Gash+1","Gash","Stack"],"relics":["Cracked Core","Golden Idol","Sundial","Ornamental Fan","White Beast Statue","Cables","Bottled Lightning","Letter Opener","Mercury Hourglass"],"potions_floor_usage":[19,24,27,27,29],"damage_taken":[{"damage":1,"enemies":"Jaw Worm","floor":1,"turns":3},{"damage":7,"enemies":"Small Slimes","floor":4,"turns":2},{"damage":0,"enemies":"Cultist","floor":8,"turns":2},{"damage":9,"enemies":"2 Fungi Beasts","floor":11,"turns":3},{"damage":0,"enemies":"Exordium Thugs","floor":13,"turns":2},{"damage":40,"enemies":"3 Sentries","floor":14,"turns":8},{"damage":42,"enemies":"Hexaghost","floor":16,"turns":10},{"damage":34,"enemies":"Spheric Guardian","floor":18,"turns":5},{"damage":9,"enemies":"3 Byrds","floor":19,"turns":2},{"damage":32,"enemies":"Centurion and Healer","floor":22,"turns":6},{"damage":19,"enemies":"Snake Plant","floor":24,"turns":5},{"damage":53,"enemies":"Gremlin Leader","floor":27,"turns":6},{"damage":12,"enemies":"Sentry and Sphere","floor":29,"turns":3}],"seed_played":"4784706031568325258","potions_obtained":[{"floor":8,"key":"Dexterity Potion"},{"floor":14,"key":"Swift Potion"},{"floor":16,"key":"Weak Potion"},{"floor":18,"key":"LiquidBronze"},{"floor":19,"key":"SpeedPotion"},{"floor":22,"key":"FearPotion"},{"floor":24,"key":"SneckoOil"},{"floor":27,"key":"EssenceOfSteel"}],"is_trial":false,"path_per_floor":["M","?","$","M","?","R","?","M","T","R","M","R","M","E","R","B",null,"M","M","$","?","M","R","M","R","T","E","$"],"character_chosen":"DEFECT","items_purchased":["Bandage Up","FTL","Sunder","Hello World","Mercury Hourglass"],"campfire_rested":2,"item_purchase_floors":[3,3,20,20,28],"current_hp_per_floor":[74,63,63,56,56,56,56,56,56,56,53,53,59,25,47,18,75,48,52,52,52,33,33,27,49,49,2,2,0],"gold":11,"neow_bonus":"ONE_RANDOM_RARE_CARD","is_prod":false,"is_daily":false,"chose_seed":false,"campfire_upgraded":4,"win_rate":0,"timestamp":1539418210,"path_taken":["M","?","?","M","?","R","?","M","T","R","?","R","?","E","R","BOSS","M","M","$","?","M","R","M","R","T","E","$","?"],"build_version":"2018-10-11","purchased_purges":2,"victory":false,"max_hp_per_floor":[75,75,75,75,75,75,75,75,75,75,75,75,75,75,75,75,75,75,75,75,75,75,75,75,75,75,75,75,75],"card_choices":[{"not_picked":["Double Energy","Barrage"],"picked":"Gash","floor":1},{"not_picked":["Go for the Eyes","White Noise"],"picked":"Double Energy","floor":4},{"not_picked":["Doom and Gloom","Storm"],"picked":"Lockon","floor":8},{"not_picked":["Steam","Force Field"],"picked":"Coolheaded","floor":11},{"not_picked":["Chill","Steam"],"picked":"Static Discharge","floor":13},{"not_picked":["Coolheaded","Cold Snap"],"picked":"Self Repair","floor":14},{"not_picked":["Amplify","Creative AI"],"picked":"Core Surge","floor":16},{"not_picked":["Static Discharge","Cold Snap"],"picked":"Double Energy","floor":18},{"not_picked":["Conserve Battery","Storm"],"picked":"Leap+1","floor":19},{"not_picked":["Redo","Compile Driver+1"],"picked":"Gash+1","floor":22},{"not_picked":["Sweeping Beam","Leap+1"],"picked":"Gash","floor":24},{"not_picked":["Echo Form","Recycle"],"picked":"Stack","floor":27}],"player_experience":68622,"relics_obtained":[{"floor":9,"key":"Sundial"},{"floor":14,"key":"Ornamental Fan"},{"floor":26,"key":"Bottled Lightning"},{"floor":27,"key":"Letter Opener"}],"event_choices":[{"event_name":"World of Goop","player_choice":"Gather Gold","floor":2,"damage_taken":0},{"event_name":"Golden Idol","player_choice":"Take Wound","floor":5,"damage_taken":0},{"event_name":"Liars Game","player_choice":"agreed","floor":7,"damage_taken":0},{"event_name":"WeMeetAgain","player_choice":"Potion","floor":21,"damage_taken":0}],"is_beta":false,"boss_relics":[{"not_picked":["Busted Crown","Eternal Feather"],"picked":"White Beast Statue"}],"items_purged_floors":[20,28],"is_endless":false,"potions_floor_spawned":[8,14,16,18,19,22,24,27],"killed_by":"Sentry and Sphere","ascension_level":0}