{"path_per_floor":["M","?","?","?","?","R","E","R","T","$","M","M","R","M","R","B",null,"M","?","M","$","M","R"],"character_chosen":"IRONCLAD","items_purchased":["Dropkick"],"gold_per_floor":[18,18,18,18,93,93,129,129,129,54,77,90,90,111,111,237,237,251,251,265,97,121,121,121],"floor_reached":24,"campfire_rested":1,"playtime":760,"current_hp_per_floor":[73,73,73,73,62,62,56,56,56,56,57,65,65,43,43,20,61,43,43,18,18,7,31,0],"items_purged":["Strike_R","Strike_R"],"gold":121,"score":262,"play_id":"4b617942-f6ff-4df6-9b8d-f7e26217d3ca","local_time":"20180519165713","is_prod":false,"is_daily":false,"chose_seed":false,"is_ascension_mode":true,"campfire_upgraded":4,"timestamp":1526741833,"campfire_choices":[{"data":"Bash","floor":6,"key":"SMITH"},{"data":"Strike_R","floor":8,"key":"SMITH"},{"data":"Pommel Strike","floor":13,"key":"SMITH"},{"data":"Dropkick","floor":15,"key":"SMITH"},{"floor":23,"key":"REST"}],"path_taken":["M","?","?","?","?","R","E","R","T","$","M","M","R","M","R","BOSS","M","?","M","$","M","R","M"],"build_version":"2018-05-17","seed_source_timestamp":487745251642632,"purchased_purges":2,"victory":false,"master_deck":["Strike_R","Strike_R","Strike_R+1","Defend_R","Defend_R","Defend_R","Bash+1","Pommel Strike+1","Dropkick+1","Feed","True Grit","Dropkick","Pommel Strike+1"],"max_hp_per_floor":[80,80,80,74,74,74,74,74,74,74,74,74,74,74,74,74,74,77,77,77,77,80,80,80],"relics":["Burning Blood","Sundial","Golden Idol","Blood Vial","Pantograph","Black Star"],"card_choices":[{"not_picked":["Combust","Cleave","Armaments"],"picked":"SKIP","floor":1},{"not_picked":["Bloodletting","Flex","Warcry"],"picked":"SKIP","floor":7},{"not_picked":["Shrug It Off","Twin Strike"],"picked":"Pommel Strike","floor":11},{"not_picked":["Thunderclap","Dark Embrace","Entrench"],"picked":"SKIP","floor":12},{"not_picked":["Second Wind","Flex"],"picked":"Dropkick","floor":14},{"not_picked":["Brutality","Barricade"],"picked":"Feed","floor":16},{"not_picked":["Twin Strike","Intimidate","Heavy Blade"],"picked":"SKIP","floor":18},{"not_picked":["Thunderclap","Headbutt","Sword Boomerang"],"picked":"SKIP","floor":20},{"not_picked":["Body Slam","Shrug It Off+1"],"picked":"Pommel Strike+1","floor":22}],"player_experience":110596,"potions_floor_usage":[7,24],"damage_taken":[{"damage":5,"enemies":"2 Louse","floor":1,"turns":4},{"damage":12,"enemies":"Gremlin Nob","floor":7,"turns":3},{"damage":7,"enemies":"Small Slimes","floor":11,"turns":3},{"damage":0,"enemies":"Cultist","floor":12,"turns":2},{"damage":30,"enemies":"Large Slime","floor":14,"turns":5},{"damage":56,"enemies":"The Guardian","floor":16,"turns":9},{"damage":29,"enemies":"3 Byrds","floor":18,"turns":5},{"damage":33,"enemies":"2 Thieves","floor":20,"turns":4},{"damage":22,"enemies":"Centurion and Healer","floor":22,"turns":4},{"damage":40,"enemies":"Snake Plant","floor":24,"turns":4}],"relics_obtained":[{"floor":7,"key":"Blood Vial"},{"floor":9,"key":"Pantograph"}],"event_choices":[{"event_name":"The Cleric","player_choice":"Leave","floor":2,"damage_taken":0},{"event_name":"Living Wall","player_choice":"Forget","floor":3,"damage_taken":0},{"event_name":"Golden Idol","player_choice":"Lose Max HP","floor":4,"damage_taken":0},{"event_name":"World of Goop","player_choice":"Gather Gold","floor":5,"damage_taken":0},{"event_name":"Match and Keep!","player_choice":"1 cards matched","floor":19,"damage_taken":0}],"boss_relics":[{"not_picked":["Snecko Eye","Runic Pyramid"],"picked":"Black Star"}],"potions_floor_spawned":[1,18],"seed_played":"5397901680970311987","killed_by":"Snake Plant","ascension_level":7,"potions_obtained":[{"floor":1,"key":"Weak Potion"},{"floor":18,"key":"Energy Potion"}],"is_trial":false}