{"gold_per_floor":[118,118,32,32,43,43,69,69,95,245,245,245,67,67],"floor_reached":14,"playtime":455,"items_purged":["Pain"],"score":168,"play_id":"1346c049-38a6-461e-8bab-8c372df95bd8","local_time":"20190219091845","is_ascension_mode":true,"campfire_choices":[{"data":"Well Laid Plans","floor":8,"key":"SMITH"},{"data":"Adrenaline","floor":11,"key":"SMITH"}],"neow_cost":"TEN_PERCENT_HP_LOSS","seed_source_timestamp":507652665601400,"circlet_count":0,"master_deck":["AscendersBane","Defend_G","Defend_G","Defend_G","Defend_G","Defend_G","Strike_G","Strike_G","Strike_G","Strike_G","Strike_G","Survivor","Neutralize","Madness","Forethought","Noxious Fumes","Well Laid Plans+1","Cloak And Dagger","Adrenaline+1","Doubt","Accuracy","After Image","Discovery"],"relics":["Ring of the Snake","NlothsMask","WarpedTongs","Bottled Tornado"],"potions_floor_usage":[],"damage_taken":[{"damage":8,"enemies":"Small Slimes","floor":1,"turns":5},{"damage":8,"enemies":"Cultist","floor":5,"turns":5},{"damage":22,"enemies":"3 Sentries","floor":7,"turns":7},{"damage":64,"enemies":"Gremlin Nob","floor":14,"turns":4}],"seed_played":"-874560327475990916","potions_obtained":[],"is_trial":false,"path_per_floor":["M","?","$","?","M","?","E","R","T","?","R","?","$","E"],"character_chosen":"THE_SILENT","items_purchased":["Well Laid Plans","Discovery"],"campfire_rested":0,"item_purchase_floors":[3,13],"current_hp_per_floor":[51,51,51,51,43,43,21,21,21,21,21,21,21,0],"gold":67,"neow_bonus":"RANDOM_COLORLESS_2","is_prod":false,"is_daily":false,"chose_seed":false,"campfire_upgraded":2,"win_rate":0,"timestamp":1550564325,"path_taken":["M","?","?","?","?","?","E","R","T","?","R","?","$","E"],"build_version":"2019-01-23","purchased_purges":1,"victory":false,"max_hp_per_floor":[60,60,60,60,60,60,60,60,60,60,60,60,60,60],"card_choices":[{"not_picked":["Footwork","Underhanded Strike"],"picked":"Noxious Fumes","floor":1},{"not_picked":["Slice","Underhanded Strike"],"picked":"Cloak And Dagger","floor":5},{"not_picked":["Bouncing Flask","Catalyst"],"picked":"Adrenaline","floor":7}],"player_experience":511875,"relics_obtained":[{"floor":7,"key":"Bottled Tornado"}],"event_choices":[{"damage_healed":0,"gold_gain":0,"player_choice":"Trade","damage_taken":0,"relics_obtained":["NlothsMask"],"max_hp_gain":0,"max_hp_loss":0,"event_name":"FaceTrader","floor":2,"gold_loss":0},{"damage_healed":0,"gold_gain":0,"player_choice":"Rummage","damage_taken":0,"relics_obtained":["WarpedTongs"],"max_hp_gain":0,"max_hp_loss":0,"event_name":"Accursed Blacksmith","floor":4,"gold_loss":0,"cards_obtained":["Pain"]},{"damage_healed":0,"gold_gain":0,"player_choice":"Leave","damage_taken":0,"max_hp_gain":0,"max_hp_loss":0,"event_name":"The Cleric","floor":6,"gold_loss":0},{"damage_healed":0,"gold_gain":150,"player_choice":"AGREE","damage_taken":0,"max_hp_gain":0,"max_hp_loss":0,"event_name":"Liars Game","floor":10,"gold_loss":0,"cards_obtained":["Doubt"]},{"damage_healed":0,"gold_gain":0,"player_choice":"2 cards matched","damage_taken":0,"max_hp_gain":0,"max_hp_loss":0,"event_name":"Match and Keep!","floor":12,"gold_loss":0,"cards_obtained":["Accuracy","After Image"]}],"is_beta":false,"boss_relics":[],"items_purged_floors":[13],"is_endless":false,"potions_floor_spawned":[],"killed_by":"Gremlin Nob","ascension_level":20}