{"gold_per_floor":[116,126,126,51,51,51,69,69,69,35,47,47,75,75,75,176,176,194,207,218,263,129,129,162,162,162,162,162,176,12,25,25,130,130,150,150,162,162,177,177,188,188,188,188,203,203],"floor_reached":46,"playtime":12069,"items_purged":["Defend_G","Decay","Strike_G"],"score":440,"play_id":"e362d0ac-7121-4d5d-807a-26fbff607b0f","local_time":"20190217015814","is_ascension_mode":false,"campfire_choices":[{"data":"Cloak And Dagger","floor":6.0,"key":"SMITH"},{"data":"Neutralize","floor":8.0,"key":"SMITH"},{"data":"Dagger Spray","floor":15.0,"key":"SMITH"},{"data":"Accuracy","floor":23.0,"key":"SMITH"},{"floor":25.0,"key":"REST"},{"data":"Strike_G","floor":27.0,"key":"PURGE"},{"data":"Storm of Steel","floor":28.0,"key":"SMITH"},{"floor":32.0,"key":"REST"},{"floor":40,"key":"REST"},{"data":"Blade Dance","floor":42,"key":"SMITH"},{"data":"Cloak And Dagger","floor":44,"key":"SMITH"}],"neow_cost":"NONE","seed_source_timestamp":0,"circlet_count":0,"master_deck":["Defend_G","Defend_G","Defend_G","Defend_G","Strike_G","Strike_G","Strike_G","Survivor+1","Neutralize+1","Cloak And Dagger+1","Accuracy+1","Dagger Spray+1","Malaise","Storm of Steel+1","Footwork","PiercingWail","Blade Dance+1","Footwork","Cloak And Dagger+1","Die Die Die+1","Flying Knee+1","Noxious Fumes+1"],"special_seed":0,"relics":["Ring of the Snake","Sundial","Thread and Needle","Molten Egg 2","WristBlade","Pen Nib","WingedGreaves","Peace Pipe","Lizard Tail","Question Card"],"potions_floor_usage":[37,39,45],"damage_taken":[{"damage":1.0,"enemies":"Cultist","floor":1.0,"turns":4.0},{"damage":2.0,"enemies":"Jaw Worm","floor":2.0,"turns":6.0},{"damage":4.0,"enemies":"Small Slimes","floor":7.0,"turns":3.0},{"damage":0.0,"enemies":"Exordium Thugs","floor":10.0,"turns":5.0},{"damage":0.0,"enemies":"Looter","floor":11.0,"turns":3.0},{"damage":9.0,"enemies":"Gremlin Nob","floor":13.0,"turns":5.0},{"damage":32.0,"enemies":"The Guardian","floor":16.0,"turns":20.0},{"damage":0.0,"enemies":"3 Byrds","floor":18.0,"turns":5.0},{"damage":0.0,"enemies":"Spheric Guardian","floor":19.0,"turns":3.0},{"damage":22.0,"enemies":"Snake Plant","floor":20.0,"turns":6.0},{"damage":25.0,"enemies":"Gremlin Leader","floor":24.0,"turns":9.0},{"damage":0.0,"enemies":"Cultist and Chosen","floor":29.0,"turns":4.0},{"damage":0.0,"enemies":"Centurion and Healer","floor":31.0,"turns":5.0},{"damage":42.0,"enemies":"Champ","floor":33.0,"turns":21.0},{"damage":17,"enemies":"3 Darklings","floor":35,"turns":4},{"damage":7,"enemies":"3 Shapes","floor":37,"turns":8},{"damage":16,"enemies":"Sphere and 2 Shapes","floor":39,"turns":9},{"damage":6,"enemies":"3 Darklings","floor":41,"turns":5},{"damage":27,"enemies":"Transient","floor":45,"turns":5},{"damage":62,"enemies":"Writhing Mass","floor":46,"turns":5}],"seed_played":"8726770330228489087","potions_obtained":[{"floor":1.0,"key":"SpeedPotion"},{"floor":16.0,"key":"Block Potion"},{"floor":31.0,"key":"AttackPotion"},{"floor":33.0,"key":"GhostInAJar"},{"floor":37,"key":"Dexterity Potion"},{"floor":38,"key":"Ancient Potion"},{"floor":38,"key":"FearPotion"}],"is_trial":false,"path_per_floor":["M","M","T","$","?","R","M","R","T","M","M","$","E","?","R","B",null,"M","M","M","T","$","R","E","R","T","R","R","M","$","M","R","B",null,"M","?","M","?","M","R","M","R","T","R","M","M"],"character_chosen":"THE_SILENT","items_purchased":["Footwork","Footwork"],"campfire_rested":3,"item_purchase_floors":[22,30],"current_hp_per_floor":[69,67,67,67,67,67,63,63,63,63,63,63,54,54,54,22,70,70,70,48,48,48,48,23,44,44,44,44,44,44,44,65,23,70,53,53,46,46,30,51,45,45,45,45,18,0],"gold":203,"neow_bonus":"UPGRADE_CARD","is_prod":false,"is_daily":false,"chose_seed":false,"campfire_upgraded":7,"win_rate":0,"timestamp":1550336294,"path_taken":["M","?","?","$","?","R","M","R","T","M","?","?","E","?","R","BOSS","M","?","M","?","$","R","E","R","T","R","R","M","$","M","R","BOSS","M","?","M","?","M","R","M","R","T","R","M","?"],"build_version":"2019-01-23","purchased_purges":3,"victory":false,"max_hp_per_floor":[70,70,70,70,70,70,70,70,70,70,70,70,70,70,70,70,70,70,70,70,70,70,70,70,70,70,70,70,70,70,70,70,70,70,70,70,70,70,70,70,70,70,70,70,70,70],"card_choices":[{"not_picked":["Skewer","Slice","Flying Knee"],"picked":"SKIP","floor":1.0},{"not_picked":["Slice","Deflect"],"picked":"Cloak And Dagger","floor":2.0},{"not_picked":["Bane","Choke","Expertise"],"picked":"SKIP","floor":7.0},{"not_picked":["Bane","Poisoned Stab"],"picked":"Accuracy","floor":10.0},{"not_picked":["Dodge and Roll","Skewer"],"picked":"Dagger Spray","floor":11.0},{"not_picked":["Infinite Blades","Dagger Throw"],"picked":"Malaise","floor":13.0},{"not_picked":["A Thousand Cuts","Bullet Time"],"picked":"Storm of Steel","floor":16.0},{"not_picked":["Outmaneuver","Dash+1","Flechettes+1"],"picked":"SKIP","floor":18.0},{"not_picked":["Backflip+1","Dagger Spray+1","Expertise"],"picked":"SKIP","floor":19.0},{"not_picked":["Crippling Poison+1","Sucker Punch+1","Expertise"],"picked":"SKIP","floor":20.0},{"not_picked":["Wraith Form v2","Outmaneuver+1"],"picked":"PiercingWail","floor":24.0},{"not_picked":["Flying Knee+1","Predator+1"],"picked":"Blade Dance","floor":29.0},{"not_picked":["Underhanded Strike+1","Deadly Poison"],"picked":"Cloak And Dagger","floor":31.0},{"not_picked":["Unload+1","Malaise"],"picked":"Die Die Die+1","floor":33.0},{"not_picked":["PiercingWail","Bane+1","Calculated Gamble+1"],"picked":"SKIP","floor":35},{"not_picked":["Poisoned Stab+1","Dodge and Roll+1"],"picked":"Flying Knee+1","floor":37},{"not_picked":["Dodge and Roll+1","Deflect","Flying Knee+1"],"picked":"SKIP","floor":39},{"not_picked":["Night Terror","Bane+1"],"picked":"Noxious Fumes+1","floor":41},{"not_picked":["Dodge and Roll","Outmaneuver+1","Underhanded Strike+1","Cloak And Dagger"],"picked":"SKIP","floor":45}],"player_experience":165564,"relics_obtained":[{"floor":3.0,"key":"Sundial"},{"floor":9.0,"key":"Thread and Needle"},{"floor":13.0,"key":"Molten Egg 2"},{"floor":21.0,"key":"Pen Nib"},{"floor":24.0,"key":"WingedGreaves"},{"floor":26.0,"key":"Peace Pipe"},{"floor":43,"key":"Question Card"}],"event_choices":[{"damage_healed":0.0,"max_hp_gain":0.0,"max_hp_loss":0.0,"gold_gain":0.0,"event_name":"Wheel of Change","player_choice":"Cursed","floor":5.0,"gold_loss":0.0,"damage_taken":0.0,"cards_obtained":["Decay"]},{"damage_healed":0.0,"max_hp_gain":0.0,"max_hp_loss":0.0,"gold_gain":0.0,"event_name":"The Woman in Blue","player_choice":"Bought 0 Potions","floor":14.0,"gold_loss":0.0,"damage_taken":0.0},{"damage_healed":0,"gold_gain":0,"player_choice":"Ignored","damage_taken":0,"max_hp_gain":0,"max_hp_loss":0,"event_name":"Mysterious Sphere","floor":36,"gold_loss":0},{"damage_healed":0,"gold_gain":0,"player_choice":"Got Potions","damage_taken":0,"max_hp_gain":0,"max_hp_loss":0,"event_name":"Lab","floor":38,"gold_loss":0}],"is_beta":false,"boss_relics":[{"not_picked":["Eternal Feather","Runic Pyramid"],"picked":"WristBlade"},{"not_picked":["Astrolabe","Orrery"],"picked":"Lizard Tail"}],"items_purged_floors":[4,22,30],"is_endless":false,"potions_floor_spawned":[1,16,31,33,37],"killed_by":"Writhing Mass","ascension_level":0}