{"gold_per_floor":[114,114,129,129,148,186,36,74,74,112,131,150,150,169,169,294,357,376,376,70,70,33,71,71,109,184,203,222,222,222,241,241,366,366,385,37,56,75,75,75],"floor_reached":40,"playtime":2539,"items_purged":[],"score":696,"play_id":"4585a22d-e1d7-42e2-82ff-73f75a1dd00b","local_time":"20190102145536","daily_mods":["Insanity","Colorless Cards","Terminal"],"is_ascension_mode":false,"campfire_choices":[{"floor":13,"key":"REST"},{"data":"Mind Blast","floor":15,"key":"SMITH"},{"data":"Mind Blast","floor":24,"key":"SMITH"},{"data":"Noxious Fumes","floor":30,"key":"SMITH"},{"data":"Good Instincts","floor":32,"key":"SMITH"}],"neow_cost":"","seed_source_timestamp":0,"circlet_count":0,"master_deck":["Dagger Spray","Deadly Poison","Acrobatics","Slice","Expertise","PiercingWail","Blade Dance","Deflect","Dagger Spray","Finisher","Expertise","Mind Blast+1","Sucker Punch","Leg Sweep","Dodge and Roll","PanicButton","Jack Of All Trades","PiercingWail","Terror","Bane","Acrobatics","Deadly Poison","Cloak And Dagger","Dagger Throw","Flying Knee","Deadly Poison","PiercingWail","Caltrops","Dodge and Roll","Well Laid Plans","All Out Attack","Infinite Blades","Deflect","Quick Slash","Dodge and Roll","Slice","Trip","PiercingWail","Quick Slash","Calculated Gamble","Skewer","Good Instincts+1","Infinite Blades","Bane","Underhanded Strike","Crippling Poison","Underhanded Strike","Cloak And Dagger","Leg Sweep","Discovery+1","Dodge and Roll","Injury","PiercingWail","Deflect","Infinite Blades","Chrysalis","Blind","Deflect","Bandage Up","Panache","Deflect","Infinite Blades","Mind Blast+1","Noxious Fumes+1","Infinite Blades","Backstab+1","Caltrops+1","Cloak And Dagger+1","Mind Blast+1","Backstab+1","Cloak And Dagger","Secret Weapon","Poisoned Stab+1","Noxious Fumes","Deadly Poison","Slice+1","Deflect"],"special_seed":17898,"relics":["Ring of the Snake","Golden Idol","Regal Pillow","Boot","Thread and Needle","Meat on the Bone","Darkstone Periapt","Tiny House","Matryoshka","Orichalcum","Blood Vial","Art of War","Bronze Scales","Molten Egg 2","Coffee Dripper","Gremlin Horn"],"potions_floor_usage":[16,33,40,40,40],"damage_taken":[{"damage":0,"enemies":"Jaw Worm","floor":1,"turns":1},{"damage":0,"enemies":"Cultist","floor":3,"turns":1},{"damage":0,"enemies":"2 Louse","floor":5,"turns":2},{"damage":15,"enemies":"Lagavulin","floor":6,"turns":4},{"damage":5,"enemies":"Gremlin Nob","floor":8,"turns":3},{"damage":9,"enemies":"Lagavulin","floor":10,"turns":3},{"damage":0,"enemies":"2 Fungi Beasts","floor":11,"turns":2},{"damage":0,"enemies":"Blue Slaver","floor":12,"turns":1},{"damage":0,"enemies":"Exordium Wildlife","floor":14,"turns":3},{"damage":23,"enemies":"The Guardian","floor":16,"turns":7},{"damage":1,"enemies":"Shell Parasite","floor":18,"turns":4},{"damage":0,"enemies":"Colosseum Slavers","floor":21,"turns":1},{"damage":0,"enemies":"Slavers","floor":23,"turns":6},{"damage":0,"enemies":"Book of Stabbing","floor":25,"turns":2},{"damage":0,"enemies":"3 Byrds","floor":27,"turns":2},{"damage":0,"enemies":"Centurion and Healer","floor":28,"turns":1},{"damage":0,"enemies":"3 Cultists","floor":31,"turns":1},{"damage":9,"enemies":"Automaton","floor":33,"turns":8},{"damage":0,"enemies":"3 Shapes","floor":35,"turns":4},{"damage":0,"enemies":"Orb Walker","floor":37,"turns":1},{"damage":0,"enemies":"Sphere and 2 Shapes","floor":38,"turns":3},{"damage":49,"enemies":"Time Eater","floor":40,"turns":7}],"seed_played":"-1260152558293365806","potions_obtained":[{"floor":6,"key":"SkillPotion"},{"floor":8,"key":"Weak Potion"},{"floor":10,"key":"AttackPotion"},{"floor":17,"key":"GhostInAJar"},{"floor":35,"key":"Dexterity Potion"}],"is_trial":false,"path_per_floor":["M","?","M","?","M","E","$","E","T","E","M","M","R","M","R","B",null,"M","?","$","?","$","E","R","E","T","M","M","?","R","M","R","B",null,"M","$","M","M","?","B"],"character_chosen":"THE_SILENT","items_purchased":["Boot","Mind Blast","Orichalcum","Noxious Fumes","Infinite Blades","Gremlin Horn","Noxious Fumes","Deadly Poison"],"campfire_rested":1,"item_purchase_floors":[7,20,20,20,22,36,36,36],"current_hp_per_floor":[68,67,66,65,64,49,49,44,44,35,35,35,56,55,54,35,57,56,55,54,53,52,51,50,49,48,47,46,45,44,43,42,37,40,39,38,37,36,35,0],"gold":75,"neow_bonus":"","is_prod":false,"is_daily":true,"chose_seed":false,"campfire_upgraded":4,"win_rate":0,"timestamp":1546433736,"path_taken":["M","?","?","?","M","E","$","E","T","E","M","M","R","M","R","BOSS","M","?","$","?","?","E","R","E","T","?","M","?","R","M","R","BOSS","M","$","M","?","?","BOSS"],"build_version":"2018-12-20","purchased_purges":0,"victory":false,"max_hp_per_floor":[68,67,66,65,64,63,62,61,60,59,58,57,56,55,54,53,57,56,55,54,53,52,51,50,49,48,47,46,45,44,43,42,41,40,39,38,37,36,35,35],"card_choices":[{"not_picked":["Cloak And Dagger","Bane"],"picked":"Discovery","floor":1},{"not_picked":["Choke","Concentrate"],"picked":"Dodge and Roll","floor":3},{"not_picked":["Acrobatics","Enlightenment"],"picked":"PiercingWail","floor":5},{"not_picked":["Dagger Spray","Dagger Throw"],"picked":"Deflect","floor":6},{"not_picked":["Outmaneuver","Blade Dance"],"picked":"Infinite Blades","floor":8},{"not_picked":["Quick Slash","Underhanded Strike"],"picked":"Chrysalis","floor":10},{"not_picked":["Impatience","Setup"],"picked":"Blind","floor":11},{"not_picked":["Underhanded Strike","Sucker Punch"],"picked":"Deflect","floor":12},{"not_picked":["PiercingWail","Cloak And Dagger"],"picked":"Bandage Up","floor":14},{"not_picked":["Sadistic Nature","Chrysalis"],"picked":"Panache","floor":16},{"not_picked":["Quick Slash","Blade Dance"],"picked":"Deflect","floor":17},{"not_picked":["Sucker Punch","Slice"],"picked":"Infinite Blades","floor":18},{"not_picked":["Cloak And Dagger","Blade Dance"],"picked":"Backstab+1","floor":23},{"not_picked":["Dagger Spray","Deflect"],"picked":"Caltrops+1","floor":25},{"not_picked":["Blade Dance","Riddle With Holes+1"],"picked":"Cloak And Dagger+1","floor":27},{"not_picked":["Backstab+1","Flash of Steel+1"],"picked":"Mind Blast+1","floor":28},{"not_picked":["Underhanded Strike+1","Sucker Punch+1"],"picked":"Cloak And Dagger","floor":31},{"not_picked":["Night Terror","Bullet Time"],"picked":"Secret Weapon","floor":33},{"not_picked":["Prepared","Blade Dance"],"picked":"Poisoned Stab+1","floor":35},{"not_picked":["Outmaneuver","Impatience+1"],"picked":"Slice+1","floor":37},{"not_picked":["PiercingWail","Tactician+1"],"picked":"Deflect","floor":38}],"player_experience":45199,"relics_obtained":[{"floor":6,"key":"Regal Pillow"},{"floor":8,"key":"Thread and Needle"},{"floor":9,"key":"Meat on the Bone"},{"floor":10,"key":"Darkstone Periapt"},{"floor":23,"key":"Blood Vial"},{"floor":25,"key":"Art of War"},{"floor":26,"key":"Bronze Scales"},{"floor":26,"key":"Molten Egg 2"}],"event_choices":[{"cards_removed":["Masterful Stab"],"damage_healed":0,"gold_gain":0,"player_choice":"Offered Uncommon","damage_taken":0,"max_hp_gain":0,"max_hp_loss":0,"event_name":"Bonfire Elementals","floor":2,"gold_loss":0},{"damage_healed":0,"gold_gain":0,"player_choice":"Take Wound","damage_taken":0,"relics_obtained":["Golden Idol"],"max_hp_gain":0,"max_hp_loss":0,"event_name":"Golden Idol","floor":4,"gold_loss":0,"cards_obtained":["Injury"]},{"damage_healed":0,"gold_gain":0,"player_choice":"Opened","damage_taken":0,"relics_obtained":["Matryoshka"],"max_hp_gain":0,"max_hp_loss":0,"event_name":"The Mausoleum","floor":19,"gold_loss":0},{"damage_healed":0,"gold_gain":0,"player_choice":"Fight","damage_taken":0,"max_hp_gain":0,"max_hp_loss":0,"event_name":"Colosseum","floor":21,"gold_loss":0},{"damage_healed":0,"gold_gain":0,"player_choice":"Fled From Nobs","damage_taken":0,"max_hp_gain":0,"max_hp_loss":0,"event_name":"Colosseum","floor":21,"gold_loss":0},{"damage_healed":0,"gold_gain":0,"player_choice":"Copied","damage_taken":0,"max_hp_gain":0,"max_hp_loss":0,"event_name":"Duplicator","floor":29,"gold_loss":0,"cards_obtained":["Backstab"]},{"damage_healed":0,"gold_gain":0,"player_choice":"Took Portal","damage_taken":0,"max_hp_gain":0,"max_hp_loss":0,"event_name":"SecretPortal","floor":39,"gold_loss":0}],"is_beta":false,"boss_relics":[{"not_picked":["Snecko Eye","Sozu"],"picked":"Tiny House"},{"not_picked":["Runic Dome","Cursed Key"],"picked":"Coffee Dripper"}],"items_purged_floors":[],"is_endless":false,"potions_floor_spawned":[6,8,10,27,28,35,38],"killed_by":"Time Eater","ascension_level":0}