{"gold_per_floor":[116,44,56,56,68,97,97,97,97,124,49,59,78,43,43,43],"floor_reached":16,"playtime":1977,"items_purged":["Defend_R"],"score":110,"play_id":"c24e1846-1266-4560-aaf8-e1d79f18b767","local_time":"20190214223118","is_ascension_mode":false,"campfire_choices":[{"floor":7,"key":"REST"},{"floor":15,"key":"REST"}],"neow_cost":"NONE","seed_source_timestamp":46314322979004,"circlet_count":0,"master_deck":["Strike_R","Strike_R","Strike_R","Strike_R","Strike_R","Defend_R","Defend_R","Defend_R","Bash","Thunderclap","Battle Trance","Dual Wield","Headbutt","Shrug It Off","Warcry","Sever Soul","Shrug It Off"],"relics":["Burning Blood","Letter Opener","Regal Pillow","Pantograph","Bottled Lightning"],"potions_floor_usage":[16,16],"damage_taken":[{"damage":6,"enemies":"2 Louse","floor":1,"turns":3},{"damage":8,"enemies":"Small Slimes","floor":3,"turns":4},{"damage":15,"enemies":"Jaw Worm","floor":5,"turns":5},{"damage":42,"enemies":"Gremlin Nob","floor":6,"turns":5},{"damage":70,"enemies":"Lagavulin","floor":10,"turns":9},{"damage":6,"enemies":"Blue Slaver","floor":12,"turns":4},{"damage":16,"enemies":"Large Slime","floor":13,"turns":5},{"damage":91,"enemies":"Hexaghost","floor":16,"turns":10}],"seed_played":"-6139684220902059728","potions_obtained":[{"floor":6,"key":"SkillPotion"},{"floor":10,"key":"LiquidBronze"}],"is_trial":false,"path_per_floor":["M","$","M","?","M","E","R","?","T","E","$","M","M","?","R","B"],"character_chosen":"IRONCLAD","items_purchased":["Battle Trance"],"campfire_rested":2,"item_purchase_floors":[2],"current_hp_per_floor":[88,88,86,86,77,41,82,82,82,18,18,18,8,30,71,0],"gold":43,"neow_bonus":"TEN_PERCENT_HP_BONUS","is_prod":false,"is_daily":false,"chose_seed":false,"campfire_upgraded":0,"win_rate":0.0,"timestamp":1550151078,"path_taken":["M","$","M","?","M","E","R","?","T","E","?","?","M","?","R","BOSS"],"build_version":"2019-01-23","purchased_purges":1,"victory":false,"max_hp_per_floor":[88,88,88,88,88,88,88,88,88,88,88,88,88,88,88,88],"card_choices":[{"not_picked":["Rupture","Infernal Blade"],"picked":"Thunderclap","floor":1},{"not_picked":["Pummel","Flex"],"picked":"Dual Wield","floor":3},{"not_picked":["Body Slam","Disarm"],"picked":"Headbutt","floor":5},{"not_picked":["Anger","Armaments"],"picked":"Shrug It Off","floor":6},{"not_picked":["Reckless Charge","Uppercut"],"picked":"Warcry","floor":10},{"not_picked":["Entrench","Rupture"],"picked":"Sever Soul","floor":12},{"not_picked":["Hemokinesis","Ghostly Armor"],"picked":"Shrug It Off","floor":13}],"player_experience":2066,"relics_obtained":[{"floor":6,"key":"Regal Pillow"},{"floor":9,"key":"Pantograph"},{"floor":10,"key":"Bottled Lightning"}],"event_choices":[{"damage_healed":0,"gold_gain":0,"player_choice":"Box","damage_taken":0,"relics_obtained":["Letter Opener"],"max_hp_gain":0,"max_hp_loss":0,"event_name":"Big Fish","floor":4,"gold_loss":0,"cards_obtained":["Regret"]},{"cards_removed":["Regret"],"damage_healed":0,"gold_gain":0,"player_choice":"Forget","damage_taken":0,"max_hp_gain":0,"max_hp_loss":0,"event_name":"Living Wall","floor":8,"gold_loss":0},{"damage_healed":22,"gold_gain":0,"player_choice":"Healed","damage_taken":0,"max_hp_gain":0,"max_hp_loss":0,"event_name":"The Cleric","floor":14,"gold_loss":35}],"is_beta":false,"boss_relics":[],"items_purged_floors":[11],"is_endless":false,"potions_floor_spawned":[6,10],"killed_by":"Hexaghost","ascension_level":0}