{"gold_per_floor":[144,20,20,65,65,155,155,155,155,155],"floor_reached":10,"playtime":316,"items_purged":[],"score":89,"play_id":"e7fe0c31-3d19-4510-91ce-6f534640daa9","local_time":"20190119182432","daily_mods":["Specialized","Time Dilation","Midas"],"is_ascension_mode":false,"campfire_choices":[{"floor":8,"key":"REST"}],"neow_cost":"","seed_source_timestamp":0,"circlet_count":0,"master_deck":["Defend_G","Defend_G","Defend_G","Defend_G","Defend_G","Strike_G","Strike_G","Strike_G","Strike_G","Strike_G","Survivor","Neutralize","Reflex","Reflex","Reflex","Reflex","Reflex","Noxious Fumes","Noxious Fumes","Deadly Poison","Decay","Infinite Blades","Deflect"],"special_seed":17915,"relics":["Ring of the Snake","Bag of Marbles","Blue Candle"],"potions_floor_usage":[],"damage_taken":[{"damage":10,"enemies":"Cultist","floor":1,"turns":6},{"damage":14,"enemies":"Jaw Worm","floor":4,"turns":4},{"damage":56,"enemies":"Gremlin Nob","floor":6,"turns":6},{"damage":38,"enemies":"Lagavulin","floor":10,"turns":6}],"seed_played":"-5772269408916860050","potions_obtained":[{"floor":6,"key":"LiquidBronze"}],"is_trial":false,"path_per_floor":["M","$","?","M","?","E","?","R","T","E"],"character_chosen":"THE_SILENT","items_purchased":["Noxious Fumes","Deadly Poison"],"campfire_rested":1,"item_purchase_floors":[2,2],"current_hp_per_floor":[60,60,60,46,69,13,13,34,34,0],"gold":155,"neow_bonus":"","is_prod":false,"is_daily":true,"chose_seed":false,"campfire_upgraded":0,"win_rate":0,"timestamp":1547915072,"path_taken":["M","?","?","?","?","E","?","R","T","E"],"build_version":"2019-01-17v2","purchased_purges":0,"victory":false,"max_hp_per_floor":[70,70,70,70,70,70,70,70,70,70],"card_choices":[{"not_picked":["Choke","Masterful Stab"],"picked":"Noxious Fumes","floor":1},{"not_picked":["Terror","Acrobatics"],"picked":"Infinite Blades","floor":4},{"not_picked":["Leg Sweep","Well Laid Plans"],"picked":"Deflect","floor":6}],"player_experience":79196,"relics_obtained":[{"floor":6,"key":"Bag of Marbles"},{"floor":9,"key":"Blue Candle"}],"event_choices":[{"damage_healed":0,"gold_gain":0,"player_choice":"Cursed","damage_taken":0,"max_hp_gain":0,"max_hp_loss":0,"event_name":"Wheel of Change","floor":3,"gold_loss":0,"cards_obtained":["Decay"]},{"damage_healed":23,"gold_gain":0,"player_choice":"Banana","damage_taken":0,"max_hp_gain":0,"max_hp_loss":0,"event_name":"Big Fish","floor":5,"gold_loss":0},{"damage_healed":0,"gold_gain":0,"player_choice":"Ignored","damage_taken":0,"max_hp_gain":0,"max_hp_loss":0,"event_name":"Shining Light","floor":7,"gold_loss":0}],"is_beta":false,"boss_relics":[],"items_purged_floors":[],"is_endless":false,"potions_floor_spawned":[1,6],"killed_by":"Lagavulin","ascension_level":0}