{"gold_per_floor":[119,119,119,219,219,252,266,266,266,266,60,86,106,124,124,198,198],"floor_reached":17,"playtime":273,"items_purged":["Strike_R"],"score":338,"play_id":"f762cc46-6414-4c97-a751-b04698abff9e","local_time":"20190202220249","is_ascension_mode":true,"campfire_choices":[{"data":"Whirlwind","floor":8,"key":"SMITH"},{"floor":10,"key":"REST"},{"data":"Bash","floor":15,"key":"SMITH"}],"neow_cost":"NONE","seed_source_timestamp":447961828968900,"circlet_count":0,"master_deck":["AscendersBane","Bash+1","Cleave","Whirlwind+1","Cleave","Entrench","Thunderclap","Iron Wave","Dropkick","Barricade","Warcry","Juggernaut"],"relics":["Burning Blood","NeowsBlessing","Strawberry","Bag of Marbles","Dodecahedron","Tiny Chest","Lantern","Pandora\u0027s Box"],"potions_floor_usage":[16],"damage_taken":[{"damage":0,"enemies":"Cultist","floor":1,"turns":1},{"damage":0,"enemies":"Lagavulin","floor":6,"turns":1},{"damage":0,"enemies":"2 Louse","floor":7,"turns":1},{"damage":0,"enemies":"Jaw Worm","floor":13,"turns":2},{"damage":0,"enemies":"2 Fungi Beasts","floor":14,"turns":1},{"damage":67,"enemies":"The Guardian","floor":16,"turns":11}],"seed_played":"-4685065626805209379","potions_obtained":[{"floor":1,"key":"Weak Potion"},{"floor":13,"key":"Swift Potion"},{"floor":14,"key":"AttackPotion"},{"floor":16,"key":"Dexterity Potion"}],"is_trial":false,"path_per_floor":["M","$","?","?","$","E","M","R","T","R","$","T","M","M","R","B",null],"character_chosen":"IRONCLAD","items_purchased":["Tiny Chest"],"campfire_rested":1,"item_purchase_floors":[11],"current_hp_per_floor":[74,74,55,55,55,61,67,67,67,82,82,82,82,82,82,21,67],"gold":198,"neow_bonus":"THREE_ENEMY_KILL","is_prod":false,"is_daily":false,"chose_seed":false,"campfire_upgraded":2,"win_rate":0,"timestamp":1549141369,"path_taken":["M","$","?","?","$","E","?","R","T","R","$","?","M","M","R","BOSS"],"build_version":"2019-01-23","purchased_purges":1,"victory":false,"max_hp_per_floor":[75,75,82,82,82,82,82,82,82,82,82,82,82,82,82,82,82],"card_choices":[{"not_picked":["Corruption","Heavy Blade"],"picked":"Cleave","floor":1},{"not_picked":["Clash","Rupture"],"picked":"Whirlwind","floor":6},{"not_picked":["Searing Blow","Uppercut","Havoc"],"picked":"SKIP","floor":7},{"not_picked":["Pummel","Wild Strike","Spot Weakness"],"picked":"SKIP","floor":13},{"not_picked":["Perfected Strike","Armaments","Rage"],"picked":"SKIP","floor":14}],"player_experience":316090,"relics_obtained":[{"floor":6,"key":"Bag of Marbles"},{"floor":9,"key":"Dodecahedron"},{"floor":12,"key":"Lantern"}],"event_choices":[{"damage_healed":0,"gold_gain":0,"player_choice":"Success","damage_taken":26,"relics_obtained":["Strawberry"],"max_hp_gain":0,"max_hp_loss":0,"event_name":"Scrap Ooze","floor":3,"gold_loss":0},{"damage_healed":0,"gold_gain":100,"player_choice":"Gold","damage_taken":0,"max_hp_gain":0,"max_hp_loss":0,"event_name":"Wheel of Change","floor":4,"gold_loss":0}],"is_beta":false,"boss_relics":[{"not_picked":["Runic Pyramid","Velvet Choker"],"picked":"Pandora\u0027s Box"}],"items_purged_floors":[11],"is_endless":false,"potions_floor_spawned":[1,13,14,16],"ascension_level":18}