{"gold_per_floor":[117,117,132,57,75,75,86,97,97,110,160,177,212,232,232,232],"floor_reached":16,"playtime":541,"items_purged":["Strike_R"],"score":196,"play_id":"568059bc-c51f-4fdd-9217-95f52bddaa15","local_time":"20190202155929","is_ascension_mode":true,"campfire_choices":[{"data":"Dropkick","floor":6,"key":"SMITH"},{"floor":15,"key":"REST"}],"neow_cost":"TEN_PERCENT_HP_LOSS","seed_source_timestamp":425893883164600,"circlet_count":0,"master_deck":["AscendersBane","Strike_R","Strike_R","Strike_R","Defend_R","Defend_R","Defend_R","Bash+1","Dropkick+1","True Grit"],"relics":["Burning Blood","Mummified Hand","Ginger"],"potions_floor_usage":[13,13],"damage_taken":[{"damage":15,"enemies":"Small Slimes","floor":1,"turns":3},{"damage":1,"enemies":"Cultist","floor":3,"turns":3},{"damage":7,"enemies":"Jaw Worm","floor":5,"turns":4},{"damage":10,"enemies":"Large Slime","floor":7,"turns":6},{"damage":6,"enemies":"Exordium Wildlife","floor":8,"turns":3},{"damage":20,"enemies":"2 Fungi Beasts","floor":10,"turns":4},{"damage":10,"enemies":"Looter","floor":12,"turns":3},{"damage":21,"enemies":"3 Sentries","floor":13,"turns":9},{"damage":14,"enemies":"3 Louse","floor":14,"turns":4},{"damage":38,"enemies":"Hexaghost","floor":16,"turns":9}],"seed_played":"-3186561985384904594","potions_obtained":[{"floor":1,"key":"FearPotion"},{"floor":7,"key":"Ancient Potion"},{"floor":12,"key":"SkillPotion"}],"is_trial":false,"path_per_floor":["M","?","M","$","M","R","M","M","T","M","?","M","E","M","R","B"],"character_chosen":"IRONCLAD","items_purchased":[],"campfire_rested":1,"item_purchase_floors":[],"current_hp_per_floor":[59,59,64,64,63,63,59,59,59,45,45,41,26,18,38,0],"gold":232,"neow_bonus":"REMOVE_TWO","is_prod":false,"is_daily":false,"chose_seed":false,"campfire_upgraded":1,"win_rate":0,"timestamp":1549119569,"path_taken":["M","?","M","$","?","R","M","M","T","M","?","?","E","M","R","BOSS"],"build_version":"2019-01-23","purchased_purges":1,"victory":false,"max_hp_per_floor":[68,68,68,68,68,68,68,68,68,68,68,68,68,68,68,68],"card_choices":[{"not_picked":["Power Through","Anger","Flex"],"picked":"SKIP","floor":1},{"not_picked":["Carnage","Clothesline"],"picked":"Dropkick","floor":3},{"not_picked":["Power Through","Flame Barrier","Pommel Strike"],"picked":"SKIP","floor":5},{"not_picked":["Shrug It Off","Seeing Red","Clothesline"],"picked":"SKIP","floor":7},{"not_picked":["Perfected Strike","Metallicize"],"picked":"True Grit","floor":8},{"not_picked":["Havoc","Thunderclap","Flex"],"picked":"SKIP","floor":10},{"not_picked":["Perfected Strike","Headbutt","Cleave"],"picked":"SKIP","floor":12},{"not_picked":["Headbutt","Rampage","Wild Strike"],"picked":"SKIP","floor":13},{"not_picked":["Power Through","Twin Strike","Reckless Charge"],"picked":"SKIP","floor":14}],"player_experience":307353,"relics_obtained":[{"floor":9,"key":"Mummified Hand"},{"floor":13,"key":"Ginger"}],"event_choices":[{"damage_healed":0,"gold_gain":0,"player_choice":"Upgraded","damage_taken":0,"max_hp_gain":0,"max_hp_loss":0,"event_name":"Upgrade Shrine","floor":2,"gold_loss":0,"cards_upgraded":["Bash"]},{"damage_healed":0,"gold_gain":50,"player_choice":"Pray","damage_taken":0,"max_hp_gain":0,"max_hp_loss":0,"event_name":"Golden Shrine","floor":11,"gold_loss":0}],"is_beta":false,"boss_relics":[],"items_purged_floors":[4],"is_endless":false,"potions_floor_spawned":[1,7,10,12],"killed_by":"Hexaghost","ascension_level":17}