{"gold_per_floor":[118,118,135,147,166,166,200,200,200,229,229,13,47,66,66,140,140,150,150,150,167,177,210,210],"floor_reached":24,"playtime":825,"items_purged":[],"score":497,"play_id":"2130e5d4-4b7a-45e4-a3fe-a4643be745ea","local_time":"20190212142100","is_ascension_mode":true,"campfire_choices":[{"data":"Dual Wield","floor":6,"key":"SMITH"},{"floor":15,"key":"REST"}],"neow_cost":"NONE","seed_source_timestamp":500715517547400,"circlet_count":0,"master_deck":["AscendersBane","Strike_R","Strike_R","Strike_R","Strike_R","Strike_R","Defend_R","Defend_R+1","Defend_R+1","Bash","Infernal Blade","Anger","Inflame","Dual Wield+1","Battle Trance","Fiend Fire","Clash","Offering","Clash","Dropkick","Disarm+1"],"relics":["Burning Blood","NeowsBlessing","Singing Bowl","Pear","Ornamental Fan","Mango","Pen Nib","War Paint","Ancient Tea Set","Cursed Key","Ginger"],"potions_floor_usage":[7,10,13,16,16,23,24],"damage_taken":[{"damage":0,"enemies":"2 Louse","floor":1,"turns":1},{"damage":0,"enemies":"Cultist","floor":3,"turns":1},{"damage":0,"enemies":"Small Slimes","floor":4,"turns":1},{"damage":14,"enemies":"Exordium Wildlife","floor":5,"turns":2},{"damage":35,"enemies":"Lagavulin","floor":7,"turns":5},{"damage":36,"enemies":"Gremlin Nob","floor":10,"turns":5},{"damage":20,"enemies":"Lagavulin","floor":13,"turns":3},{"damage":10,"enemies":"Red Slaver","floor":14,"turns":2},{"damage":17,"enemies":"Hexaghost","floor":16,"turns":7},{"damage":0,"enemies":"Chosen","floor":18,"turns":2},{"damage":23,"enemies":"2 Thieves","floor":21,"turns":3},{"damage":20,"enemies":"Centurion and Healer","floor":22,"turns":3},{"damage":42,"enemies":"Book of Stabbing","floor":23,"turns":5},{"damage":28,"enemies":"Shelled Parasite and Fungi","floor":24,"turns":2}],"seed_played":"3249835710605721870","potions_obtained":[{"floor":1,"key":"Weak Potion"},{"floor":4,"key":"BloodPotion"},{"floor":7,"key":"Strength Potion"},{"floor":13,"key":"PowerPotion"},{"floor":16,"key":"Dexterity Potion"},{"floor":21,"key":"LiquidBronze"},{"floor":23,"key":"Poison Potion"}],"is_trial":false,"path_per_floor":["M","?","M","M","M","R","E","?","T","E","?","$","E","M","R","B",null,"M","$","?","M","M","E","M"],"character_chosen":"IRONCLAD","items_purchased":["War Paint","PowerPotion"],"campfire_rested":1,"item_purchase_floors":[12,12],"current_hp_per_floor":[74,74,75,75,67,67,45,50,50,34,34,34,20,18,48,37,85,93,93,93,76,62,28,0],"gold":210,"neow_bonus":"THREE_ENEMY_KILL","is_prod":false,"is_daily":false,"chose_seed":false,"campfire_upgraded":1,"win_rate":0,"timestamp":1549977660,"path_taken":["M","?","?","M","M","R","E","?","T","E","?","?","E","M","R","BOSS","M","$","?","M","?","E","M"],"build_version":"2019-01-23","purchased_purges":0,"victory":false,"max_hp_per_floor":[75,75,75,75,75,75,75,85,85,99,99,99,99,101,101,101,101,103,103,103,103,103,105,105],"card_choices":[{"not_picked":["Sever Soul","Sentinel"],"picked":"Infernal Blade","floor":1},{"not_picked":["Clash","Disarm"],"picked":"Anger","floor":3},{"not_picked":["Heavy Blade","Clash"],"picked":"Inflame","floor":4},{"not_picked":["Rupture","Shockwave"],"picked":"Dual Wield","floor":5},{"not_picked":["Evolve","Warcry"],"picked":"Battle Trance","floor":7},{"not_picked":["Clothesline","Battle Trance"],"picked":"Fiend Fire","floor":10},{"not_picked":["Headbutt","Ghostly Armor"],"picked":"Clash","floor":13},{"not_picked":["Armaments","Shrug It Off","Shockwave"],"picked":"Singing Bowl","floor":14},{"not_picked":["Reaper","Bludgeon"],"picked":"Offering","floor":16},{"not_picked":["Iron Wave","Clothesline","Power Through+1"],"picked":"Singing Bowl","floor":18},{"not_picked":["Havoc","True Grit"],"picked":"Dropkick","floor":21},{"not_picked":["Clothesline","Pommel Strike"],"picked":"Disarm+1","floor":22},{"not_picked":["Rage","Fire Breathing","Spot Weakness"],"picked":"Singing Bowl","floor":23}],"player_experience":374067,"relics_obtained":[{"floor":7,"key":"Singing Bowl"},{"floor":9,"key":"Ornamental Fan"},{"floor":10,"key":"Mango"},{"floor":13,"key":"Ancient Tea Set"},{"floor":23,"key":"Ginger"}],"event_choices":[{"cards_removed":["Defend_R"],"damage_healed":0,"gold_gain":0,"player_choice":"Purged","damage_taken":0,"max_hp_gain":0,"max_hp_loss":0,"event_name":"Purifier","floor":2,"gold_loss":0},{"damage_healed":0,"gold_gain":0,"player_choice":"Success","damage_taken":5,"relics_obtained":["Pear"],"max_hp_gain":0,"max_hp_loss":0,"event_name":"Scrap Ooze","floor":8,"gold_loss":0},{"damage_healed":0,"gold_gain":0,"player_choice":"Searched \u00271\u0027 times","damage_taken":0,"relics_obtained":["Pen Nib"],"max_hp_gain":0,"max_hp_loss":0,"event_name":"Dead Adventurer","floor":11,"gold_loss":0},{"damage_healed":0,"gold_gain":0,"player_choice":"Copied","damage_taken":0,"max_hp_gain":0,"max_hp_loss":0,"event_name":"Duplicator","floor":20,"gold_loss":0,"cards_obtained":["Clash"]}],"is_beta":false,"boss_relics":[{"not_picked":["Astrolabe","Pandora\u0027s Box"],"picked":"Cursed Key"}],"items_purged_floors":[],"is_endless":false,"potions_floor_spawned":[1,4,7,13,16,21,23],"killed_by":"Shelled Parasite and Fungi","ascension_level":20}