{"gold_per_floor":[119,119,16,36,36,36,68,68,121,121,138,138,213,230,230,332,332,344,362,144,144,155,155,175,175,222,222,234,234,250,267,267,267],"floor_reached":33,"playtime":1994,"items_purged":["Regret"],"score":259,"play_id":"64eac2a8-0309-4cbd-8984-8b3c23e97fdd","local_time":"20181014114843","is_ascension_mode":true,"campfire_choices":[{"data":"Sunder","floor":6,"key":"SMITH"},{"data":"Redo","floor":8,"key":"SMITH"},{"data":"Zap","floor":10,"key":"SMITH"},{"data":"Rip and Tear","floor":12,"key":"SMITH"},{"floor":15,"key":"REST"},{"data":"Tempest","floor":23,"key":"SMITH"},{"data":"Redo","floor":27,"key":"SMITH"},{"data":"Streamline","floor":29,"key":"SMITH"},{"floor":32,"key":"REST"}],"neow_cost":"NONE","seed_source_timestamp":738748135395184,"circlet_count":0,"master_deck":["Strike_B+1","Strike_B+1","Strike_B+1","Defend_B+1","Defend_B+1","Defend_B+1","Zap+1","Dualcast","Rainbow","Sunder+1","Finesse","Redo+1","Tempest+1","Rip and Tear+1","Hello World","Seek","Auto Shields","Redo+1","Auto Shields","Streamline+1","Redo+1"],"relics":["Cracked Core","Ornamental Fan","Bag of Marbles","Strawberry","Nuclear Battery","Anchor","MutagenicStrength","Ancient Tea Set"],"potions_floor_usage":[33],"damage_taken":[{"damage":1,"enemies":"Jaw Worm","floor":1,"turns":4},{"damage":5,"enemies":"Small Slimes","floor":4,"turns":2},{"damage":25,"enemies":"Gremlin Nob","floor":7,"turns":4},{"damage":0,"enemies":"2 Louse","floor":11,"turns":1},{"damage":13,"enemies":"Looter","floor":14,"turns":2},{"damage":18,"enemies":"Slime Boss","floor":16,"turns":6},{"damage":11,"enemies":"Shell Parasite","floor":18,"turns":4},{"damage":0,"enemies":"Chosen","floor":19,"turns":3},{"damage":4,"enemies":"3 Cultists","floor":22,"turns":4},{"damage":6,"enemies":"Centurion and Healer","floor":24,"turns":3},{"damage":0,"enemies":"Cultist and Chosen","floor":28,"turns":3},{"damage":4,"enemies":"Shelled Parasite and Fungi","floor":30,"turns":3},{"damage":7,"enemies":"3 Cultists","floor":31,"turns":4},{"damage":80,"enemies":"Automaton","floor":33,"turns":10}],"seed_played":"8090877767053203893","potions_obtained":[{"floor":1,"key":"LiquidBronze"},{"floor":16,"key":"SteroidPotion"},{"floor":18,"key":"LiquidBronze"},{"floor":30,"key":"Block Potion"}],"is_trial":false,"path_per_floor":["M","?","$","M","?","R","E","R","T","R","M","R","?","M","R","B",null,"M","M","$","?","M","R","M","?","T","R","M","R","M","M","R"],"character_chosen":"DEFECT","items_purchased":["Finesse","Anchor"],"campfire_rested":2,"item_purchase_floors":[3,20],"current_hp_per_floor":[74,67,67,62,62,62,37,37,44,44,44,44,33,20,44,26,82,71,71,71,71,67,67,61,61,61,61,61,61,57,50,74,0],"gold":267,"neow_bonus":"TRANSFORM_CARD","is_prod":false,"is_daily":false,"chose_seed":false,"campfire_upgraded":7,"win_rate":0,"timestamp":1539485323,"path_taken":["M","?","?","M","?","R","E","R","T","R","M","R","?","M","R","BOSS","M","?","$","?","M","R","M","?","T","R","M","R","M","M","R","BOSS"],"build_version":"2018-10-11","purchased_purges":1,"victory":false,"max_hp_per_floor":[75,75,75,75,75,75,75,75,82,82,82,82,82,82,82,82,82,82,82,82,82,82,82,82,82,82,82,82,82,82,82,82,82],"card_choices":[{"not_picked":["Redo","Blizzard"],"picked":"Sunder","floor":1},{"not_picked":["Coolheaded","Gash"],"picked":"Redo","floor":4},{"not_picked":["Steam","Barrage"],"picked":"Tempest","floor":7},{"not_picked":["Stack","Cold Snap"],"picked":"Rip and Tear","floor":11},{"not_picked":["Aggregate","Heatsinks"],"picked":"Hello World","floor":14},{"not_picked":["Machine Learning","Amplify"],"picked":"Seek","floor":16},{"not_picked":["Heatsinks","Beam Cell","Aggregate+1"],"picked":"SKIP","floor":18},{"not_picked":["Double Energy","Go for the Eyes"],"picked":"Auto Shields","floor":19},{"not_picked":["Chill","Go for the Eyes+1"],"picked":"Redo","floor":22},{"not_picked":["Capacitor+1","BootSequence"],"picked":"Auto Shields","floor":24},{"not_picked":["Reinforced Body","Auto Shields"],"picked":"Streamline","floor":28},{"not_picked":["Thunder Strike","Fusion"],"picked":"Redo+1","floor":30},{"not_picked":["Beam Cell","Compile Driver","Rebound+1"],"picked":"SKIP","floor":31}],"player_experience":96276,"relics_obtained":[{"floor":7,"key":"Bag of Marbles"},{"floor":9,"key":"Strawberry"},{"floor":26,"key":"Ancient Tea Set"}],"event_choices":[{"event_name":"Golden Wing","player_choice":"Card Removal","floor":2,"damage_taken":0},{"event_name":"Big Fish","player_choice":"Box","floor":5,"damage_taken":0},{"event_name":"World of Goop","player_choice":"Gather Gold","floor":13,"damage_taken":0},{"event_name":"Back to Basics","player_choice":"Simplicity","floor":21,"damage_taken":0},{"event_name":"Drug Dealer","player_choice":"Inject Mutagens","floor":25,"damage_taken":0}],"is_beta":false,"boss_relics":[{"not_picked":["Cursed Key","Inserter"],"picked":"Nuclear Battery"}],"items_purged_floors":[20],"is_endless":false,"potions_floor_spawned":[1,16,18,30],"killed_by":"Automaton","ascension_level":1}