{"gold_per_floor":[363,382,394,2,2,2,35,35,86,86,136,35,139,176,176,331,331,372,408,408,445,59,86,86,11,11,92,131,131,159,18,18,138,138,201,243,260,95,95,151,196,222,222,272,272,316,316,328,328,353],"floor_reached":51,"playtime":3748,"items_purged":["Writhe","Strike_G","Strike_G"],"score":1456,"play_id":"fa45c438-429e-4fd3-8f3c-c7d94b3cc9ed","local_time":"20190217061429","is_ascension_mode":true,"campfire_choices":[{"data":"HandOfGreed","floor":6,"key":"SMITH"},{"data":"PiercingWail","floor":10,"key":"SMITH"},{"floor":15,"key":"REST"},{"data":"Footwork","floor":24,"key":"SMITH"},{"data":"Well Laid Plans","floor":32,"key":"SMITH"},{"floor":45,"key":"REST"},{"data":"Catalyst","floor":47,"key":"SMITH"},{"floor":49,"key":"REST"}],"neow_cost":"CURSE","seed_source_timestamp":320491181871600,"circlet_count":0,"master_deck":["AscendersBane","Defend_G","Defend_G","Defend_G","Defend_G","Defend_G","Strike_G","Strike_G","Strike_G","Survivor","Neutralize+1","Endless Agony","Poisoned Stab","Dagger Spray","HandOfGreed+1","PiercingWail+1","Footwork+1","Backflip","Backflip","Glass Knife","Blur","Catalyst","Noxious Fumes","Crippling Poison","Dodge and Roll","Crippling Poison+1","Deflect","Catalyst+1","Well Laid Plans+1","Venomology","PiercingWail","Dodge and Roll","Footwork","Deflect+1","Backflip","Noxious Fumes","Well Laid Plans+1"],"relics":["Ring of the Snake","Sling","Vajra","Turnip","Centennial Puzzle","Pocketwatch","Darkstone Periapt","Philosopher\u0027s Stone","Pear","Snake Skull","Pen Nib","The Courier","Mango","Blood Vial","HoveringKite","Gremlin Horn","Du-Vu Doll","Bottled Tornado","Dodecahedron"],"potions_floor_usage":[13,16,16,23,27,35,36,40,50,50],"damage_taken":[{"damage":0,"enemies":"2 Louse","floor":1,"turns":3},{"damage":3,"enemies":"Small Slimes","floor":2,"turns":5},{"damage":2,"enemies":"Cultist","floor":3,"turns":4},{"damage":16,"enemies":"Gremlin Nob","floor":7,"turns":3},{"damage":19,"enemies":"Lagavulin","floor":11,"turns":5},{"damage":10,"enemies":"3 Sentries","floor":13,"turns":6},{"damage":1,"enemies":"Looter","floor":14,"turns":2},{"damage":0,"enemies":"Slime Boss","floor":16,"turns":8},{"damage":0,"enemies":"Shell Parasite","floor":18,"turns":6},{"damage":0,"enemies":"Chosen","floor":19,"turns":7},{"damage":11,"enemies":"Snecko","floor":21,"turns":8},{"damage":1,"enemies":"Book of Stabbing","floor":23,"turns":8},{"damage":6,"enemies":"Slavers","floor":27,"turns":7},{"damage":5,"enemies":"Snake Plant","floor":28,"turns":5},{"damage":0,"enemies":"Gremlin Leader","floor":30,"turns":6},{"damage":27,"enemies":"Automaton","floor":33,"turns":10},{"damage":0,"enemies":"3 Shapes","floor":35,"turns":7},{"damage":8,"enemies":"3 Darklings","floor":36,"turns":5},{"damage":1,"enemies":"Writhing Mass","floor":37,"turns":6},{"damage":12,"enemies":"Reptomancer","floor":40,"turns":7},{"damage":5,"enemies":"Maw","floor":41,"turns":8},{"damage":39,"enemies":"Giant Head","floor":42,"turns":10},{"damage":10,"enemies":"Reptomancer","floor":44,"turns":8},{"damage":1,"enemies":"Sphere and 2 Shapes","floor":46,"turns":4},{"damage":2,"enemies":"4 Shapes","floor":48,"turns":4},{"damage":22,"enemies":"Time Eater","floor":50,"turns":10}],"seed_played":"-3413217095863068706","potions_obtained":[{"floor":2,"key":"Fire Potion"},{"floor":14,"key":"Energy Potion"},{"floor":16,"key":"EssenceOfSteel"},{"floor":18,"key":"Energy Potion"},{"floor":23,"key":"Swift Potion"},{"floor":30,"key":"EssenceOfSteel"},{"floor":37,"key":"SneckoOil"},{"floor":46,"key":"GhostInAJar"}],"is_trial":false,"path_per_floor":["M","M","M","$","?","R","E","?","T","R","E","$","E","M","R","B",null,"M","M","?","M","$","E","R","?","T","E","M","?","E","$","R","B",null,"M","M","M","$","?","E","M","E","T","E","R","M","R","M","R","B",null],"character_chosen":"THE_SILENT","items_purchased":["Sling","HandOfGreed","Regen Potion","Backflip","Snake Skull","Noxious Fumes","Crippling Poison","Well Laid Plans","Footwork"],"campfire_rested":3,"item_purchase_floors":[4,4,12,12,22,22,22,31,38],"current_hp_per_floor":[63,60,58,58,51,51,35,35,35,35,16,16,21,20,41,41,63,63,63,79,68,68,67,67,67,67,75,70,70,70,70,70,45,86,88,82,83,83,83,73,70,33,33,25,53,54,54,54,82,62],"gold":353,"neow_bonus":"TWO_FIFTY_GOLD","is_prod":false,"is_daily":false,"chose_seed":false,"campfire_upgraded":5,"win_rate":0,"timestamp":1550380469,"path_taken":["M","M","M","$","?","R","E","?","T","R","E","$","E","M","R","BOSS","M","M","?","M","$","E","R","?","T","E","M","?","E","$","R","BOSS","M","M","M","$","?","E","M","E","T","E","R","M","R","M","R","BOSS"],"build_version":"2019-01-23","purchased_purges":3,"victory":true,"max_hp_per_floor":[70,70,70,70,70,70,70,70,70,70,70,70,70,70,70,70,70,70,70,86,86,86,86,86,86,86,100,100,100,100,100,100,100,100,100,100,100,100,95,95,95,95,95,95,95,95,95,95,95,95],"card_choices":[{"not_picked":["Escape Plan","Prepared"],"picked":"Endless Agony","floor":1},{"not_picked":["Escape Plan","Flying Knee"],"picked":"Poisoned Stab","floor":2},{"not_picked":["Heel Hook","Flying Knee"],"picked":"Dagger Spray","floor":3},{"not_picked":["Bane","Dagger Throw"],"picked":"PiercingWail","floor":7},{"not_picked":["Phantasmal Killer","Storm of Steel"],"picked":"Footwork","floor":11},{"not_picked":["Distraction","Venomology"],"picked":"Backflip","floor":13},{"not_picked":["Bane","Acrobatics","Slice"],"picked":"SKIP","floor":14},{"not_picked":["Unload","Die Die Die"],"picked":"Glass Knife","floor":16},{"not_picked":["Terror","Infinite Blades"],"picked":"Blur","floor":18},{"not_picked":["Deadly Poison","Slice","Prepared"],"picked":"SKIP","floor":19},{"not_picked":["Eviscerate","Deadly Poison"],"picked":"Catalyst","floor":21},{"not_picked":["Endless Agony+1","Noxious Fumes"],"picked":"Dodge and Roll","floor":23},{"not_picked":["Concentrate","Poisoned Stab"],"picked":"Crippling Poison+1","floor":27},{"not_picked":["Deflect","Skewer","Outmaneuver"],"picked":"SKIP","floor":28},{"not_picked":["Skewer","Outmaneuver"],"picked":"Deflect","floor":28},{"not_picked":["Poisoned Stab","Terror","Heel Hook+1"],"picked":"SKIP","floor":30},{"not_picked":["Doppelganger","Grand Finale"],"picked":"Venomology","floor":33},{"not_picked":["Slice","Deflect"],"picked":"PiercingWail","floor":35},{"not_picked":["Terror","Deadly Poison","Heel Hook+1"],"picked":"SKIP","floor":36},{"not_picked":["Prepared","Skewer"],"picked":"Dodge and Roll","floor":37},{"not_picked":["Flying Knee","Blade Dance+1","Bane"],"picked":"SKIP","floor":40},{"not_picked":["Bouncing Flask+1","Acrobatics","Blade Dance+1"],"picked":"SKIP","floor":41},{"not_picked":["Poisoned Stab","All Out Attack+1"],"picked":"Deflect+1","floor":42},{"not_picked":["Outmaneuver+1","Corpse Explosion"],"picked":"Backflip","floor":44},{"not_picked":["Flying Knee","Terror+1"],"picked":"Noxious Fumes","floor":46},{"not_picked":["Dagger Spray+1","Backflip"],"picked":"Well Laid Plans+1","floor":48}],"player_experience":459150,"relics_obtained":[{"floor":7,"key":"Turnip"},{"floor":9,"key":"Centennial Puzzle"},{"floor":11,"key":"Pocketwatch"},{"floor":13,"key":"Darkstone Periapt"},{"floor":23,"key":"Pen Nib"},{"floor":26,"key":"The Courier"},{"floor":27,"key":"Mango"},{"floor":30,"key":"Blood Vial"},{"floor":40,"key":"Gremlin Horn"},{"floor":42,"key":"Du-Vu Doll"},{"floor":43,"key":"Bottled Tornado"},{"floor":44,"key":"Dodecahedron"}],"event_choices":[{"damage_healed":0,"gold_gain":0,"player_choice":"Success","damage_taken":7,"relics_obtained":["Vajra"],"max_hp_gain":0,"max_hp_loss":0,"event_name":"Scrap Ooze","floor":5,"gold_loss":0},{"damage_healed":0,"gold_gain":0,"player_choice":"Grow","damage_taken":0,"max_hp_gain":0,"max_hp_loss":0,"event_name":"Living Wall","floor":8,"gold_loss":0,"cards_upgraded":["Neutralize"]},{"damage_healed":0,"gold_gain":0,"player_choice":"Opened","damage_taken":0,"relics_obtained":["Pear"],"max_hp_gain":0,"max_hp_loss":0,"event_name":"The Mausoleum","floor":20,"gold_loss":0,"cards_obtained":["Writhe"]},{"cards_removed":["Clumsy"],"damage_healed":0,"gold_gain":0,"player_choice":"Gave Gold","damage_taken":0,"max_hp_gain":0,"max_hp_loss":0,"event_name":"Beggar","floor":25,"gold_loss":75},{"damage_healed":0,"gold_gain":0,"player_choice":"Read","damage_taken":0,"max_hp_gain":0,"max_hp_loss":0,"event_name":"The Library","floor":29,"gold_loss":0,"cards_obtained":["Catalyst"]},{"damage_healed":0,"gold_gain":0,"player_choice":"Max HP","damage_taken":0,"max_hp_gain":0,"max_hp_loss":5,"event_name":"Winding Halls","floor":39,"gold_loss":0}],"is_beta":false,"boss_relics":[{"not_picked":["Runic Dome","Velvet Choker"],"picked":"Philosopher\u0027s Stone"},{"not_picked":["Eternal Feather","WristBlade"],"picked":"HoveringKite"}],"items_purged_floors":[22,31,38],"is_endless":false,"potions_floor_spawned":[2,14,16,18,19,23,30,33,37,41,46,48],"ascension_level":12}