{"path_per_floor":["M","M","M","$","T","E","R","M","T","R","E","M","M","M","R","B",null,"M","$","M","$","M","M","M"],"character_chosen":"THE_SILENT","items_purchased":["Envenom","Bag of Marbles","Backflip"],"gold_per_floor":[115,131,143,64,111,140,140,152,152,152,182,196,207,217,217,315,345,365,214,233,211,224,241,259],"floor_reached":25,"campfire_rested":2,"playtime":1883,"current_hp_per_floor":[70,70,70,70,70,51,51,44,44,65,55,43,34,34,55,39,75,55,55,55,55,34,30,6],"items_purged":[],"gold":259,"score":219,"play_id":"6a32be07-991c-4001-a41a-f31595abc052","is_prod":false,"is_daily":false,"is_ascension_mode":false,"campfire_upgraded":1,"path_taken":["M","M","M","$","?","E","R","M","T","R","E","M","?","M","R","BOSS","M","$","M","$","M","M","M","M"],"build_version":"2018-02-22-PROD2","purchased_purges":0,"victory":false,"master_deck":["Defend_G","Defend_G","Defend_G","Defend_G","Defend_G","Strike_G","Strike_G","Strike_G","Strike_G","Strike_G","Survivor","Neutralize+1","Dagger Throw","Poisoned Stab","Deflect","Envenom+1","Bouncing Flask+1","Poisoned Stab","Flying Knee","Slice","Quick Slash","PiercingWail","Burst","Bane","Deadly Poison","Flying Knee","Backflip","Deadly Poison","Quick Slash+1","Terror+1"],"max_hp_per_floor":[70,70,70,70,70,70,70,70,70,70,70,70,70,70,70,70,75,75,75,75,75,75,75,75],"relics":["Ring of the Snake","Snake Skull","Gambling Chip","Unceasing Top","Kunai","Tiny House","Bag of Marbles"],"card_choices":[{"not_picked":["Deflect","Setup"],"picked":"Dagger Throw"},{"not_picked":["Dodge and Roll","Riddle With Holes"],"picked":"Poisoned Stab"},{"not_picked":["Dodge and Roll","All Out Attack"],"picked":"Deflect"},{"not_picked":["Bane","Corpse Explosion"],"picked":"Bouncing Flask"},{"not_picked":["Dagger Spray","Deflect"],"picked":"Poisoned Stab"},{"not_picked":["Well Laid Plans","After Image"],"picked":"Flying Knee"},{"not_picked":["Prepared","Calculated Gamble"],"picked":"Slice"},{"not_picked":["Deflect","Outmaneuver"],"picked":"Quick Slash"},{"not_picked":["Outmaneuver","Acrobatics"],"picked":"PiercingWail"},{"not_picked":["Tools of the Trade","Grand Finale"],"picked":"Burst"},{"not_picked":["Backstab","Escape Plan"],"picked":"Bane"},{"not_picked":["PiercingWail","Dagger Spray"],"picked":"Deadly Poison"},{"not_picked":["PiercingWail","Caltrops"],"picked":"Flying Knee"},{"not_picked":["Eviscerate","PiercingWail"],"picked":"Deadly Poison"},{"not_picked":["Accuracy","Backflip"],"picked":"Quick Slash"},{"not_picked":["Masterful Stab","Envenom"],"picked":"Terror"}],"player_experience":199414,"potions_floor_usage":[11,16,16,23,24,25,25],"damage_taken":[{"damage":0,"enemies":"Cultist","floor":1,"turns":4},{"damage":0,"enemies":"2 Louse","floor":2,"turns":3},{"damage":0,"enemies":"Small Slimes","floor":3,"turns":3},{"damage":19,"enemies":"Gremlin Nob","floor":6,"turns":4},{"damage":7,"enemies":"Looter","floor":8,"turns":2},{"damage":10,"enemies":"Lagavulin","floor":11,"turns":4},{"damage":12,"enemies":"Exordium Thugs","floor":12,"turns":3},{"damage":9,"enemies":"Blue Slaver","floor":13,"turns":2},{"damage":0,"enemies":"Gremlin Gang","floor":14,"turns":3},{"damage":16,"enemies":"Slime Boss","floor":16,"turns":7},{"damage":20,"enemies":"Spheric Guardian","floor":18,"turns":4},{"damage":0,"enemies":"Chosen","floor":20,"turns":3},{"damage":21,"enemies":"3 Cultists","floor":22,"turns":6},{"damage":10,"enemies":"Snecko","floor":23,"turns":3},{"damage":24,"enemies":"Chosen and Byrds","floor":24,"turns":6},{"damage":9,"enemies":"Centurion and Healer","floor":25,"turns":3}],"event_choices":[],"boss_relics":[{"not_picked":["Runic Pyramid","White Beast Statue"],"picked":"Tiny House"}],"potions_floor_spawned":[2,6,12,14,16,22,23],"seed_played":"-1557436096836485223","killed_by":"Centurion and Healer","ascension_level":0,"is_trial":false}