{"path_per_floor":["M","?","$","?","$","E","$","M","T","R","E","M","M","E","R","B",null,"M","M","?","M","M","R","M","E","T","R","?","E"],"character_chosen":"THE_SILENT","items_purchased":["Master of Strategy"],"gold_per_floor":[119,119,119,194,15,48,48,64,88,88,121,137,150,185,185,281,281,294,308,308,324,339,339,351,385,385,385,308,342,342],"floor_reached":30,"campfire_rested":2,"playtime":2236,"current_hp_per_floor":[70,63,63,52,52,46,46,46,46,46,42,42,42,40,40,3,70,70,62,49,18,3,25,19,12,12,34,34,1,0],"items_purged":[],"gold":342,"score":317,"play_id":"3c9f98bd-2ec4-4106-b90b-971929f081d0","local_time":"20180514060709","is_prod":false,"is_daily":false,"chose_seed":false,"is_ascension_mode":true,"campfire_upgraded":2,"timestamp":1526270829,"path_taken":["M","?","$","?","$","E","$","M","T","R","E","M","M","E","R","BOSS","M","M","?","M","M","R","M","E","T","R","?","E","M"],"build_version":"2018-05-10","seed_source_timestamp":15236924078764,"purchased_purges":0,"victory":false,"master_deck":["Defend_G","Defend_G","Defend_G","Defend_G","Defend_G","Strike_G","Strike_G","Strike_G","Strike_G","Survivor","Neutralize+1","Writhe","Die Die Die","Flying Knee","Master of Strategy+1","Calculated Gamble","Quick Slash","Well Laid Plans","Slice","Envenom","Flying Knee","Prepared+1","Backflip+1","Backflip","J.A.X.","Flying Knee"],"max_hp_per_floor":[70,70,70,70,70,70,70,70,70,70,70,70,70,70,70,70,70,70,70,75,75,75,75,75,75,75,75,75,75,75],"relics":["Ring of the Snake","Lantern","Orichalcum","Oddly Smooth Stone","Centennial Puzzle","Philosopher\u0027s Stone","Bird Faced Urn","Toolbox","Regal Pillow"],"card_choices":[{"not_picked":["Unload","Doppelganger"],"picked":"Die Die Die","floor":0},{"not_picked":["Sucker Punch","Eviscerate"],"picked":"Flying Knee","floor":1},{"not_picked":["Slice","Heel Hook"],"picked":"Calculated Gamble","floor":6},{"not_picked":["Underhanded Strike","Dodge and Roll"],"picked":"Quick Slash","floor":8},{"not_picked":["Dash","Dagger Throw"],"picked":"Well Laid Plans","floor":11},{"not_picked":["Tools of the Trade","Prepared"],"picked":"Slice","floor":13},{"not_picked":["Tactician","Doppelganger"],"picked":"Envenom","floor":16},{"not_picked":["PiercingWail","Leg Sweep"],"picked":"Flying Knee","floor":18},{"not_picked":["Dodge and Roll","Dagger Throw"],"picked":"Prepared","floor":21},{"not_picked":["Cloak And Dagger","Footwork"],"picked":"Backflip","floor":24},{"not_picked":["Underhanded Strike","Blur"],"picked":"Backflip","floor":25},{"not_picked":["Sucker Punch","Wraith Form v2"],"picked":"Flying Knee","floor":29}],"player_experience":57141,"potions_floor_usage":[11,16,16,22,25,25],"damage_taken":[{"damage":0,"enemies":"2 Louse","floor":1,"turns":2},{"damage":6,"enemies":"3 Sentries","floor":6,"turns":9},{"damage":0,"enemies":"Small Slimes","floor":8,"turns":3},{"damage":4,"enemies":"Gremlin Nob","floor":11,"turns":4},{"damage":0,"enemies":"Jaw Worm","floor":12,"turns":3},{"damage":0,"enemies":"Blue Slaver","floor":13,"turns":4},{"damage":2,"enemies":"3 Sentries","floor":14,"turns":5},{"damage":37,"enemies":"Hexaghost","floor":16,"turns":15},{"damage":0,"enemies":"Chosen","floor":18,"turns":5},{"damage":8,"enemies":"2 Thieves","floor":19,"turns":3},{"damage":31,"enemies":"Snake Plant","floor":21,"turns":7},{"damage":15,"enemies":"3 Cultists","floor":22,"turns":6},{"damage":6,"enemies":"Centurion and Healer","floor":24,"turns":7},{"damage":7,"enemies":"Book of Stabbing","floor":25,"turns":5},{"damage":41,"enemies":"Gremlin Leader","floor":29,"turns":8},{"damage":5,"enemies":"Snake Plant","floor":30,"turns":1}],"event_choices":[{"event_name":"Golden Wing","player_choice":"Card Removal","floor":2,"damage_taken":0},{"event_name":"World of Goop","player_choice":"Gather Gold","floor":4,"damage_taken":0},{"event_name":"Forgotten Altar","player_choice":"Shed Blood","floor":20,"damage_taken":0},{"event_name":"Drug Dealer","player_choice":"Got JAXXED","floor":28,"damage_taken":0}],"boss_relics":[{"not_picked":["Velvet Choker","Calling Bell"],"picked":"Philosopher\u0027s Stone"}],"potions_floor_spawned":[8,11,13,14,18,22],"seed_played":"-5727644922483561285","killed_by":"Snake Plant","ascension_level":2,"is_trial":false}