{"path_per_floor":["M","$","M","M","?","E","M","R","T","$","R","M","T","?","R","B",null,"M","M","M","M","$","R","E","R","T","R","?","M","E","M","R","B",null,"M","?","?","M","?","R","?","M","T","M","$","?","M"],"character_chosen":"IRONCLAD","items_purchased":["Dodecahedron","Bludgeon","Mercury Hourglass"],"gold_per_floor":[20,20,30,48,13,47,58,58,58,58,58,76,101,101,101,205,205,220,235,248,261,10,10,40,40,40,40,40,59,92,104,104,204,204,216,316,316,330,330,330,678,697,720,735,272,272,287,287],"floor_reached":48,"campfire_rested":2,"playtime":3358,"current_hp_per_floor":[72,72,62,55,75,33,30,54,54,54,54,58,58,51,51,32,68,76,80,80,80,80,80,65,65,65,65,65,51,37,41,67,57,80,80,80,69,65,65,73,36,40,40,27,27,27,8,0],"items_purged":["Bash"],"gold":287,"score":733,"play_id":"bab3bbb7-3e8d-4f6d-80ed-813e919b8a9c","local_time":"20180520233718","is_prod":false,"is_daily":false,"chose_seed":false,"is_ascension_mode":true,"campfire_upgraded":6,"timestamp":1526852238,"campfire_choices":[{"floor":8,"key":"REST"},{"data":"Offering","floor":11,"key":"SMITH"},{"data":"Demon Form","floor":15,"key":"SMITH"},{"data":"Shockwave","floor":23,"key":"SMITH"},{"data":"Whirlwind","floor":25,"key":"SMITH"},{"data":"Impervious","floor":27,"key":"SMITH"},{"floor":32,"key":"REST"},{"data":"Madness","floor":40,"key":"SMITH"}],"path_taken":["M","?","?","M","?","E","?","R","T","?","R","M","?","?","R","BOSS","M","M","M","M","$","R","E","R","T","R","?","M","E","M","R","BOSS","M","?","?","M","?","R","?","M","T","M","$","?","M","M"],"build_version":"2018-05-17","seed_source_timestamp":91907527561680,"purchased_purges":1,"victory":false,"master_deck":["Strike_R","Strike_R+1","Strike_R","Strike_R","Strike_R+1","Defend_R","Defend_R","Defend_R","Defend_R","AscendersBane","Demon Form+1","Offering+1","Whirlwind+1","Impervious+1","Shockwave+1","Offering","Madness+1","Thunderclap+1","Dual Wield+1","Bludgeon+1"],"max_hp_per_floor":[80,80,80,80,80,80,80,80,80,80,80,80,80,80,80,80,80,80,80,80,80,80,80,87,87,87,87,87,87,87,87,87,87,87,87,87,87,87,87,87,87,87,87,87,87,87,87,87],"relics":["Burning Blood","Blood Vial","Molten Egg 2","Juzu Bracelet","Ginger","Snecko Eye","Dodecahedron","Strawberry","Centennial Puzzle","Boot","Eternal Feather","Old Coin","Whetstone","Mercury Hourglass"],"card_choices":[{"not_picked":["Reaper","Juggernaut"],"picked":"Demon Form","floor":0},{"not_picked":["Cleave","Infernal Blade","True Grit"],"picked":"SKIP","floor":1},{"not_picked":["Warcry","Pommel Strike","Blood for Blood"],"picked":"SKIP","floor":3},{"not_picked":["Havoc","Perfected Strike","Sever Soul"],"picked":"SKIP","floor":4},{"not_picked":["Warcry","Infernal Blade"],"picked":"Offering","floor":6},{"not_picked":["Iron Wave","Headbutt"],"picked":"Whirlwind","floor":7},{"not_picked":["True Grit","Power Through","Body Slam+1"],"picked":"SKIP","floor":12},{"not_picked":["Demon Form","Limit Break"],"picked":"Impervious","floor":16},{"not_picked":["Clash+1","Armaments","Carnage+1"],"picked":"SKIP","floor":18},{"not_picked":["Whirlwind+1","Sword Boomerang+1","Sever Soul+1"],"picked":"SKIP","floor":19},{"not_picked":["Havoc+1","Anger+1","Pommel Strike+1"],"picked":"SKIP","floor":20},{"not_picked":["Clash+1","Headbutt+1"],"picked":"Shockwave","floor":21},{"not_picked":["Ghostly Armor+1","Headbutt+1","Seeing Red+1"],"picked":"SKIP","floor":24},{"not_picked":["Corruption+1","Cleave+1","Seeing Red"],"picked":"SKIP","floor":29},{"not_picked":["Rampage+1","Anger+1","Pommel Strike+1"],"picked":"SKIP","floor":30},{"not_picked":["Headbutt+1","Berserk","Clash+1"],"picked":"SKIP","floor":31},{"not_picked":["Berserk","Fiend Fire+1"],"picked":"Offering","floor":33},{"not_picked":["Disarm","Pommel Strike+1","Rupture+1"],"picked":"SKIP","floor":35},{"not_picked":["Burning Pact+1","Pummel+1"],"picked":"Thunderclap+1","floor":38},{"not_picked":["Flex","Inflame","Headbutt+1"],"picked":"SKIP","floor":42},{"not_picked":["Thunderclap+1","Seeing Red"],"picked":"Dual Wield+1","floor":44},{"not_picked":["Rupture+1","Sword Boomerang+1","Armaments+1"],"picked":"SKIP","floor":47}],"player_experience":140293,"potions_floor_usage":[16,16,16,24,24,33,35,48,48],"damage_taken":[{"damage":6,"enemies":"Cultist","floor":1,"turns":3},{"damage":16,"enemies":"Small Slimes","floor":3,"turns":5},{"damage":13,"enemies":"2 Louse","floor":4,"turns":4},{"damage":48,"enemies":"Gremlin Nob","floor":6,"turns":5},{"damage":11,"enemies":"Looter","floor":7,"turns":5},{"damage":4,"enemies":"Gremlin Gang","floor":12,"turns":2},{"damage":27,"enemies":"The Guardian","floor":16,"turns":9},{"damage":0,"enemies":"3 Byrds","floor":18,"turns":5},{"damage":0,"enemies":"Chosen","floor":19,"turns":4},{"damage":5,"enemies":"Snecko","floor":20,"turns":4},{"damage":1,"enemies":"Cultist and Chosen","floor":21,"turns":5},{"damage":28,"enemies":"Slavers","floor":24,"turns":4},{"damage":22,"enemies":"Snake Plant","floor":29,"turns":4},{"damage":22,"enemies":"Gremlin Leader","floor":30,"turns":4},{"damage":4,"enemies":"Chosen and Byrds","floor":31,"turns":4},{"damage":18,"enemies":"Automaton","floor":33,"turns":6},{"damage":8,"enemies":"Orb Walker","floor":35,"turns":3},{"damage":12,"enemies":"3 Shapes","floor":38,"turns":2},{"damage":45,"enemies":"Mysterious Sphere","floor":41,"turns":4},{"damage":4,"enemies":"3 Darklings","floor":42,"turns":2},{"damage":21,"enemies":"Maw","floor":44,"turns":6},{"damage":27,"enemies":"4 Shapes","floor":47,"turns":7},{"damage":19,"enemies":"Sphere and 2 Shapes","floor":48,"turns":2}],"relics_obtained":[{"floor":6,"key":"Blood Vial"},{"floor":9,"key":"Molten Egg 2"},{"floor":13,"key":"Juzu Bracelet"},{"floor":24,"key":"Strawberry"},{"floor":26,"key":"Centennial Puzzle"},{"floor":30,"key":"Boot"},{"floor":41,"key":"Old Coin"},{"floor":43,"key":"Whetstone"}],"event_choices":[{"event_name":"The Cleric","player_choice":"Healed","floor":5,"damage_taken":0},{"event_name":"Scrap Ooze","player_choice":"success","floor":14,"damage_taken":7},{"event_name":"Drug Dealer","player_choice":"Ignored","floor":28,"damage_taken":0},{"event_name":"Golden Shrine","player_choice":"Pray","floor":36,"damage_taken":0},{"event_name":"Winding Halls","player_choice":"Embrace Madness","floor":37,"damage_taken":0},{"event_name":"Tomb of Lord Red Mask","player_choice":"Ignored","floor":39,"damage_taken":0},{"event_name":"Mysterious Sphere","player_choice":"Fight","floor":41,"damage_taken":0}],"boss_relics":[{"not_picked":["Cursed Key","Velvet Choker"],"picked":"Snecko Eye"},{"not_picked":["Runic Pyramid","Astrolabe"],"picked":"Eternal Feather"}],"potions_floor_spawned":[3,6,12,16,20,21,29,31,42,44],"seed_played":"7330146269037362314","killed_by":"Sphere and 2 Shapes","ascension_level":10,"potions_obtained":[{"floor":3,"key":"SteroidPotion"},{"floor":6,"key":"PowerPotion"},{"floor":12,"key":"FearPotion"},{"floor":16,"key":"Ancient Potion"},{"floor":20,"key":"Energy Potion"},{"floor":21,"key":"FearPotion"},{"floor":29,"key":"SkillPotion"},{"floor":31,"key":"Strength Potion"},{"floor":42,"key":"Dexterity Potion"},{"floor":44,"key":"Fire Potion"}],"is_trial":false}