{"gold_per_floor":[113,113,59,59,74,104,104,104,129,146,146,146,146,164,164,164],"floor_reached":16,"playtime":217,"items_purged":[],"score":234,"play_id":"a888e880-addd-4e4b-b4f9-8ec6198f7d43","local_time":"20190203160235","is_ascension_mode":true,"campfire_choices":[{"data":"Headbutt","floor":7,"key":"SMITH"},{"data":"Headbutt","floor":12,"key":"SMITH"},{"data":"Bash","floor":15,"key":"SMITH"}],"neow_cost":"NONE","seed_source_timestamp":512806067121800,"circlet_count":0,"master_deck":["AscendersBane","Strike_R","Strike_R","Strike_R","Strike_R","Strike_R","Defend_R","Defend_R","Defend_R","Defend_R","Bash+1","Headbutt+1","Headbutt+1","Offering"],"relics":["Burning Blood","NeowsBlessing","Oddly Smooth Stone","Lantern","Frozen Egg 2","Art of War"],"potions_floor_usage":[16],"damage_taken":[{"damage":0,"enemies":"Cultist","floor":1,"turns":1},{"damage":0,"enemies":"2 Louse","floor":5,"turns":1},{"damage":0,"enemies":"Gremlin Nob","floor":6,"turns":1},{"damage":12,"enemies":"Jaw Worm","floor":10,"turns":3},{"damage":15,"enemies":"Blue Slaver","floor":14,"turns":3},{"damage":63,"enemies":"The Guardian","floor":16,"turns":4}],"seed_played":"-2550338752329913757","potions_obtained":[{"floor":5,"key":"SteroidPotion"},{"floor":14,"key":"Explosive Potion"}],"is_trial":false,"path_per_floor":["M","$","?","$","M","E","R","T","T","M","$","R","?","M","R","B"],"character_chosen":"IRONCLAD","items_purchased":[],"campfire_rested":0,"item_purchase_floors":[],"current_hp_per_floor":[74,74,74,74,75,75,75,75,75,69,69,69,69,60,60,0],"gold":164,"neow_bonus":"THREE_ENEMY_KILL","is_prod":false,"is_daily":false,"chose_seed":false,"campfire_upgraded":3,"win_rate":0,"timestamp":1549206155,"path_taken":["M","?","?","$","?","E","R","?","T","M","?","R","?","?","R","BOSS"],"build_version":"2019-01-23","purchased_purges":0,"victory":false,"max_hp_per_floor":[75,75,75,75,75,75,75,75,75,75,75,75,75,75,75,75],"card_choices":[{"not_picked":["Thunderclap","Havoc","Warcry"],"picked":"SKIP","floor":1},{"not_picked":["Clash","Havoc","Perfected Strike"],"picked":"SKIP","floor":5},{"not_picked":["Pommel Strike","Thunderclap"],"picked":"Headbutt","floor":6},{"not_picked":["Rage","Clash"],"picked":"Headbutt","floor":10},{"not_picked":["Thunderclap","True Grit"],"picked":"Offering","floor":14}],"player_experience":327105,"relics_obtained":[{"floor":6,"key":"Lantern"},{"floor":8,"key":"Frozen Egg 2"},{"floor":9,"key":"Art of War"}],"event_choices":[{"damage_healed":0,"gold_gain":0,"player_choice":"Paid Gold","damage_taken":0,"relics_obtained":["Oddly Smooth Stone"],"max_hp_gain":0,"max_hp_loss":0,"event_name":"WeMeetAgain","floor":3,"gold_loss":54},{"damage_healed":0,"gold_gain":0,"player_choice":"0 cards matched","damage_taken":0,"max_hp_gain":0,"max_hp_loss":0,"event_name":"Match and Keep!","floor":13,"gold_loss":0,"cards_obtained":[]}],"is_beta":false,"boss_relics":[],"items_purged_floors":[],"is_endless":false,"potions_floor_spawned":[5,14],"killed_by":"The Guardian","ascension_level":18}