{"gold_per_floor":[118,193,193,210,225,260,260,283,332,342,342,267,267,301,301,301],"floor_reached":16,"playtime":1062,"items_purged":["Strike_R"],"score":119,"play_id":"9102b34c-d76c-4f5d-aaba-f40074c75c07","local_time":"20190217164408","is_ascension_mode":true,"campfire_choices":[{"data":"True Grit","floor":11,"key":"SMITH"},{"data":"Warcry","floor":13,"key":"SMITH"},{"floor":15,"key":"REST"}],"neow_cost":"NONE","seed_source_timestamp":285608864817175,"circlet_count":0,"master_deck":["Strike_R","Strike_R","Strike_R","Defend_R","Defend_R","Defend_R","Defend_R","Bash","True Grit+1","Offering","Shrug It Off","Warcry+1","Whirlwind","Pommel Strike"],"relics":["Burning Blood","NeowsBlessing","Anchor","Lantern","Regal Pillow","Unceasing Top"],"potions_floor_usage":[6,14,16],"damage_taken":[{"damage":0,"enemies":"Jaw Worm","floor":1,"turns":1},{"damage":0,"enemies":"2 Louse","floor":4,"turns":1},{"damage":0,"enemies":"Cultist","floor":5,"turns":1},{"damage":30,"enemies":"3 Sentries","floor":6,"turns":13},{"damage":6,"enemies":"Large Slime","floor":10,"turns":4},{"damage":22,"enemies":"Gremlin Nob","floor":14,"turns":4},{"damage":94,"enemies":"The Guardian","floor":16,"turns":22}],"seed_played":"-2851048630707410195","potions_obtained":[{"floor":4,"key":"AttackPotion"},{"floor":5,"key":"Energy Potion"},{"floor":10,"key":"Energy Potion"}],"is_trial":false,"path_per_floor":["M","?","?","M","M","E","?","T","T","M","R","$","R","E","R","B"],"character_chosen":"IRONCLAD","items_purchased":[],"campfire_rested":1,"item_purchase_floors":[],"current_hp_per_floor":[80,69,69,75,80,56,56,56,56,56,56,56,56,40,79,0],"gold":301,"neow_bonus":"THREE_ENEMY_KILL","is_prod":false,"is_daily":false,"chose_seed":false,"campfire_upgraded":2,"win_rate":0,"timestamp":1550389448,"path_taken":["M","?","?","?","M","E","?","?","T","M","R","$","R","E","R","BOSS"],"build_version":"2019-01-23","purchased_purges":1,"victory":false,"max_hp_per_floor":[80,80,80,80,80,80,80,80,80,80,80,80,80,80,80,80],"card_choices":[{"not_picked":["Spot Weakness","Searing Blow"],"picked":"True Grit","floor":1},{"not_picked":["Intimidate","Dual Wield"],"picked":"Shrug It Off","floor":4},{"not_picked":["Heavy Blade","Searing Blow"],"picked":"Warcry","floor":5},{"not_picked":["Shrug It Off","Wild Strike"],"picked":"Whirlwind","floor":6},{"not_picked":["True Grit","Armaments"],"picked":"Pommel Strike","floor":10},{"not_picked":["Heavy Blade","Sentinel","Cleave"],"picked":"SKIP","floor":14}],"player_experience":93029,"relics_obtained":[{"floor":6,"key":"Anchor"},{"floor":8,"key":"Lantern"},{"floor":9,"key":"Regal Pillow"},{"floor":14,"key":"Unceasing Top"}],"event_choices":[{"damage_healed":0,"gold_gain":75,"player_choice":"Gather Gold","damage_taken":11,"max_hp_gain":0,"max_hp_loss":0,"event_name":"World of Goop","floor":2,"gold_loss":0},{"damage_healed":0,"gold_gain":0,"player_choice":"1 cards matched","damage_taken":0,"max_hp_gain":0,"max_hp_loss":0,"event_name":"Match and Keep!","floor":3,"gold_loss":0,"cards_obtained":["Offering"]},{"cards_removed":["Strike_R"],"damage_healed":0,"gold_gain":0,"player_choice":"Forget","damage_taken":0,"max_hp_gain":0,"max_hp_loss":0,"event_name":"Living Wall","floor":7,"gold_loss":0}],"is_beta":false,"boss_relics":[],"items_purged_floors":[12],"is_endless":false,"potions_floor_spawned":[4,5,10],"killed_by":"The Guardian","ascension_level":2}