{"gold_per_floor":[117,66,66,66,87,118,148,113,113,128,128,143,164,188,188,283,283,298,298,298,314,329,329,363,363,393,411,411,435,455,79,79,169,169,185,210,226,18,39,75,90,111,159,159],"floor_reached":44,"playtime":1371,"items_purged":[],"score":1108,"play_id":"427cc9e9-df14-4d36-8686-ea93231a1b5a","local_time":"20190201171822","is_ascension_mode":true,"campfire_choices":[{"floor":15,"key":"REST"},{"floor":23,"key":"REST"},{"data":"Heavy Blade","floor":25,"key":"SMITH"},{"data":"Heavy Blade","floor":32,"key":"SMITH"}],"neow_cost":"CURSE","seed_source_timestamp":343394207130300,"circlet_count":0,"master_deck":["AscendersBane","Strike_R","Strike_R","Strike_R","Strike_R","Defend_R","Defend_R","Defend_R+1","Defend_R+1","Bash","Normality","Battle Trance","Cleave","Regret","Injury","Heavy Blade+1","Writhe","Twin Strike","Thunderclap","Headbutt","Sever Soul","Reaper","Cleave","Decay","Pommel Strike+1","Cleave+1","Sever Soul+1","Clumsy","Shockwave+1","Heavy Blade+1","Seeing Red","Infernal Blade","Anger","Sword Boomerang","Dramatic Entrance","Cleave","Impervious","Pommel Strike","Pommel Strike+1","Pommel Strike","Normality"],"relics":["Burning Blood","Du-Vu Doll","Sundial","Golden Idol","Peace Pipe","Ice Cream","Potion Belt","Cursed Key","War Paint","Tiny Chest","Meat on the Bone","Fusion Hammer","Pen Nib","Blood Vial"],"potions_floor_usage":[16,16,24,24,33,40,40],"damage_taken":[{"damage":0,"enemies":"Cultist","floor":1,"turns":3},{"damage":16,"enemies":"Small Slimes","floor":5,"turns":3},{"damage":39,"enemies":"Lagavulin","floor":6,"turns":6},{"damage":9,"enemies":"2 Louse","floor":10,"turns":3},{"damage":1,"enemies":"Looter","floor":12,"turns":2},{"damage":11,"enemies":"Blue Slaver","floor":13,"turns":3},{"damage":15,"enemies":"Gremlin Gang","floor":14,"turns":3},{"damage":50,"enemies":"Hexaghost","floor":16,"turns":7},{"damage":20,"enemies":"3 Byrds","floor":18,"turns":4},{"damage":1,"enemies":"Spheric Guardian","floor":21,"turns":3},{"damage":31,"enemies":"Shelled Parasite and Fungi","floor":22,"turns":2},{"damage":35,"enemies":"Book of Stabbing","floor":24,"turns":3},{"damage":12,"enemies":"Cultist and Chosen","floor":27,"turns":3},{"damage":2,"enemies":"Sentry and Sphere","floor":29,"turns":2},{"damage":21,"enemies":"Snecko","floor":30,"turns":4},{"damage":28,"enemies":"Collector","floor":33,"turns":6},{"damage":0,"enemies":"Orb Walker","floor":35,"turns":1},{"damage":29,"enemies":"3 Darklings","floor":36,"turns":3},{"damage":19,"enemies":"Maw","floor":37,"turns":6},{"damage":40,"enemies":"Sphere and 2 Shapes","floor":39,"turns":3},{"damage":27,"enemies":"Giant Head","floor":40,"turns":5},{"damage":31,"enemies":"Jaw Worm Horde","floor":41,"turns":2},{"damage":24,"enemies":"Maw","floor":42,"turns":4},{"damage":38,"enemies":"Writhing Mass","floor":44,"turns":1}],"seed_played":"-2836671245958718414","potions_obtained":[{"floor":6,"key":"Swift Potion"},{"floor":10,"key":"SkillPotion"},{"floor":13,"key":"LiquidBronze"},{"floor":16,"key":"GamblersBrew"},{"floor":18,"key":"Dexterity Potion"},{"floor":24,"key":"Block Potion"},{"floor":33,"key":"Weak Potion"},{"floor":35,"key":"Weak Potion"},{"floor":39,"key":"SkillPotion"},{"floor":41,"key":"Ancient Potion"}],"is_trial":false,"path_per_floor":["M","$","?","?","M","E","?","?","T","M","?","M","M","M","R","B",null,"M","?","?","M","M","R","E","R","T","M","?","M","M","$","R","B",null,"M","M","M","$","M","E","M","M","T","M"],"character_chosen":"IRONCLAD","items_purchased":["Cleave","Seeing Red","Meat on the Bone","Dramatic Entrance","Cleave","Poison Potion"],"campfire_rested":2,"item_purchase_floors":[2,31,31,38,38,38],"current_hp_per_floor":[74,74,74,74,64,31,31,49,49,46,46,51,46,37,59,15,60,57,57,57,66,41,63,49,49,49,54,54,65,60,60,60,55,70,75,68,67,67,45,44,31,25,25,0],"gold":159,"neow_bonus":"ONE_RARE_RELIC","is_prod":false,"is_daily":false,"chose_seed":false,"campfire_upgraded":2,"win_rate":0,"timestamp":1549037902,"path_taken":["M","?","?","?","M","E","?","?","T","?","?","M","?","?","R","BOSS","M","?","?","?","M","R","E","R","T","?","?","M","M","$","R","BOSS","M","M","M","$","?","E","M","M","T","M"],"build_version":"2019-01-23","purchased_purges":0,"victory":false,"max_hp_per_floor":[75,75,75,75,75,75,75,75,75,75,75,75,75,75,75,75,75,75,75,75,75,75,75,75,75,75,75,75,75,75,75,75,75,75,75,75,75,75,75,75,75,75,75,75],"card_choices":[{"not_picked":["Rampage","Iron Wave"],"picked":"Battle Trance","floor":1},{"not_picked":["Bloodletting","Entrench","Rampage"],"picked":"SKIP","floor":5},{"not_picked":["Body Slam","Limit Break","Armaments"],"picked":"SKIP","floor":6},{"not_picked":["Headbutt","Shrug It Off"],"picked":"Heavy Blade","floor":10},{"not_picked":["Shrug It Off","Armaments"],"picked":"Thunderclap","floor":12},{"not_picked":["Pommel Strike","Bludgeon"],"picked":"Headbutt","floor":13},{"not_picked":["Headbutt","Cleave"],"picked":"Sever Soul","floor":14},{"not_picked":["Exhume","Double Tap"],"picked":"Reaper","floor":16},{"not_picked":["Disarm","Wild Strike"],"picked":"Cleave","floor":18},{"not_picked":["Body Slam","Battle Trance"],"picked":"Pommel Strike+1","floor":21},{"not_picked":["Rage","Battle Trance"],"picked":"Cleave+1","floor":22},{"not_picked":["Metallicize","Body Slam"],"picked":"Sever Soul+1","floor":24},{"not_picked":["Inflame","Cleave"],"picked":"Shockwave+1","floor":27},{"not_picked":["Fire Breathing","Cleave"],"picked":"Heavy Blade","floor":29},{"not_picked":["Blood for Blood","Power Through","Perfected Strike"],"picked":"SKIP","floor":30},{"not_picked":["Anger","Clash"],"picked":"Infernal Blade","floor":35},{"not_picked":["Thunderclap","Dropkick"],"picked":"Anger","floor":36},{"not_picked":["Wild Strike","Metallicize"],"picked":"Sword Boomerang","floor":37},{"not_picked":["Clothesline","Body Slam"],"picked":"Impervious","floor":39},{"not_picked":["Wild Strike","Warcry"],"picked":"Pommel Strike","floor":40},{"not_picked":["Wild Strike","Sever Soul"],"picked":"Pommel Strike+1","floor":41},{"not_picked":["Dropkick","Sentinel"],"picked":"Pommel Strike","floor":42}],"player_experience":299549,"relics_obtained":[{"floor":6,"key":"Peace Pipe"},{"floor":9,"key":"Potion Belt"},{"floor":24,"key":"War Paint"},{"floor":26,"key":"Tiny Chest"},{"floor":40,"key":"Pen Nib"},{"floor":43,"key":"Blood Vial"}],"event_choices":[{"damage_healed":0,"gold_gain":0,"player_choice":"Box","damage_taken":0,"relics_obtained":["Sundial"],"max_hp_gain":0,"max_hp_loss":0,"event_name":"Big Fish","floor":3,"gold_loss":0,"cards_obtained":["Regret"]},{"damage_healed":0,"gold_gain":0,"player_choice":"Take Wound","damage_taken":0,"relics_obtained":["Golden Idol"],"max_hp_gain":0,"max_hp_loss":0,"event_name":"Golden Idol","floor":4,"gold_loss":0,"cards_obtained":["Injury"]},{"damage_healed":0,"gold_gain":30,"player_choice":"Searched \u00272\u0027 times","damage_taken":0,"relics_obtained":["Ice Cream"],"max_hp_gain":0,"max_hp_loss":0,"event_name":"Dead Adventurer","floor":7,"gold_loss":0},{"damage_healed":18,"gold_gain":0,"player_choice":"Healed","damage_taken":0,"max_hp_gain":0,"max_hp_loss":0,"event_name":"The Cleric","floor":8,"gold_loss":35},{"damage_healed":0,"gold_gain":0,"player_choice":"2 cards matched","damage_taken":0,"max_hp_gain":0,"max_hp_loss":0,"event_name":"Match and Keep!","floor":11,"gold_loss":0,"cards_obtained":["Writhe","Twin Strike"]},{"damage_healed":0,"gold_gain":0,"player_choice":"Smashed Altar","damage_taken":0,"max_hp_gain":0,"max_hp_loss":0,"event_name":"Forgotten Altar","floor":19,"gold_loss":0,"cards_obtained":["Decay"]},{"damage_healed":0,"gold_gain":0,"player_choice":"Leave","damage_taken":0,"max_hp_gain":0,"max_hp_loss":0,"event_name":"FaceTrader","floor":20,"gold_loss":0},{"cards_removed":["Strike_R"],"damage_healed":0,"gold_gain":0,"player_choice":"Purged","damage_taken":0,"max_hp_gain":0,"max_hp_loss":0,"event_name":"Purifier","floor":28,"gold_loss":0}],"is_beta":false,"boss_relics":[{"not_picked":["Astrolabe","Black Blood"],"picked":"Cursed Key"},{"not_picked":["Lizard Tail","Philosopher\u0027s Stone"],"picked":"Fusion Hammer"}],"items_purged_floors":[],"is_endless":false,"potions_floor_spawned":[6,10,13,16,18,24,33,35,39,41],"killed_by":"Writhing Mass","ascension_level":17}