{"gold_per_floor":[112,62,62,62,62,62,93,93,168,206,230,230,230,265,265,395,395,409,448,448,448,322,360,360,396,420,172,172,206,206,206,206,331,331,349,349,364,161,175,213,213,238,238,40,54,54,94,94],"floor_reached":48,"playtime":3935,"items_purged":["Strike_R","Strike_R","Doubt","Fiend Fire"],"score":635,"play_id":"b4742d74-0b31-4b4f-9623-56f5f168dfd4","local_time":"20190215222005","is_ascension_mode":true,"campfire_choices":[{"floor":6,"key":"REST"},{"data":"Body Slam","floor":8,"key":"SMITH"},{"data":"Shrug It Off","floor":12,"key":"SMITH"},{"floor":15,"key":"REST"},{"data":"Shrug It Off","floor":24,"key":"SMITH"},{"data":"Limit Break","floor":28,"key":"SMITH"},{"data":"Offering","floor":30,"key":"SMITH"},{"floor":32,"key":"REST"},{"floor":41,"key":"REST"}],"neow_cost":"NONE","seed_source_timestamp":130081686541820,"circlet_count":0,"master_deck":["Defend_R","Defend_R","Defend_R","Defend_R","Bash","Body Slam+1","Shrug It Off+1","Cleave","Offering+1","Shrug It Off+1","Whirlwind+1","Limit Break+1","Double Tap","Feel No Pain","Bash","Inflame","Disarm+1","Feel No Pain+1"],"relics":["Burning Blood","Golden Idol","Bronze Scales","Sundial","Blue Candle","Oddly Smooth Stone","Question Card","Dead Branch","Cursed Key","Red Mask","MutagenicStrength","Mercury Hourglass","Bottled Lightning","Boot","Omamori","Velvet Choker","Pantograph","Frozen Egg 2","Regal Pillow"],"potions_floor_usage":[19,29,37,40,40,45,47],"damage_taken":[{"damage":10,"enemies":"Cultist","floor":1,"turns":4},{"damage":20,"enemies":"Gremlin Nob","floor":7,"turns":4},{"damage":16,"enemies":"3 Sentries","floor":10,"turns":9},{"damage":4,"enemies":"2 Louse","floor":11,"turns":2},{"damage":20,"enemies":"Lagavulin","floor":14,"turns":8},{"damage":52,"enemies":"Hexaghost","floor":16,"turns":10},{"damage":14,"enemies":"Shell Parasite","floor":18,"turns":2},{"damage":15,"enemies":"Masked Bandits","floor":19,"turns":5},{"damage":15,"enemies":"Gremlin Leader","floor":23,"turns":7},{"damage":6,"enemies":"Slavers","floor":25,"turns":1},{"damage":12,"enemies":"Gremlin Leader","floor":29,"turns":4},{"damage":42,"enemies":"Automaton","floor":33,"turns":7},{"damage":21,"enemies":"3 Shapes","floor":35,"turns":1},{"damage":6,"enemies":"3 Darklings","floor":37,"turns":2},{"damage":47,"enemies":"Maw","floor":39,"turns":6},{"damage":16,"enemies":"Reptomancer","floor":40,"turns":5},{"damage":6,"enemies":"Jaw Worm Horde","floor":42,"turns":1},{"damage":6,"enemies":"Transient","floor":45,"turns":5},{"damage":24,"enemies":"Nemesis","floor":47,"turns":7},{"damage":40,"enemies":"Spire Growth","floor":48,"turns":3}],"seed_played":"5187491593556597719","potions_obtained":[{"floor":7,"key":"GamblersBrew"},{"floor":10,"key":"Swift Potion"},{"floor":18,"key":"Regen Potion"},{"floor":19,"key":"GamblersBrew"},{"floor":33,"key":"Swift Potion"},{"floor":39,"key":"EssenceOfSteel"},{"floor":42,"key":"AttackPotion"},{"floor":45,"key":"SpeedPotion"},{"floor":47,"key":"Energy Potion"}],"is_trial":false,"path_per_floor":["M","?","?","?","?","R","E","R","T","E","M","R","T","E","R","B",null,"M","?","?","?","$","E","R","E","T","$","R","E","R","?","R","B",null,"M","?","M","$","M","E","R","M","T","$","M","?","E","M"],"character_chosen":"IRONCLAD","items_purchased":["Dexterity Potion","Limit Break","Inflame","Dexterity Potion"],"campfire_rested":4,"item_purchase_floors":[22,27,38,44],"current_hp_per_floor":[76,76,56,53,58,83,69,69,69,59,61,61,61,47,72,26,85,77,82,82,82,82,73,73,73,73,73,73,67,67,67,85,49,85,70,70,70,70,29,19,44,44,44,44,44,44,26,0],"gold":94,"neow_bonus":"REMOVE_CARD","is_prod":false,"is_daily":false,"chose_seed":false,"campfire_upgraded":5,"win_rate":0,"timestamp":1550236805,"path_taken":["M","?","?","?","?","R","E","R","T","E","?","R","?","E","R","BOSS","M","?","?","?","$","E","R","E","T","?","R","E","R","?","R","BOSS","M","?","M","$","M","E","R","?","T","?","M","?","E","M"],"build_version":"2019-01-23","purchased_purges":4,"victory":false,"max_hp_per_floor":[80,80,80,80,85,85,85,85,85,85,85,85,85,85,85,85,85,85,85,85,85,85,85,85,85,85,85,85,85,85,85,85,85,85,85,85,85,85,85,85,85,85,85,85,85,85,85,85],"card_choices":[{"not_picked":["Warcry","Twin Strike"],"picked":"Body Slam","floor":1},{"not_picked":["Clothesline","Dark Embrace"],"picked":"Iron Wave","floor":7},{"not_picked":["Havoc","Spot Weakness"],"picked":"Shrug It Off","floor":10},{"not_picked":["Thunderclap","Battle Trance"],"picked":"Cleave","floor":11},{"not_picked":["Ghostly Armor","Flex","Burning Pact"],"picked":"Fiend Fire","floor":14},{"not_picked":["Exhume","Juggernaut","Brutality"],"picked":"Offering","floor":16},{"not_picked":["Rampage","Inflame","Pommel Strike+1"],"picked":"Shrug It Off","floor":18},{"not_picked":["Evolve+1","Armaments","Sword Boomerang"],"picked":"Whirlwind+1","floor":23},{"not_picked":["Bloodletting","Intimidate","Thunderclap","Uppercut"],"picked":"SKIP","floor":25},{"not_picked":["Anger","Bloodletting","Ghostly Armor","Metallicize"],"picked":"SKIP","floor":29},{"not_picked":["Fiend Fire","Bludgeon","Immolate"],"picked":"Double Tap","floor":33},{"not_picked":["Uppercut+1","Warcry","Flame Barrier"],"picked":"Feel No Pain","floor":35},{"not_picked":["Headbutt+1","Burning Pact+1","Pommel Strike+1","Sever Soul+1"],"picked":"SKIP","floor":37},{"not_picked":["Corruption","Pommel Strike+1","Bloodletting","Thunderclap"],"picked":"SKIP","floor":39},{"not_picked":["Flame Barrier","Rampage+1","Armaments","Carnage+1"],"picked":"SKIP","floor":40},{"not_picked":["Thunderclap","Flex+1","Seeing Red","Rage+1"],"picked":"SKIP","floor":42},{"not_picked":["Twin Strike","Cleave","Havoc+1"],"picked":"Disarm+1","floor":45},{"not_picked":["Twin Strike","Whirlwind","Wild Strike","Rampage"],"picked":"SKIP","floor":47}],"player_experience":42508,"relics_obtained":[{"floor":7,"key":"Sundial"},{"floor":9,"key":"Blue Candle"},{"floor":10,"key":"Oddly Smooth Stone"},{"floor":13,"key":"Question Card"},{"floor":14,"key":"Dead Branch"},{"floor":19,"key":"Red Mask"},{"floor":23,"key":"Mercury Hourglass"},{"floor":25,"key":"Bottled Lightning"},{"floor":26,"key":"Boot"},{"floor":29,"key":"Omamori"},{"floor":40,"key":"Pantograph"},{"floor":43,"key":"Frozen Egg 2"},{"floor":47,"key":"Regal Pillow"}],"event_choices":[{"cards_removed":["Strike_R"],"damage_healed":0,"gold_gain":0,"player_choice":"Card Removal","damage_taken":0,"max_hp_gain":0,"max_hp_loss":0,"event_name":"The Cleric","floor":2,"gold_loss":50},{"damage_healed":0,"gold_gain":0,"player_choice":"Take Damage","damage_taken":20,"relics_obtained":["Golden Idol"],"max_hp_gain":0,"max_hp_loss":0,"event_name":"Golden Idol","floor":3,"gold_loss":0},{"damage_healed":0,"gold_gain":0,"player_choice":"Success","damage_taken":3,"relics_obtained":["Bronze Scales"],"max_hp_gain":0,"max_hp_loss":0,"event_name":"Scrap Ooze","floor":4,"gold_loss":0},{"damage_healed":0,"gold_gain":0,"player_choice":"Donut","damage_taken":0,"max_hp_gain":5,"max_hp_loss":0,"event_name":"Big Fish","floor":5,"gold_loss":0},{"damage_healed":0,"gold_gain":0,"player_choice":"Fought Bandits","damage_taken":0,"max_hp_gain":0,"max_hp_loss":0,"event_name":"Masked Bandits","floor":19,"gold_loss":0},{"damage_healed":0,"gold_gain":0,"player_choice":"Inject Mutagens","damage_taken":0,"relics_obtained":["MutagenicStrength"],"max_hp_gain":0,"max_hp_loss":0,"event_name":"Drug Dealer","floor":20,"gold_loss":0},{"cards_removed":["Strike_R"],"damage_healed":0,"gold_gain":0,"player_choice":"Elegance","damage_taken":0,"max_hp_gain":0,"max_hp_loss":0,"event_name":"Back to Basics","floor":21,"gold_loss":0},{"damage_healed":0,"gold_gain":0,"player_choice":"Ignored","damage_taken":0,"max_hp_gain":0,"max_hp_loss":0,"event_name":"Ghosts","floor":31,"gold_loss":0},{"damage_healed":0,"gold_gain":0,"player_choice":"1 cards matched","damage_taken":0,"max_hp_gain":0,"max_hp_loss":0,"event_name":"Match and Keep!","floor":36,"gold_loss":0,"cards_obtained":["Bash"]},{"damage_healed":0,"gold_gain":0,"cards_transformed":["Iron Wave"],"player_choice":"Transformed","damage_taken":0,"max_hp_gain":0,"max_hp_loss":0,"event_name":"Transmorgrifier","floor":46,"gold_loss":0,"cards_obtained":["Feel No Pain"]}],"is_beta":false,"boss_relics":[{"not_picked":["Empty Cage","Runic Cube"],"picked":"Cursed Key"},{"not_picked":["Runic Dome","White Beast Statue"],"picked":"Velvet Choker"}],"items_purged_floors":[22,27,38,44],"is_endless":false,"potions_floor_spawned":[7,10,18,19,33,39,42,45,47],"killed_by":"Spire Growth","ascension_level":1}