{"gold_per_floor":[118,193,204,204,204,225,243,243,323,323,362,362,362],"floor_reached":13,"playtime":362,"items_purged":[],"score":154,"play_id":"7ed6ffce-cfcb-41a3-9ecd-760e49e7caef","local_time":"20190202151353","is_ascension_mode":true,"campfire_choices":[{"floor":8,"key":"REST"},{"floor":10,"key":"REST"}],"neow_cost":"NONE","seed_source_timestamp":1406951908985477,"circlet_count":0,"master_deck":["AscendersBane","Strike_B+1","Strike_B","Strike_B+1","Strike_B","Defend_B","Defend_B","Defend_B","Defend_B","Zap","Dualcast","Ball Lightning","Injury","Cold Snap"],"relics":["Cracked Core","Whetstone","Golden Idol","Tiny Chest","Smiling Mask","Symbiotic Virus"],"potions_floor_usage":[13],"damage_taken":[{"damage":0,"enemies":"2 Louse","floor":1,"turns":3},{"damage":0,"enemies":"Cultist","floor":3,"turns":3},{"damage":7,"enemies":"Small Slimes","floor":6,"turns":3},{"damage":28,"enemies":"Exordium Wildlife","floor":7,"turns":5},{"damage":37,"enemies":"Lagavulin","floor":11,"turns":6},{"damage":48,"enemies":"Gremlin Gang","floor":13,"turns":3}],"seed_played":"-1671468236287973363","potions_obtained":[{"floor":6,"key":"GamblersBrew"},{"floor":11,"key":"FocusPotion"}],"is_trial":false,"path_per_floor":["M","?","M","?","?","M","M","R","T","R","E","T","M"],"character_chosen":"DEFECT","items_purchased":[],"campfire_rested":2,"item_purchase_floors":[],"current_hp_per_floor":[64,53,53,53,53,46,18,39,39,60,23,23,0],"gold":362,"neow_bonus":"RANDOM_COMMON_RELIC","is_prod":false,"is_daily":false,"chose_seed":false,"campfire_upgraded":0,"win_rate":0,"timestamp":1549088033,"path_taken":["M","?","M","?","?","M","M","R","T","R","E","?","M"],"build_version":"2019-01-23","purchased_purges":0,"victory":false,"max_hp_per_floor":[71,71,71,71,71,71,71,71,71,71,71,71,71],"card_choices":[{"not_picked":["Gash","Consume","Streamline"],"picked":"SKIP","floor":1},{"not_picked":["Barrage","Sweeping Beam"],"picked":"Ball Lightning","floor":3},{"not_picked":["Auto Shields","Rip and Tear"],"picked":"Cold Snap","floor":6},{"not_picked":["Compile Driver","Recycle","Sweeping Beam"],"picked":"SKIP","floor":7},{"not_picked":["Storm","Steam","Melter"],"picked":"SKIP","floor":11}],"player_experience":591349,"relics_obtained":[{"floor":9,"key":"Tiny Chest"},{"floor":11,"key":"Smiling Mask"},{"floor":12,"key":"Symbiotic Virus"}],"event_choices":[{"damage_healed":0,"gold_gain":75,"player_choice":"Gather Gold","damage_taken":11,"max_hp_gain":0,"max_hp_loss":0,"event_name":"World of Goop","floor":2,"gold_loss":0},{"damage_healed":0,"gold_gain":0,"player_choice":"Take Wound","damage_taken":0,"relics_obtained":["Golden Idol"],"max_hp_gain":0,"max_hp_loss":0,"event_name":"Golden Idol","floor":4,"gold_loss":0,"cards_obtained":["Injury"]},{"damage_healed":0,"gold_gain":0,"player_choice":"Ignored","damage_taken":0,"max_hp_gain":0,"max_hp_loss":0,"event_name":"Liars Game","floor":5,"gold_loss":0}],"is_beta":false,"boss_relics":[],"items_purged_floors":[],"is_endless":false,"potions_floor_spawned":[6,11],"killed_by":"Gremlin Gang","ascension_level":17}