{"path_per_floor":["M","M","?","M","$","E","R","E","T","R","E","T","?","M","R","B",null,"M","$","M"],"character_chosen":"IRONCLAD","items_purchased":["Torii"],"gold_per_floor":[365,378,453,464,389,447,447,481,481,481,513,513,513,523,523,622,622,633,237,251,251],"floor_reached":21,"campfire_rested":0,"playtime":717,"current_hp_per_floor":[72,72,61,66,66,42,42,37,37,37,32,32,32,38,38,26,72,72,72,72,72],"items_purged":["Defend_R","Defend_R"],"gold":251,"score":207,"play_id":"415bf3c3-623b-4f2a-bf4b-ac605ebc67ed","local_time":"20180515215817","is_prod":false,"is_daily":false,"chose_seed":false,"is_ascension_mode":true,"campfire_upgraded":1,"timestamp":1526414297,"path_taken":["M","M","?","M","$","E","R","E","T","R","E","?","?","M","R","BOSS","M","$","M","?"],"build_version":"2018-05-10","seed_source_timestamp":160243470108783,"purchased_purges":2,"victory":false,"master_deck":["Strike_R","Strike_R","Strike_R","Strike_R","Strike_R","Defend_R","Defend_R","Bash","Clash+1","Clash","Clash","Dual Wield","Demon Form"],"max_hp_per_floor":[72,72,72,72,72,72,72,72,72,72,72,72,72,72,72,72,72,72,72,72,72],"relics":["Burning Blood","Tiny Chest","Girya","Bottled Flame","Letter Opener","Prayer Wheel","Sozu","Torii"],"card_choices":[{"not_picked":["Thunderclap","Uppercut"],"picked":"Clash","floor":1},{"not_picked":["Thunderclap","Uppercut"],"picked":"Clash","floor":6},{"not_picked":["Brutality","Thunderclap"],"picked":"Clash","floor":8},{"not_picked":["Spot Weakness","Clash"],"picked":"Dual Wield","floor":11},{"not_picked":["Dark Embrace","Berserk"],"picked":"Demon Form","floor":16}],"player_experience":66095,"potions_floor_usage":[16,16,16,16],"damage_taken":[{"damage":0,"enemies":"Small Slimes","floor":1,"turns":4},{"damage":0,"enemies":"2 Louse","floor":2,"turns":3},{"damage":1,"enemies":"Jaw Worm","floor":4,"turns":3},{"damage":30,"enemies":"3 Sentries","floor":6,"turns":11},{"damage":11,"enemies":"Gremlin Nob","floor":8,"turns":3},{"damage":11,"enemies":"Lagavulin","floor":11,"turns":4},{"damage":0,"enemies":"3 Louse","floor":14,"turns":1},{"damage":18,"enemies":"Hexaghost","floor":16,"turns":4},{"damage":0,"enemies":"Chosen","floor":18,"turns":3},{"damage":0,"enemies":"Spheric Guardian","floor":20,"turns":1}],"event_choices":[{"event_name":"World of Goop","player_choice":"Gather Gold","floor":3,"damage_taken":0},{"event_name":"The Lab","player_choice":"Got Potions","floor":13,"damage_taken":0}],"boss_relics":[{"not_picked":["Cursed Key","Velvet Choker"],"picked":"Sozu"}],"potions_floor_spawned":[2,14,16,20],"seed_played":"4277854153495872628","ascension_level":1,"is_trial":false}