{"gold_per_floor":[114,114,114,129,129,129,144,144,144,174,189,204,219,234,234,334,334,349,203,218,248,248,263,293,293,318,348,98,113,113,212,212,312,362,377,0,15,15,15,15],"floor_reached":40,"playtime":3642,"items_purged":[],"score":501,"play_id":"d3135173-635f-4a55-8132-76a12943f9a5","local_time":"20190215194311","daily_mods":["Insanity","Green Cards","Elite Swarm"],"is_ascension_mode":false,"campfire_choices":[{"data":"Dagger Spray","floor":6,"key":"SMITH"},{"data":"Beam Cell","floor":8,"key":"SMITH"},{"data":"Loop","floor":15,"key":"SMITH"},{"floor":25,"key":"REST"},{"floor":30,"key":"REST"},{"floor":32,"key":"REST"}],"neow_cost":"","seed_source_timestamp":0,"circlet_count":0,"master_deck":["Ball Lightning","Poisoned Stab","Go for the Eyes+1","Sucker Punch","Loop+1","White Noise","Barrage","Sucker Punch","Cold Snap","Dodge and Roll","Redo","Gash","Fusion","Acrobatics","Dagger Spray+1","Redo","Dagger Throw","Calculated Gamble","BootSequence","Beam Cell+1","Hello World","Acrobatics","Deadly Poison","Backflip","Doom and Gloom","Gash","Rebound","Turbo","Fusion","Rip and Tear","Consume","Prepared","Stack","Turbo","Rebound","Cloak And Dagger","Melter","Gash","Rebound","Loop","Dodge and Roll","Go for the Eyes","Blade Dance","Cloak And Dagger","Stack","Hologram","Go for the Eyes","Prepared","Gash","Backflip","Calculated Gamble","Tools of the Trade","Dagger Throw","Phantasmal Killer","Streamline+1","Heatsinks","Gash","White Noise","After Image","Doppelganger","Leg Sweep","Storm of Steel","Gash+1","Gash+1","Dash+1","Blind","Flash of Steel+1"],"special_seed":17942,"relics":["Cracked Core","Bag of Preparation","Matryoshka","Bottled Lightning","Blood Vial","Lantern","Inserter","Sundial","Letter Opener","Tiny Chest","Molten Egg 2","Bag of Marbles","Centennial Puzzle","Mercury Hourglass","Tiny House","Red Mask"],"potions_floor_usage":[10,14,16,24,33,40],"damage_taken":[{"damage":1,"enemies":"Jaw Worm","floor":1,"turns":2},{"damage":0,"enemies":"2 Louse","floor":4,"turns":2},{"damage":0,"enemies":"Cultist","floor":7,"turns":2},{"damage":4,"enemies":"Lagavulin","floor":10,"turns":4},{"damage":5,"enemies":"Blue Slaver","floor":11,"turns":3},{"damage":22,"enemies":"Gremlin Gang","floor":12,"turns":4},{"damage":0,"enemies":"Exordium Thugs","floor":13,"turns":3},{"damage":0,"enemies":"Large Slime","floor":14,"turns":3},{"damage":15,"enemies":"Slime Boss","floor":16,"turns":7},{"damage":0,"enemies":"3 Byrds","floor":18,"turns":3},{"damage":1,"enemies":"2 Thieves","floor":20,"turns":4},{"damage":15,"enemies":"Centurion and Healer","floor":23,"turns":6},{"damage":42,"enemies":"Slavers","floor":24,"turns":4},{"damage":21,"enemies":"Book of Stabbing","floor":27,"turns":6},{"damage":0,"enemies":"Cultist and Chosen","floor":29,"turns":5},{"damage":60,"enemies":"Automaton","floor":33,"turns":8},{"damage":12,"enemies":"3 Darklings","floor":35,"turns":3},{"damage":1,"enemies":"Orb Walker","floor":37,"turns":3},{"damage":76,"enemies":"Time Eater","floor":40,"turns":7}],"seed_played":"344696707600403155","potions_obtained":[{"floor":4,"key":"Dexterity Potion"},{"floor":7,"key":"PowerPotion"},{"floor":14,"key":"Regen Potion"},{"floor":23,"key":"Weak Potion"},{"floor":29,"key":"Fire Potion"},{"floor":33,"key":"SpeedPotion"},{"floor":34,"key":"PowerPotion"}],"is_trial":false,"path_per_floor":["M","?","?","M","?","R","M","R","T","E","M","M","M","M","R","B",null,"M","?","M","T","?","M","E","R","T","E","$","M","R","?","R","B",null,"M","?","M","?","?","B"],"character_chosen":"DEFECT","items_purchased":["Mercury Hourglass"],"campfire_rested":3,"item_purchase_floors":[28],"current_hp_per_floor":[74,74,62,62,62,62,62,62,62,60,57,37,39,41,41,43,75,75,75,74,74,74,60,20,42,42,23,23,25,47,47,69,11,80,68,68,69,64,64,0],"gold":15,"neow_bonus":"","is_prod":false,"is_daily":true,"chose_seed":false,"campfire_upgraded":3,"win_rate":0,"timestamp":1550259791,"path_taken":["M","?","?","M","?","R","M","R","T","E","M","M","?","M","R","BOSS","M","?","?","?","?","M","E","R","T","E","?","M","R","?","R","BOSS","M","?","M","?","?","BOSS"],"build_version":"2019-01-23","purchased_purges":0,"victory":false,"max_hp_per_floor":[75,75,75,75,75,75,75,75,75,75,75,75,75,75,75,75,75,75,75,75,75,75,75,75,75,75,75,75,75,75,75,75,75,80,80,80,80,80,80,80],"card_choices":[{"not_picked":["Terror","Steam"],"picked":"Calculated Gamble","floor":1},{"not_picked":["Turbo","PiercingWail","Underhanded Strike"],"picked":"SKIP","floor":4},{"not_picked":["Tactician","Slice","Compile Driver"],"picked":"SKIP","floor":7},{"not_picked":["Buffer","Doppelganger"],"picked":"Tools of the Trade","floor":10},{"not_picked":["Quick Slash","Rebound"],"picked":"Dagger Throw","floor":11},{"not_picked":["Deflect","PiercingWail","Sucker Punch"],"picked":"SKIP","floor":12},{"not_picked":["Chaos","Dodge and Roll","Hello World"],"picked":"SKIP","floor":13},{"not_picked":["Rebound","Terror","Stack"],"picked":"SKIP","floor":14},{"not_picked":["Core Surge","Envenom"],"picked":"Phantasmal Killer","floor":16},{"not_picked":["Skewer+1","Prepared+1"],"picked":"Streamline+1","floor":18},{"not_picked":["Cloak And Dagger","Dagger Throw"],"picked":"Heatsinks","floor":20},{"not_picked":["Barrage","Leap+1"],"picked":"White Noise","floor":23},{"not_picked":["Grand Finale","Biased Cognition"],"picked":"After Image","floor":24},{"not_picked":["All For One+1","Fission"],"picked":"Doppelganger","floor":27},{"not_picked":["Slice+1","Acrobatics"],"picked":"Leg Sweep","floor":29},{"not_picked":["Grand Finale+1","Glass Knife+1"],"picked":"Storm of Steel","floor":33},{"not_picked":["Steam","Self Repair"],"picked":"Gash+1","floor":34},{"not_picked":["Hello World+1","Reprogram"],"picked":"Gash+1","floor":35},{"not_picked":["Chaos+1","Tempest"],"picked":"Dash+1","floor":37},{"not_picked":["Good Instincts","Forethought"],"picked":"Blind","floor":38},{"not_picked":["Swift Strike+1","Dark Shackles"],"picked":"Flash of Steel+1","floor":38}],"player_experience":139726,"relics_obtained":[{"floor":9,"key":"Bottled Lightning"},{"floor":9,"key":"Blood Vial"},{"floor":10,"key":"Lantern"},{"floor":21,"key":"Letter Opener"},{"floor":21,"key":"Tiny Chest"},{"floor":24,"key":"Molten Egg 2"},{"floor":26,"key":"Bag of Marbles"},{"floor":27,"key":"Centennial Puzzle"}],"event_choices":[{"damage_healed":0,"gold_gain":0,"player_choice":"Box","damage_taken":0,"relics_obtained":["Bag of Preparation"],"max_hp_gain":0,"max_hp_loss":0,"event_name":"Big Fish","floor":2,"gold_loss":0,"cards_obtained":["Regret"]},{"damage_healed":0,"gold_gain":0,"player_choice":"Success","damage_taken":12,"relics_obtained":["Matryoshka"],"max_hp_gain":0,"max_hp_loss":0,"event_name":"Scrap Ooze","floor":3,"gold_loss":0},{"cards_removed":["Regret"],"damage_healed":0,"gold_gain":0,"player_choice":"Purged","damage_taken":0,"max_hp_gain":0,"max_hp_loss":0,"event_name":"Purifier","floor":5,"gold_loss":0},{"damage_healed":0,"gold_gain":0,"player_choice":"Paid Gold","damage_taken":0,"relics_obtained":["Sundial"],"max_hp_gain":0,"max_hp_loss":0,"event_name":"WeMeetAgain","floor":19,"gold_loss":146},{"damage_healed":0,"gold_gain":0,"player_choice":"Read","damage_taken":0,"max_hp_gain":0,"max_hp_loss":0,"event_name":"The Library","floor":22,"gold_loss":0,"cards_obtained":["Gash"]},{"damage_healed":0,"gold_gain":99,"player_choice":"Stole From Cult","damage_taken":0,"max_hp_gain":0,"max_hp_loss":0,"event_name":"Nest","floor":31,"gold_loss":0},{"damage_healed":0,"gold_gain":0,"player_choice":"Paid","damage_taken":0,"relics_obtained":["Red Mask"],"max_hp_gain":0,"max_hp_loss":0,"event_name":"Tomb of Lord Red Mask","floor":36,"gold_loss":377},{"damage_healed":0,"gold_gain":0,"player_choice":"Memory 2","damage_taken":5,"max_hp_gain":0,"max_hp_loss":0,"event_name":"SensoryStone","floor":38,"gold_loss":0},{"damage_healed":0,"gold_gain":0,"player_choice":"Took Portal","damage_taken":0,"max_hp_gain":0,"max_hp_loss":0,"event_name":"SecretPortal","floor":39,"gold_loss":0}],"is_beta":false,"boss_relics":[{"not_picked":["Runic Pyramid","Velvet Choker"],"picked":"Inserter"},{"not_picked":["Coffee Dripper","Astrolabe"],"picked":"Tiny House"}],"items_purged_floors":[],"is_endless":false,"potions_floor_spawned":[4,7,14,23,29,33],"killed_by":"Time Eater","ascension_level":0}