{"gold_per_floor":[114,114,130,130,205,205,240,240,240,259,297,297,317,340,340,340],"floor_reached":16,"playtime":670,"items_purged":[],"score":110,"play_id":"b471e390-0349-47e4-8573-90519167ccef","local_time":"20190215071339","is_ascension_mode":false,"campfire_choices":[{"floor":6,"key":"REST"},{"floor":8,"key":"REST"},{"floor":15,"key":"REST"}],"neow_cost":"NONE","seed_source_timestamp":78962701965005,"circlet_count":0,"master_deck":["Strike_R+1","Strike_R","Strike_R","Strike_R","Strike_R","Defend_R","Defend_R","Defend_R","Bash","Headbutt","Whirlwind+1","Double Tap","Warcry","Dual Wield","Evolve"],"relics":["Burning Blood","Golden Idol","Whetstone","Meat on the Bone","Molten Egg 2"],"potions_floor_usage":[3,11,16],"damage_taken":[{"damage":6,"enemies":"Jaw Worm","floor":1,"turns":3},{"damage":1,"enemies":"Cultist","floor":3,"turns":3},{"damage":34,"enemies":"Gremlin Nob","floor":7,"turns":5},{"damage":0,"enemies":"2 Louse","floor":10,"turns":1},{"damage":36,"enemies":"Lagavulin","floor":11,"turns":4},{"damage":0,"enemies":"Large Slime","floor":13,"turns":4},{"damage":10,"enemies":"Looter","floor":14,"turns":2},{"damage":95,"enemies":"Hexaghost","floor":16,"turns":10}],"seed_played":"2904501168763959015","potions_obtained":[{"floor":1,"key":"GamblersBrew"},{"floor":2,"key":"Fruit Juice"},{"floor":7,"key":"LiquidBronze"},{"floor":10,"key":"LiquidBronze"}],"is_trial":false,"path_per_floor":["M","?","M","?","?","R","E","R","T","M","E","?","M","M","R","B"],"character_chosen":"IRONCLAD","items_purchased":[],"campfire_rested":3,"item_purchase_floors":[],"current_hp_per_floor":[88,88,93,70,59,86,58,85,85,91,61,61,67,63,90,0],"gold":340,"neow_bonus":"TEN_PERCENT_HP_BONUS","is_prod":false,"is_daily":false,"chose_seed":false,"campfire_upgraded":0,"win_rate":0.0,"timestamp":1550182419,"path_taken":["M","?","?","?","?","R","E","R","T","M","E","?","M","M","R","BOSS"],"build_version":"2019-01-23","purchased_purges":0,"victory":false,"max_hp_per_floor":[88,88,93,93,93,93,93,93,93,93,93,93,93,93,93,93],"card_choices":[{"not_picked":["Seeing Red","Sword Boomerang"],"picked":"Headbutt","floor":1},{"not_picked":["Warcry","Metallicize"],"picked":"Whirlwind","floor":3},{"not_picked":["Flex","Cleave"],"picked":"Double Tap","floor":7},{"not_picked":["Inflame","Iron Wave"],"picked":"Warcry","floor":10},{"not_picked":["Anger","Cleave"],"picked":"Dual Wield","floor":11},{"not_picked":["Rampage+1","Second Wind"],"picked":"Evolve","floor":13},{"not_picked":["Iron Wave+1","True Grit","Intimidate"],"picked":"SKIP","floor":14}],"player_experience":33767,"relics_obtained":[{"floor":7,"key":"Whetstone"},{"floor":9,"key":"Meat on the Bone"},{"floor":11,"key":"Molten Egg 2"}],"event_choices":[{"damage_healed":0,"gold_gain":0,"player_choice":"Got Potions","damage_taken":0,"max_hp_gain":0,"max_hp_loss":0,"event_name":"Lab","floor":2,"gold_loss":0},{"damage_healed":0,"gold_gain":0,"player_choice":"Take Damage","damage_taken":23,"relics_obtained":["Golden Idol"],"max_hp_gain":0,"max_hp_loss":0,"event_name":"Golden Idol","floor":4,"gold_loss":0},{"damage_healed":0,"gold_gain":75,"player_choice":"Gather Gold","damage_taken":11,"max_hp_gain":0,"max_hp_loss":0,"event_name":"World of Goop","floor":5,"gold_loss":0},{"cards_removed":["Defend_R"],"damage_healed":0,"gold_gain":0,"player_choice":"Forget","damage_taken":0,"max_hp_gain":0,"max_hp_loss":0,"event_name":"Living Wall","floor":12,"gold_loss":0}],"is_beta":false,"boss_relics":[],"items_purged_floors":[],"is_endless":false,"potions_floor_spawned":[1,7,10],"killed_by":"Hexaghost","ascension_level":0}