{"gold_per_floor":[118,137,137,155,174,215,215,259,332,347,385,385,421,4,4,134,134,155,170,170,18,34,75,75,113,113,113,13,46,90,121,121,246,246,271,271,331,331,136,136,174,174,200,216,254,51,51,84,84,84],"floor_reached":51,"playtime":2639,"items_purged":["Strike_G","Decay","Strike_G+1"],"score":1233,"play_id":"6332ae0d-deaf-4d5d-8df4-4b4cf64f0ecb","local_time":"20190212214247","is_ascension_mode":true,"campfire_choices":[{"data":"Noxious Fumes","floor":15,"key":"SMITH"},{"data":"Footwork","floor":24,"key":"SMITH"},{"data":"Well Laid Plans","floor":27,"key":"SMITH"},{"data":"Crippling Poison","floor":32,"key":"SMITH"},{"data":"Night Terror","floor":40,"key":"SMITH"},{"data":"Catalyst","floor":42,"key":"SMITH"},{"data":"Venomology","floor":47,"key":"SMITH"},{"data":"Backstab","floor":49,"key":"SMITH"}],"neow_cost":"NONE","seed_source_timestamp":525399342936400,"circlet_count":0,"master_deck":["Defend_G+1","Defend_G+1","Defend_G+1","Defend_G+1","Defend_G+1","Strike_G+1","Strike_G+1","Strike_G+1","Survivor","Neutralize","Dagger Throw+1","Noxious Fumes+1","Dagger Spray+1","Backstab+1","PiercingWail","Poisoned Stab+1","Well Laid Plans+1","Cloak And Dagger+1","Footwork+1","Venomology+1","Bouncing Flask+1","Backflip","Backflip","Crippling Poison+1","Leg Sweep","Night Terror+1","PiercingWail+1","Backflip","Catalyst+1","PiercingWail+1","Pain","Backstab+1","Blade Dance+1"],"relics":["Black Star","Golden Idol","Orichalcum","Bird Faced Urn","PreservedInsect","Bag of Marbles","Pantograph","The Specimen","Bottled Flame","Molten Egg 2","Whetstone","Thread and Needle","Cursed Key","Snake Skull","Potion Belt","Bronze Scales","Matryoshka","Vajra","Lantern","WingedGreaves","Dead Branch","Gambling Chip","Letter Opener","Pen Nib","Paper Crane","Dodecahedron","Coffee Dripper","Prayer Wheel","Tough Bandages","Ice Cream","Art of War","Ancient Tea Set","Strawberry","Dream Catcher","Chemical X","Ginger","War Paint"],"potions_floor_usage":[6,11,11,13,18,22,23,23,31,33,33,37,41,50,50,50,50,50],"damage_taken":[{"damage":14,"enemies":"Jaw Worm","floor":1,"turns":8},{"damage":0,"enemies":"2 Louse","floor":2,"turns":3},{"damage":0,"enemies":"Small Slimes","floor":4,"turns":3},{"damage":0,"enemies":"Exordium Wildlife","floor":5,"turns":3},{"damage":20,"enemies":"Lagavulin","floor":6,"turns":8},{"damage":22,"enemies":"3 Sentries","floor":8,"turns":7},{"damage":3,"enemies":"Blue Slaver","floor":10,"turns":2},{"damage":0,"enemies":"Gremlin Nob","floor":11,"turns":3},{"damage":8,"enemies":"Lagavulin","floor":13,"turns":4},{"damage":4,"enemies":"The Guardian","floor":16,"turns":10},{"damage":1,"enemies":"2 Thieves","floor":18,"turns":4},{"damage":0,"enemies":"Shell Parasite","floor":19,"turns":4},{"damage":0,"enemies":"Centurion and Healer","floor":22,"turns":5},{"damage":0,"enemies":"Book of Stabbing","floor":23,"turns":4},{"damage":0,"enemies":"Slavers","floor":25,"turns":2},{"damage":3,"enemies":"Gremlin Leader","floor":29,"turns":3},{"damage":0,"enemies":"Book of Stabbing","floor":30,"turns":3},{"damage":6,"enemies":"Gremlin Leader","floor":31,"turns":3},{"damage":0,"enemies":"Automaton","floor":33,"turns":5},{"damage":0,"enemies":"Orb Walker","floor":35,"turns":1},{"damage":0,"enemies":"2 Orb Walkers","floor":37,"turns":3},{"damage":0,"enemies":"Reptomancer","floor":41,"turns":2},{"damage":0,"enemies":"3 Darklings","floor":44,"turns":2},{"damage":0,"enemies":"Giant Head","floor":45,"turns":4},{"damage":0,"enemies":"Nemesis","floor":48,"turns":3},{"damage":8,"enemies":"Awakened One","floor":50,"turns":6}],"seed_played":"-4323938031803557947","potions_obtained":[{"floor":1,"key":"Regen Potion"},{"floor":2,"key":"EssenceOfSteel"},{"floor":6,"key":"GhostInAJar"},{"floor":8,"key":"GamblersBrew"},{"floor":11,"key":"Fire Potion"},{"floor":19,"key":"Strength Potion"},{"floor":29,"key":"SkillPotion"},{"floor":30,"key":"Poison Potion"},{"floor":31,"key":"Poison Potion"},{"floor":33,"key":"SkillPotion"},{"floor":35,"key":"Fire Potion"}],"is_trial":false,"path_per_floor":["M","M","?","M","M","E","?","E","T","M","E","?","E","$","R","B",null,"M","M","?","$","M","E","R","E","T","R","$","E","E","E","R","B",null,"M","?","?","T","$","R","E","R","T","M","E","$","R","E","R","B",null],"character_chosen":"THE_SILENT","items_purchased":["Thread and Needle","Footwork","Snake Skull","Catalyst","Chemical X"],"campfire_rested":0,"item_purchase_floors":[14,14,21,39,46],"current_hp_per_floor":[56,56,56,56,56,48,35,15,15,12,14,35,31,31,31,58,65,65,65,65,65,65,65,65,65,65,65,65,62,64,63,63,65,65,65,62,62,62,62,62,62,62,62,62,69,69,69,69,69,67],"gold":84,"neow_bonus":"BOSS_RELIC","is_prod":false,"is_daily":false,"chose_seed":false,"campfire_upgraded":8,"win_rate":0,"timestamp":1550004167,"path_taken":["M","M","?","M","M","E","?","E","T","M","E","?","E","$","R","BOSS","M","M","?","$","M","E","R","E","T","R","$","E","E","E","R","BOSS","M","?","?","?","?","R","E","R","T","?","E","$","R","E","R","BOSS"],"build_version":"2019-01-23","purchased_purges":3,"victory":true,"max_hp_per_floor":[70,70,65,65,65,65,65,65,65,65,65,65,65,65,65,65,65,65,65,65,65,65,65,65,65,65,65,65,65,65,65,65,65,65,65,62,62,62,62,62,62,62,62,62,69,69,69,69,69,69],"card_choices":[{"not_picked":["Endless Agony","Dagger Throw","Acrobatics"],"picked":"SKIP","floor":1},{"not_picked":["Endless Agony","Acrobatics"],"picked":"Dagger Throw","floor":1},{"not_picked":["Bane","Finisher"],"picked":"Noxious Fumes","floor":2},{"not_picked":["Dodge and Roll","Cloak And Dagger"],"picked":"Dagger Spray","floor":4},{"not_picked":["Distraction","Slice"],"picked":"Backstab","floor":5},{"not_picked":["Calculated Gamble","Tactician","Prepared"],"picked":"SKIP","floor":6},{"not_picked":["Burst","Distraction"],"picked":"PiercingWail","floor":8},{"not_picked":["Acrobatics","Blade Dance"],"picked":"Poisoned Stab","floor":10},{"not_picked":["Heel Hook","Concentrate"],"picked":"Well Laid Plans","floor":11},{"not_picked":["Accuracy","Catalyst"],"picked":"Cloak And Dagger","floor":13},{"not_picked":["Malaise","Corpse Explosion"],"picked":"Venomology","floor":16},{"not_picked":["Deflect","Prepared"],"picked":"Bouncing Flask+1","floor":18},{"not_picked":["Quick Slash+1","Deflect+1","Infinite Blades"],"picked":"SKIP","floor":19},{"not_picked":["Deflect+1","Slice+1"],"picked":"Backflip","floor":22},{"not_picked":["Bane+1","Finisher+1","Cloak And Dagger"],"picked":"SKIP","floor":23},{"not_picked":["Bane+1","Finisher+1","Cloak And Dagger"],"picked":"SKIP","floor":23},{"not_picked":["Infinite Blades","Deadly Poison","Quick Slash+1"],"picked":"SKIP","floor":25},{"not_picked":["All Out Attack+1","Backstab+1"],"picked":"Backflip","floor":29},{"not_picked":["Burst","Underhanded Strike+1"],"picked":"Crippling Poison","floor":30},{"not_picked":["Masterful Stab+1","PiercingWail"],"picked":"Leg Sweep","floor":31},{"not_picked":["Venomology","Grand Finale+1"],"picked":"Night Terror","floor":33},{"not_picked":["Prepared","Dagger Spray+1"],"picked":"PiercingWail","floor":35},{"not_picked":["Bouncing Flask+1","Slice+1"],"picked":"Backflip","floor":37},{"not_picked":["Heel Hook+1","Setup+1"],"picked":"PiercingWail+1","floor":41},{"not_picked":["Deflect","Acrobatics+1"],"picked":"Backstab+1","floor":44},{"not_picked":["All Out Attack+1","Outmaneuver"],"picked":"Blade Dance+1","floor":44},{"not_picked":["Riddle With Holes+1","Phantasmal Killer","Deadly Poison"],"picked":"SKIP","floor":45},{"not_picked":["Deadly Poison","Bouncing Flask","Prepared+1"],"picked":"SKIP","floor":48}],"player_experience":382986,"relics_obtained":[{"floor":6,"key":"Orichalcum"},{"floor":6,"key":"Bird Faced Urn"},{"floor":8,"key":"PreservedInsect"},{"floor":8,"key":"Bag of Marbles"},{"floor":9,"key":"Pantograph"},{"floor":11,"key":"The Specimen"},{"floor":11,"key":"Bottled Flame"},{"floor":13,"key":"Molten Egg 2"},{"floor":13,"key":"Whetstone"},{"floor":23,"key":"Potion Belt"},{"floor":23,"key":"Bronze Scales"},{"floor":25,"key":"Matryoshka"},{"floor":25,"key":"Vajra"},{"floor":26,"key":"Lantern"},{"floor":26,"key":"WingedGreaves"},{"floor":29,"key":"Dead Branch"},{"floor":29,"key":"Gambling Chip"},{"floor":30,"key":"Letter Opener"},{"floor":30,"key":"Pen Nib"},{"floor":31,"key":"Paper Crane"},{"floor":31,"key":"Dodecahedron"},{"floor":37,"key":"Prayer Wheel"},{"floor":41,"key":"Tough Bandages"},{"floor":41,"key":"Ice Cream"},{"floor":43,"key":"Art of War"},{"floor":43,"key":"Ancient Tea Set"},{"floor":45,"key":"Strawberry"},{"floor":45,"key":"Dream Catcher"},{"floor":48,"key":"Ginger"},{"floor":48,"key":"War Paint"}],"event_choices":[{"damage_healed":0,"gold_gain":0,"player_choice":"Lose Max HP","damage_taken":0,"relics_obtained":["Golden Idol"],"max_hp_gain":0,"max_hp_loss":5,"event_name":"Golden Idol","floor":3,"gold_loss":0},{"damage_healed":0,"gold_gain":0,"player_choice":"Entered Light","damage_taken":13,"max_hp_gain":0,"max_hp_loss":0,"event_name":"Shining Light","floor":7,"gold_loss":0,"cards_upgraded":["Dagger Throw","Strike_G"]},{"damage_healed":21,"gold_gain":0,"player_choice":"Banana","damage_taken":0,"max_hp_gain":0,"max_hp_loss":0,"event_name":"Big Fish","floor":12,"gold_loss":0},{"damage_healed":0,"gold_gain":0,"player_choice":"Simplicity","damage_taken":0,"max_hp_gain":0,"max_hp_loss":0,"event_name":"Back to Basics","floor":20,"gold_loss":0,"cards_upgraded":["Defend_G","Defend_G","Defend_G","Defend_G","Defend_G","Strike_G","Strike_G","Strike_G"]},{"damage_healed":0,"gold_gain":0,"player_choice":"Max HP","damage_taken":0,"max_hp_gain":0,"max_hp_loss":3,"event_name":"Winding Halls","floor":36,"gold_loss":0},{"damage_healed":0,"gold_gain":0,"player_choice":"Fight","damage_taken":0,"max_hp_gain":0,"max_hp_loss":0,"event_name":"Mysterious Sphere","floor":37,"gold_loss":0}],"is_beta":false,"boss_relics":[{"not_picked":["White Beast Statue","Ectoplasm"],"picked":"Cursed Key"},{"not_picked":["Calling Bell","Runic Dome"],"picked":"Coffee Dripper"}],"items_purged_floors":[14,28,39],"is_endless":false,"potions_floor_spawned":[1,2,6,8,11,19,22,29,30,31,33,35,44],"ascension_level":1}