{"gold_per_floor":[110,127,145,157,157,168,168,198,198,72,72,91,91],"floor_reached":13,"playtime":644,"items_purged":[],"score":87,"play_id":"31361103-ce55-4177-8a91-3b3d8f44742c","local_time":"20190103233935","is_ascension_mode":false,"campfire_choices":[],"neow_cost":"NONE","seed_source_timestamp":151398681299838,"circlet_count":0,"master_deck":["Strike_B","Strike_B","Strike_B","Defend_B","Defend_B","Defend_B","Zap","Dualcast","Ball Lightning","Turbo","Aggregate","Darkness","Thunder Strike","Chaos","Melter","Blind","Iron Wave","Coolheaded"],"relics":["Cracked Core","Ice Cream","Nunchaku","Gremlin Horn"],"potions_floor_usage":[13],"damage_taken":[{"damage":0,"enemies":"Cultist","floor":1,"turns":3},{"damage":0,"enemies":"2 Louse","floor":2,"turns":2},{"damage":1,"enemies":"Jaw Worm","floor":3,"turns":3},{"damage":14,"enemies":"Blue Slaver","floor":4,"turns":3},{"damage":13,"enemies":"Lots of Slimes","floor":6,"turns":3},{"damage":21,"enemies":"Lagavulin","floor":8,"turns":6},{"damage":0,"enemies":"3 Louse","floor":12,"turns":3},{"damage":27,"enemies":"Gremlin Nob","floor":13,"turns":3}],"seed_played":"-4095142836691563794","potions_obtained":[{"floor":2,"key":"Swift Potion"}],"is_trial":false,"path_per_floor":["M","M","M","M","?","M","T","E","T","$","?","M","E"],"character_chosen":"DEFECT","items_purchased":["Melter","Blind"],"campfire_rested":0,"item_purchase_floors":[10,10],"current_hp_per_floor":[82,82,81,67,60,47,47,26,26,26,26,26,0],"gold":91,"neow_bonus":"TEN_PERCENT_HP_BONUS","is_prod":false,"is_daily":false,"chose_seed":false,"campfire_upgraded":0,"win_rate":0.0,"timestamp":1546587575,"path_taken":["M","M","M","?","?","M","?","E","T","$","?","M","E"],"build_version":"2019-01-03v3","purchased_purges":0,"victory":false,"max_hp_per_floor":[82,82,82,82,82,82,82,82,82,82,82,82,82],"card_choices":[{"not_picked":["Redo","Sweeping Beam"],"picked":"Ball Lightning","floor":1},{"not_picked":["Redo","Hologram"],"picked":"Turbo","floor":2},{"not_picked":["Steam","Recycle"],"picked":"Aggregate","floor":3},{"not_picked":["Gash","Stack"],"picked":"Darkness","floor":4},{"not_picked":["Stack","Genetic Algorithm"],"picked":"Thunder Strike","floor":6},{"not_picked":["Blizzard","Cold Snap"],"picked":"Chaos","floor":8},{"not_picked":["Steam","Gash"],"picked":"Coolheaded","floor":12}],"player_experience":42067,"relics_obtained":[{"floor":7,"key":"Ice Cream"},{"floor":8,"key":"Nunchaku"},{"floor":9,"key":"Gremlin Horn"}],"event_choices":[{"cards_removed":["Defend_B"],"damage_healed":0,"gold_gain":0,"player_choice":"Card Removal","damage_taken":7,"max_hp_gain":0,"max_hp_loss":0,"event_name":"Golden Wing","floor":5,"gold_loss":0},{"cards_removed":["Strike_B"],"damage_healed":0,"gold_gain":0,"player_choice":"Took Card","damage_taken":0,"max_hp_gain":0,"max_hp_loss":0,"event_name":"NoteForYourself","floor":11,"gold_loss":0,"cards_obtained":["Iron Wave"]}],"is_beta":false,"boss_relics":[],"items_purged_floors":[],"is_endless":false,"potions_floor_spawned":[2],"killed_by":"Gremlin Nob","ascension_level":0}