{"gold_per_floor":[218,218,229,246,257,290,290,301,301,301,356,158,190,150,150,251,251,271,281,281,300,311,346,346,346,346,346,346,366,383,398,398,398],"floor_reached":33,"playtime":1749,"items_purged":[],"score":304,"play_id":"a4f6d176-e61d-47e4-8de9-0cbffc5fb6ff","local_time":"20180624144121","is_ascension_mode":false,"campfire_choices":[{"data":"Zap","floor":7,"key":"SMITH"},{"data":"Ball Lightning","floor":10,"key":"SMITH"},{"floor":15,"key":"REST"},{"floor":24,"key":"REST"},{"data":"Redo","floor":32,"key":"SMITH"}],"neow_cost":"NONE","seed_source_timestamp":851343157383750,"circlet_count":0,"master_deck":["Defend_B","Zap+1","Dualcast","Conserve Battery","Redo+1","Redo","Ball Lightning+1","Auto Shields","Compile Driver","Rip and Tear+1","Scrape+1","Swift Strike+1","Auto Shields","Coolheaded","Multi-Cast","Aggregate+1","Blizzard+1","Loop+1","Ball Lightning+1","Barrage+1","Bite+1","Bite+1","Bite+1","Bite+1","Bite+1","Redo","Conserve Battery","Reinforced Body","Bite+1","Seek","Rebound+1","Hologram+1"],"relics":["Cracked Core","Molten Egg 2","Bottled Flame","Dodecahedron","Astrolabe","Girya","Thread and Needle","Letter Opener","Nloth\u0027s Gift"],"potions_floor_usage":[6,16,23,23,23,23,33],"damage_taken":[{"damage":10,"enemies":"Small Slimes","floor":1,"turns":3},{"damage":6,"enemies":"Cultist","floor":3,"turns":4},{"damage":0,"enemies":"2 Louse","floor":4,"turns":2},{"damage":2,"enemies":"Blue Slaver","floor":5,"turns":4},{"damage":24,"enemies":"Lagavulin","floor":6,"turns":5},{"damage":10,"enemies":"Exordium Thugs","floor":8,"turns":3},{"damage":8,"enemies":"Gremlin Nob","floor":11,"turns":4},{"damage":11,"enemies":"Gremlin Nob","floor":13,"turns":3},{"damage":8,"enemies":"Hexaghost","floor":16,"turns":9},{"damage":0,"enemies":"Spheric Guardian","floor":18,"turns":3},{"damage":13,"enemies":"Shell Parasite","floor":19,"turns":6},{"damage":27,"enemies":"Centurion and Healer","floor":21,"turns":5},{"damage":42,"enemies":"Snake Plant","floor":22,"turns":4},{"damage":11,"enemies":"Gremlin Leader","floor":23,"turns":5},{"damage":0,"enemies":"Chosen and Byrds","floor":29,"turns":5},{"damage":3,"enemies":"Snecko","floor":30,"turns":5},{"damage":16,"enemies":"Snake Plant","floor":31,"turns":3},{"damage":91,"enemies":"Collector","floor":33,"turns":7}],"seed_played":"-3686656710058003782","potions_obtained":[{"floor":1,"key":"EntropicBrew"},{"floor":2,"key":"FairyPotion"},{"floor":2,"key":"Regen Potion"},{"floor":14,"key":"FocusPotion"},{"floor":14,"key":"Block Potion"},{"floor":14,"key":"FocusPotion"},{"floor":16,"key":"EssenceOfSteel"},{"floor":19,"key":"Energy Potion"},{"floor":29,"key":"FairyPotion"},{"floor":30,"key":"Fire Potion"},{"floor":31,"key":"Swift Potion"}],"is_trial":false,"path_per_floor":["M","?","M","M","M","E","R","M","T","R","?","$","E","?","R","B",null,"M","M","?","M","M","E","R","?","T","T","?","M","M","M","R"],"character_chosen":"DEFECT","items_purchased":["Scrape+1","Swift Strike+1","Auto Shields"],"campfire_rested":2,"item_purchase_floors":[12,12,12],"current_hp_per_floor":[65,65,59,59,57,42,42,32,32,32,24,24,13,13,35,27,75,75,62,52,40,7,14,29,29,29,29,29,41,50,40,40,0],"gold":398,"neow_bonus":"HUNDRED_GOLD","is_prod":false,"is_daily":false,"chose_seed":false,"campfire_upgraded":3,"win_rate":0.0,"timestamp":1529818881,"path_taken":["M","?","M","M","?","E","R","M","T","R","?","$","E","?","R","BOSS","M","?","?","M","M","E","R","?","T","?","?","M","?","M","R","BOSS"],"build_version":"2018-06-21v2","purchased_purges":0,"victory":false,"max_hp_per_floor":[75,75,75,75,75,75,75,75,75,75,75,75,75,75,75,75,75,75,75,52,52,52,52,52,52,52,52,52,52,52,52,52,52],"card_choices":[{"not_picked":["Static Discharge","Force Field"],"picked":"Conserve Battery","floor":1},{"not_picked":["Tempest","Streamline"],"picked":"Redo","floor":3},{"not_picked":["Compile Driver","Genetic Algorithm"],"picked":"Redo","floor":4},{"not_picked":["Rebound","Fusion"],"picked":"Ball Lightning","floor":5},{"not_picked":["Go for the Eyes","Rebound"],"picked":"Auto Shields","floor":6},{"not_picked":["Undo","Creative AI"],"picked":"Compile Driver","floor":8},{"not_picked":["Conserve Battery","Skim"],"picked":"Rip and Tear+1","floor":11},{"not_picked":["Consume","Undo"],"picked":"Coolheaded","floor":13},{"not_picked":["Buffer","Amplify"],"picked":"Multi-Cast","floor":16},{"not_picked":["Sweeping Beam+1","Steam"],"picked":"Ball Lightning+1","floor":18},{"not_picked":["Loop+1","Streamline+1"],"picked":"Barrage+1","floor":19},{"not_picked":["Coolheaded","Steam"],"picked":"Redo","floor":21},{"not_picked":["Doom and Gloom+1","Static Discharge"],"picked":"Conserve Battery","floor":22},{"not_picked":["Rainbow","Compile Driver+1"],"picked":"Reinforced Body","floor":23},{"not_picked":["Ball Lightning+1","Go for the Eyes+1"],"picked":"Seek","floor":29},{"not_picked":["Coolheaded","Defragment"],"picked":"Rebound+1","floor":30},{"not_picked":["Rebound+1","Static Discharge"],"picked":"Hologram+1","floor":31}],"player_experience":13938,"relics_obtained":[{"floor":6,"key":"Potion Belt"},{"floor":9,"key":"Molten Egg 2"},{"floor":11,"key":"Bottled Flame"},{"floor":13,"key":"Dodecahedron"},{"floor":23,"key":"Girya"},{"floor":26,"key":"Thread and Needle"},{"floor":27,"key":"Letter Opener"}],"event_choices":[{"event_name":"The Lab","player_choice":"Got Potions","floor":2,"damage_taken":0},{"event_name":"Dead Adventurer","player_choice":"Searched \u00272\u0027 times","floor":11,"damage_taken":0},{"event_name":"The Woman in Blue","player_choice":"Bought 3 Potions","floor":14,"damage_taken":0},{"event_name":"Vampires","player_choice":"Became a vampire","floor":20,"damage_taken":0},{"event_name":"Duplicator","player_choice":"One dupe","floor":25,"damage_taken":0},{"event_name":"N\u0027loth","player_choice":"Traded a Potion Belt","floor":28,"damage_taken":0}],"boss_relics":[{"not_picked":["Coffee Dripper","Busted Crown"],"picked":"Astrolabe"}],"items_purged_floors":[],"is_endless":false,"potions_floor_spawned":[1,4,16,19,22,29,30,31],"killed_by":"Collector","ascension_level":0}