{"gold_per_floor":[109,109,34,52,52,86,97,125,175,195,209,209,226,243,243,343,343],"floor_reached":17,"playtime":1194,"items_purged":["Strike_R"],"score":169,"play_id":"4520a5f0-5e4f-4764-96a1-1a48a1ee7c26","local_time":"20190105132111","is_ascension_mode":false,"campfire_choices":[{"data":"Body Slam","floor":12,"key":"SMITH"},{"data":"Armaments","floor":15,"key":"SMITH"}],"neow_cost":"NONE","seed_source_timestamp":191388587253052,"circlet_count":0,"master_deck":["Strike_R","Strike_R","Strike_R","Strike_R","Defend_R","Defend_R","Defend_R","Defend_R","Survivor","Neutralize+1","Ghostly Armor","True Grit","Body Slam+1","Body Slam","Pommel Strike","Impervious","Armaments+1","Impervious"],"relics":["Burning Blood","ReplayTheSpireMod:Ninjato","Regal Pillow","ReplayTheSpireMod:TigerMarble","Orrery"],"potions_floor_usage":[],"damage_taken":[{"damage":0,"enemies":"Small Slimes","floor":1,"turns":3},{"damage":3,"enemies":"Jaw Worm","floor":4,"turns":4},{"damage":44,"enemies":"Gremlin Nob","floor":6,"turns":6},{"damage":0,"enemies":"Cultist","floor":7,"turns":6},{"damage":34,"enemies":"3 Sentries","floor":8,"turns":17},{"damage":17,"enemies":"Large Slime","floor":10,"turns":8},{"damage":0,"enemies":"Blue Slaver","floor":11,"turns":4},{"damage":0,"enemies":"3 Louse","floor":13,"turns":4},{"damage":1,"enemies":"Large Slime","floor":14,"turns":5},{"damage":16,"enemies":"Hexaghost","floor":16,"turns":13}],"seed_played":"6815033914401393899","potions_obtained":[{"floor":6,"key":"Energy Potion"},{"floor":10,"key":"Elixir"},{"floor":14,"key":"Energy Potion"}],"is_trial":false,"path_per_floor":["M","?","$","M","?","E","M","E","T","M","M","R","M","M","R","B",null],"character_chosen":"IRONCLAD","items_purchased":[],"campfire_rested":0,"item_purchase_floors":[],"current_hp_per_floor":[88,88,88,88,88,50,56,28,28,17,27,27,45,50,50,40,40],"gold":343,"neow_bonus":"TEN_PERCENT_HP_BONUS","is_prod":false,"is_daily":false,"chose_seed":false,"campfire_upgraded":2,"win_rate":0,"timestamp":1546687271,"path_taken":["M","?","$","M","?","E","M","E","T","M","M","R","M","?","R","BOSS"],"build_version":"2019-01-03v4","purchased_purges":1,"victory":false,"max_hp_per_floor":[88,88,88,88,88,88,88,88,88,88,88,88,88,88,88,88,88],"card_choices":[{"not_picked":["Headbutt","Bloodletting","Havoc"],"picked":"SKIP","floor":1},{"not_picked":["Perfected Strike","Pummel"],"picked":"Ghostly Armor","floor":4},{"not_picked":["Abandon","Offering"],"picked":"True Grit","floor":6},{"not_picked":["Shockwave","Thunderclap"],"picked":"Body Slam","floor":7},{"not_picked":["Heavy Blade","Searing Blow"],"picked":"Body Slam","floor":8},{"not_picked":["Body Slam","ReplayTheSpireMod:Strike From Hell"],"picked":"Pommel Strike","floor":10},{"not_picked":["ReplayTheSpireMod:Muscle Training","Burning Pact"],"picked":"Impervious","floor":11},{"not_picked":["Rupture","Run Through"],"picked":"Armaments","floor":13},{"not_picked":["ReplayTheSpireMod:Strike From Hell","Infernal Blade","Sever Soul"],"picked":"SKIP","floor":14},{"not_picked":["Hemogenesis","Feed"],"picked":"Impervious","floor":16}],"player_experience":92102,"relics_obtained":[{"floor":6,"key":"ReplayTheSpireMod:Ninjato"},{"floor":8,"key":"Regal Pillow"},{"floor":9,"key":"ReplayTheSpireMod:TigerMarble"}],"event_choices":[{"damage_healed":0,"gold_gain":0,"player_choice":"Upgraded","damage_taken":0,"max_hp_gain":0,"max_hp_loss":0,"event_name":"Upgrade Shrine","floor":5,"gold_loss":0,"cards_upgraded":["Neutralize"]}],"is_beta":false,"boss_relics":[{"not_picked":["Busted Crown","White Beast Statue"],"picked":"Orrery"}],"items_purged_floors":[3],"is_endless":false,"potions_floor_spawned":[6,10,14,16],"ascension_level":0}