{"path_per_floor":["M","M","M","M","M","R","E","?","T","R","M","?","R","$","R","B",null,"M","?","?","?"],"character_chosen":"THE_SILENT","items_purchased":["Accuracy"],"gold_per_floor":[111,126,139,158,174,174,209,209,209,209,221,221,221,143,143,244,244,211,211,211,211],"floor_reached":22,"campfire_rested":1,"playtime":1382,"current_hp_per_floor":[63,63,61,61,56,56,45,31,31,52,45,62,62,62,62,35,70,43,27,27,27],"items_purged":[],"gold":211,"play_id":"82a2e390-de12-4aa4-a5eb-447a8ac87334","is_prod":false,"is_daily":false,"campfire_rituals":0,"campfire_upgraded":3,"is_hardmode":false,"path_taken":["M","M","M","M","M","R","E","?","T","R","M","?","R","$","R","BOSS","M","?","?","?","M"],"build_version":"2018-01-11-PROD1","purchased_purges":0,"victory":false,"master_deck":["Defend_G","Defend_G","Defend_G","Defend_G","Defend_G","Strike_G","Strike_G","Strike_G","Strike_G","Strike_G","Survivor","Neutralize","A Thousand Cuts","Cloak And Dagger","Sucker Punch","Distraction","Dagger Spray","Malaise","Burst","Infinite Blades","Parasite","Accuracy","Venomology","Slice","Normality","Necronomicurse"],"max_hp_per_floor":[70,70,70,70,70,70,70,70,70,70,70,70,70,70,70,70,70,70,70,70,70],"relics":["Ring of the Snake","Bronze Scales","Gremlin Horn","White Beast Statue","Necronomicon","Dream Catcher"],"campfire_meditates":0,"card_choices":[{"not_picked":["Flying Knee","PiercingWail"],"picked":"Cloak And Dagger"},{"not_picked":["Dodge and Roll","Deflect"],"picked":"Sucker Punch"},{"not_picked":["Bullet Time","Deflect"],"picked":"Distraction"},{"not_picked":["Sucker Punch","Skewer"],"picked":"Dagger Spray"},{"not_picked":["Masterful Stab","Blur"],"picked":"Malaise"},{"not_picked":["Dagger Throw","Noxious Fumes"],"picked":"Burst"},{"not_picked":["Dagger Throw","Catalyst"],"picked":"Infinite Blades"},{"not_picked":["Doppelganger","Glass Knife"],"picked":"Venomology"},{"not_picked":["Bane","Blur"],"picked":"Slice"}],"player_experience":36845,"potions_floor_usage":[7,16,18],"damage_taken":[{"damage":7,"enemies":"2 Louse","floor":1,"turns":4},{"damage":0,"enemies":"Cultist","floor":2,"turns":5},{"damage":2,"enemies":"Jaw Worm","floor":3,"turns":5},{"damage":0,"enemies":"Large Slime","floor":4,"turns":5},{"damage":5,"enemies":"Exordium Wildlife","floor":5,"turns":6},{"damage":11,"enemies":"Lagavulin","floor":7,"turns":8},{"damage":7,"enemies":"Looter","floor":11,"turns":4},{"damage":27,"enemies":"The Guardian","floor":16,"turns":9},{"damage":27,"enemies":"2 Thieves","floor":18,"turns":5},{"damage":31,"enemies":"Chosen","floor":22,"turns":6}],"event_choices":[{"event_name":"Shining Light","player_choice":"Entered Light","floor":8,"damage_taken":0},{"event_name":"Mushrooms","player_choice":"Healed and dodged fight","floor":12,"damage_taken":0},{"event_name":"Cursed Tome","player_choice":"Obtained Book","floor":19,"damage_taken":0},{"event_name":"Accursed Blacksmith","player_choice":"Rummage","floor":20,"damage_taken":0},{"event_name":"Back to Basics","player_choice":"Elegance","floor":21,"damage_taken":0}],"boss_relics":[{"not_picked":["Question Card","Velvet Choker"],"picked":"White Beast Statue"}],"potions_floor_spawned":[2,5,7,18],"seed_played":"-5655253475185733328","killed_by":"Chosen","is_trial":false}