{"gold_per_floor":[111,122,173,183,200,200,212,212,212,276,288,304,304,314,314,416,416,436,436,450,38,38,38,54,54,54,67,67,118,118,134,134,134],"floor_reached":33,"playtime":4009,"items_purged":["Writhe"],"score":266,"play_id":"96d9c2ae-a85f-4607-96bf-c0c53b292a11","local_time":"20181118234539","is_ascension_mode":false,"campfire_choices":[{"data":"Dodge and Roll","floor":6,"key":"SMITH"},{"data":"Neutralize","floor":8,"key":"SMITH"},{"floor":13,"key":"REST"},{"floor":15,"key":"REST"},{"floor":23,"key":"REST"},{"data":"Catalyst","floor":25,"key":"SMITH"},{"floor":28,"key":"REST"},{"data":"Noxious Fumes","floor":32,"key":"SMITH"}],"neow_cost":"NONE","seed_source_timestamp":122445739716545,"circlet_count":0,"master_deck":["Defend_G","Defend_G","Defend_G","Defend_G","Defend_G","Strike_G","Strike_G","Strike_G","Strike_G","Strike_G","Survivor","Neutralize+1","Dodge and Roll+1","Dagger Spray","Backstab","Bane","Well Laid Plans","Bane","Noxious Fumes+1","Poisoned Stab","Bane","Bane","Glass Knife","Prepared","Predator+1","Dagger Throw+1","Catalyst+1","Finesse","Bane+1","Dagger Throw+1","Blur"],"relics":["Ring of the Snake","Dodecahedron","Mummified Hand","White Beast Statue","Molten Egg 2","Bag of Marbles","Mango","Kunai","Orichalcum"],"potions_floor_usage":[7,10,12,16,31,33,33,33],"damage_taken":[{"damage":0,"enemies":"Small Slimes","floor":1,"turns":4},{"damage":0,"enemies":"2 Louse","floor":2,"turns":3},{"damage":0,"enemies":"Jaw Worm","floor":4,"turns":3},{"damage":16,"enemies":"Exordium Thugs","floor":5,"turns":7},{"damage":0,"enemies":"Looter","floor":7,"turns":3},{"damage":53,"enemies":"Lagavulin Event","floor":10,"turns":13},{"damage":3,"enemies":"2 Fungi Beasts","floor":11,"turns":3},{"damage":11,"enemies":"Large Slime","floor":12,"turns":5},{"damage":10,"enemies":"Exordium Wildlife","floor":14,"turns":3},{"damage":8,"enemies":"Slime Boss","floor":16,"turns":10},{"damage":11,"enemies":"2 Thieves","floor":18,"turns":4},{"damage":6,"enemies":"3 Byrds","floor":20,"turns":6},{"damage":7,"enemies":"3 Cultists","floor":24,"turns":4},{"damage":15,"enemies":"Snake Plant","floor":27,"turns":4},{"damage":15,"enemies":"Shelled Parasite and Fungi","floor":31,"turns":6},{"damage":105,"enemies":"Collector","floor":33,"turns":7}],"seed_played":"2695555554651489387","potions_obtained":[{"floor":4,"key":"Regen Potion"},{"floor":7,"key":"GhostInAJar"},{"floor":11,"key":"Regen Potion"},{"floor":12,"key":"EssenceOfSteel"},{"floor":18,"key":"FearPotion"},{"floor":20,"key":"Ancient Potion"},{"floor":24,"key":"Regen Potion"},{"floor":27,"key":"Ancient Potion"},{"floor":31,"key":"LiquidBronze"}],"is_trial":false,"path_per_floor":["M","M","?","M","M","R","M","R","T","?","M","M","R","M","R","B",null,"M","?","M","$","?","R","M","R","T","M","R","T","?","M","R","B"],"character_chosen":"THE_SILENT","items_purchased":["Bag of Marbles","Dagger Throw+1","Catalyst","Finesse"],"campfire_rested":4,"item_purchase_floors":[21,21,21,21],"current_hp_per_floor":[70,70,70,70,54,54,63,63,63,10,7,11,32,22,43,35,70,59,59,53,53,67,84,77,77,77,62,84,84,84,83,83,0],"gold":134,"neow_bonus":"THREE_CARDS","is_prod":false,"is_daily":false,"chose_seed":false,"campfire_upgraded":4,"win_rate":0.0,"timestamp":1542584739,"path_taken":["M","M","?","M","M","R","M","R","T","?","M","M","R","M","R","BOSS","M","?","M","$","?","R","M","R","T","?","R","?","?","M","R","BOSS"],"build_version":"2018-11-15","purchased_purges":1,"victory":false,"max_hp_per_floor":[70,70,70,70,70,70,70,70,70,70,70,70,70,70,70,70,70,70,70,70,70,84,84,84,84,84,84,84,84,84,84,84,84],"card_choices":[{"not_picked":["Riddle With Holes","Prepared"],"picked":"Dodge and Roll","floor":0},{"not_picked":["Backflip","Blade Dance"],"picked":"Dagger Spray","floor":1},{"not_picked":["Flying Knee","PiercingWail"],"picked":"Backstab","floor":2},{"not_picked":["Outmaneuver","Backflip"],"picked":"Bane","floor":4},{"not_picked":["PiercingWail","Dagger Throw"],"picked":"Well Laid Plans","floor":5},{"not_picked":["Dagger Throw","Underhanded Strike"],"picked":"Bane","floor":7},{"not_picked":["Backflip","After Image"],"picked":"Noxious Fumes","floor":10},{"not_picked":["Dodge and Roll","Heel Hook"],"picked":"Poisoned Stab","floor":11},{"not_picked":["Sucker Punch","Riddle With Holes"],"picked":"Bane","floor":12},{"not_picked":["Flying Knee","Sucker Punch"],"picked":"Bane","floor":14},{"not_picked":["Tools of the Trade","A Thousand Cuts"],"picked":"Glass Knife","floor":16},{"not_picked":["Expertise+1","Skewer"],"picked":"Prepared","floor":18},{"not_picked":["Dodge and Roll","Dagger Spray+1"],"picked":"Predator+1","floor":20},{"not_picked":["Backflip","Bouncing Flask"],"picked":"Bane+1","floor":24},{"not_picked":["Poisoned Stab+1","Venomology"],"picked":"Dagger Throw+1","floor":27},{"not_picked":["Quick Slash+1","Backflip"],"picked":"Blur","floor":31}],"player_experience":17059,"relics_obtained":[{"floor":9,"key":"Dodecahedron"},{"floor":10,"key":"Mummified Hand"},{"floor":26,"key":"Kunai"},{"floor":29,"key":"Orichalcum"}],"event_choices":[{"damage_healed":0,"gold_gain":51,"player_choice":"Gained Gold","damage_taken":0,"max_hp_gain":0,"max_hp_loss":0,"event_name":"Golden Wing","floor":3,"gold_loss":0},{"damage_healed":0,"gold_gain":0,"player_choice":"Searched \u00272\u0027 times","damage_taken":0,"max_hp_gain":0,"max_hp_loss":0,"event_name":"Dead Adventurer","floor":10,"gold_loss":0},{"damage_healed":0,"gold_gain":0,"player_choice":"Opened","damage_taken":0,"relics_obtained":["Molten Egg 2"],"max_hp_gain":0,"max_hp_loss":0,"event_name":"The Mausoleum","floor":19,"gold_loss":0,"cards_obtained":["Writhe"]},{"damage_healed":0,"gold_gain":0,"player_choice":"Gave Potion","damage_taken":0,"relics_obtained":["Mango"],"max_hp_gain":0,"max_hp_loss":0,"event_name":"WeMeetAgain","floor":22,"gold_loss":0},{"damage_healed":0,"gold_gain":0,"player_choice":"Ignored","damage_taken":0,"max_hp_gain":0,"max_hp_loss":0,"event_name":"Ghosts","floor":30,"gold_loss":0}],"is_beta":false,"boss_relics":[{"not_picked":["Snecko Eye","Velvet Choker"],"picked":"White Beast Statue"}],"items_purged_floors":[21],"is_endless":false,"potions_floor_spawned":[4,7,11,12,18,20,24,27,31],"killed_by":"Collector","ascension_level":0}