{"path_per_floor":["M","M","?","?","M","E","M","$","T","R","E","?","E","M","R","B",null,"M","M","M","M","M","E","M","R","T","?","T","M","M","E","R"],"character_chosen":"THE_SILENT","items_purchased":["Dream Catcher"],"gold_per_floor":[118,132,132,132,144,171,182,35,61,61,90,115,144,159,159,260,260,273,289,307,321,334,359,369,369,396,396,420,434,451,481,481],"floor_reached":33,"campfire_rested":4,"playtime":3006,"current_hp_per_floor":[70,70,67,67,67,50,44,44,44,72,55,29,22,21,58,45,74,74,71,56,56,50,44,42,74,74,74,74,70,70,22,59],"items_purged":[],"gold":481,"score":336,"play_id":"9e5eb449-c4e7-4c37-a4e2-4db94e9404a3","is_prod":false,"is_daily":false,"is_ascension_mode":false,"campfire_upgraded":0,"path_taken":["M","M","?","?","M","E","M","$","T","R","E","?","E","M","R","BOSS","M","M","M","M","M","E","M","R","T","?","?","M","M","E","R","BOSS"],"build_version":"2018-02-15-PROD1","purchased_purges":0,"victory":false,"master_deck":["Defend_G","Defend_G","Defend_G","Defend_G","Defend_G","Strike_G","Strike_G","Strike_G","Strike_G","Strike_G","Survivor","Neutralize","Malaise","Sucker Punch","Decay","Bouncing Flask","Backflip","Catalyst","Sucker Punch","Riddle With Holes","Dagger Spray","Glass Knife","Burst","Flying Knee","Bane+1","Terror","Backstab+1","Tactician","Crippling Poison+1","Flying Knee","Quick Slash","Clumsy","Outmaneuver","Burst","Dagger Spray"],"max_hp_per_floor":[70,70,70,70,70,70,70,70,70,72,74,74,74,74,74,74,74,74,74,74,74,74,74,74,74,74,74,74,76,76,76,76],"relics":["Ring of the Snake","NeowsBlessing","Regal Pillow","Mummified Hand","Dream Catcher","Singing Bowl","Bag of Marbles","Odd Mushroom","Orichalcum","Cursed Key","Letter Opener","Omamori","Art of War","Matryoshka"],"card_choices":[{"not_picked":["Finisher","Caltrops"],"picked":"Malaise"},{"not_picked":["PiercingWail","Dagger Throw"],"picked":"Sucker Punch"},{"not_picked":["Backflip","Expertise"],"picked":"Bouncing Flask"},{"not_picked":["Skewer","Cloak And Dagger"],"picked":"Backflip"},{"not_picked":["Cloak And Dagger","Footwork"],"picked":"Catalyst"},{"not_picked":["Masterful Stab","Dagger Throw"],"picked":"Sucker Punch"},{"not_picked":["Well Laid Plans","Blur"],"picked":"Riddle With Holes"},{"not_picked":["Poisoned Stab","Deadly Poison"],"picked":"Dagger Spray"},{"not_picked":["Prepared","Dagger Throw"],"picked":"Glass Knife"},{"not_picked":["Grand Finale","Night Terror"],"picked":"Burst"},{"not_picked":["Backflip","Acrobatics"],"picked":"Flying Knee"},{"not_picked":["Cloak And Dagger","Backflip"],"picked":"Bane"},{"not_picked":["Poisoned Stab","Dash"],"picked":"Terror"},{"not_picked":["Cloak And Dagger","Outmaneuver"],"picked":"Backstab"},{"not_picked":["Dagger Throw","Eviscerate"],"picked":"Tactician"},{"not_picked":["Prepared","Dagger Spray"],"picked":"Crippling Poison"},{"not_picked":["Acrobatics","Terror"],"picked":"Flying Knee"},{"not_picked":["Endless Agony","Dodge and Roll"],"picked":"Quick Slash"},{"not_picked":["Eviscerate","PiercingWail"],"picked":"Outmaneuver"},{"not_picked":["Unload","Deadly Poison"],"picked":"Burst"},{"not_picked":["Finisher","Dodge and Roll"],"picked":"Dagger Spray"}],"player_experience":187845,"potions_floor_usage":[6,12,13,16,20,23,24,31],"damage_taken":[{"damage":0,"enemies":"Cultist","floor":1,"turns":1},{"damage":0,"enemies":"2 Louse","floor":2,"turns":1},{"damage":0,"enemies":"Jaw Worm","floor":5,"turns":1},{"damage":17,"enemies":"3 Sentries","floor":6,"turns":8},{"damage":6,"enemies":"Blue Slaver","floor":7,"turns":4},{"damage":19,"enemies":"Lagavulin","floor":11,"turns":6},{"damage":26,"enemies":"The Mushroom Lair","floor":12,"turns":4},{"damage":7,"enemies":"Gremlin Nob","floor":13,"turns":4},{"damage":1,"enemies":"3 Louse","floor":14,"turns":3},{"damage":13,"enemies":"Hexaghost","floor":16,"turns":8},{"damage":0,"enemies":"Spheric Guardian","floor":18,"turns":2},{"damage":3,"enemies":"Chosen","floor":19,"turns":3},{"damage":15,"enemies":"Snake Plant","floor":20,"turns":3},{"damage":0,"enemies":"Snecko","floor":21,"turns":3},{"damage":6,"enemies":"Cultist and Chosen","floor":22,"turns":7},{"damage":6,"enemies":"Book of Stabbing","floor":23,"turns":5},{"damage":2,"enemies":"Sentry and Sphere","floor":24,"turns":3},{"damage":6,"enemies":"Snecko","floor":29,"turns":4},{"damage":0,"enemies":"Snake Plant","floor":30,"turns":5},{"damage":48,"enemies":"Gremlin Leader","floor":31,"turns":5},{"damage":68,"enemies":"Collector","floor":33,"turns":9}],"event_choices":[{"event_name":"Scrap Ooze","player_choice":"success","floor":3,"damage_taken":3},{"event_name":"Wheel of Change","player_choice":"Curse","floor":4,"damage_taken":0},{"event_name":"Mushrooms","player_choice":"Fought Mushrooms","floor":12,"damage_taken":0},{"event_name":"Vampires","player_choice":"Ignored","floor":27,"damage_taken":0}],"boss_relics":[{"not_picked":["Astrolabe","Lizard Tail"],"picked":"Cursed Key"}],"potions_floor_spawned":[1,2,5,12,14,16,19,20,22],"seed_played":"2974929596362194616","killed_by":"Collector","ascension_level":0,"is_trial":false}