{"gold_per_floor":[109,121,46,46,46,79,79,105,143,32,32,52,78,28,28,28],"floor_reached":16,"playtime":820,"items_purged":["Strike_B","Strike_B","Strike_B"],"score":148,"play_id":"d9670ea8-69d2-4a96-a0b1-bc6ff522d6a9","local_time":"20190219175153","is_ascension_mode":true,"campfire_choices":[{"floor":7,"key":"RECALL"},{"floor":11,"key":"REST"},{"data":"Glacier","floor":15,"key":"SMITH"}],"neow_cost":"NONE","seed_source_timestamp":462719692022027,"circlet_count":0,"master_deck":["Strike_B","Defend_B","Defend_B","Defend_B","Defend_B","Zap","Dualcast","Cold Snap","Glacier+1","Ball Lightning","Coolheaded"],"relics":["Cracked Core","NeowsBlessing","MawBank","Smiling Mask"],"potions_floor_usage":[16,16],"damage_taken":[{"damage":0,"enemies":"Jaw Worm","floor":1,"turns":1},{"damage":0,"enemies":"2 Louse","floor":2,"turns":1},{"damage":0,"enemies":"Lagavulin","floor":6,"turns":1},{"damage":27,"enemies":"3 Sentries","floor":8,"turns":9},{"damage":0,"enemies":"Small Slimes","floor":12,"turns":2},{"damage":16,"enemies":"Lagavulin","floor":13,"turns":8},{"damage":65,"enemies":"Hexaghost","floor":16,"turns":16}],"seed_played":"2990517244752898991","potions_obtained":[{"floor":6,"key":"Weak Potion"},{"floor":12,"key":"SteroidPotion"}],"is_trial":false,"path_per_floor":["M","M","$","?","?","E","R","E","T","$","R","M","E","$","R","B"],"character_chosen":"DEFECT","items_purchased":["Ball Lightning"],"campfire_rested":1,"item_purchase_floors":[10],"current_hp_per_floor":[75,75,75,75,80,80,80,53,53,53,77,77,61,61,61,0],"gold":28,"neow_bonus":"THREE_ENEMY_KILL","is_prod":false,"is_daily":false,"chose_seed":false,"campfire_upgraded":1,"win_rate":0,"timestamp":1550566313,"path_taken":["M","M","$","?","?","E","R","E","T","?","R","?","E","$","R","BOSS"],"build_version":"2019-01-23","purchased_purges":3,"victory":false,"max_hp_per_floor":[75,75,75,75,80,80,80,80,80,80,80,80,80,80,80,80],"card_choices":[{"not_picked":["Steam","Gash"],"picked":"Cold Snap","floor":1},{"not_picked":["Hello World","Reinforced Body","Hologram"],"picked":"SKIP","floor":2},{"not_picked":["Heatsinks","Barrage","Reinforced Body"],"picked":"SKIP","floor":6},{"not_picked":["Rip and Tear","Steam"],"picked":"Glacier","floor":8},{"not_picked":["Heatsinks","Hello World"],"picked":"Coolheaded","floor":12},{"not_picked":["Force Field","Redo","Double Energy"],"picked":"SKIP","floor":13}],"player_experience":138060,"relics_obtained":[{"floor":8,"key":"MawBank"},{"floor":13,"key":"Smiling Mask"}],"event_choices":[{"damage_healed":0,"gold_gain":0,"player_choice":"Ignored","damage_taken":0,"max_hp_gain":0,"max_hp_loss":0,"event_name":"Shining Light","floor":4,"gold_loss":0},{"damage_healed":0,"gold_gain":0,"player_choice":"Donut","damage_taken":0,"max_hp_gain":5,"max_hp_loss":0,"event_name":"Big Fish","floor":5,"gold_loss":0}],"is_beta":false,"boss_relics":[],"items_purged_floors":[3,10,14],"is_endless":false,"potions_floor_spawned":[6,12],"killed_by":"Hexaghost","ascension_level":1}