{"path_per_floor":["M","M","$","M","$","E","R","M","T","?","R","E","M","E","R","B",null,"M","M","$","?","M","R","E","M","T","M","M","M","R","$","R"],"character_chosen":"IRONCLAD","items_purchased":["Inflame","Bag of Marbles","Lantern"],"gold_per_floor":[118,135,60,80,4,36,36,47,104,104,104,133,144,175,175,277,277,287,300,46,46,60,60,88,105,129,140,153,167,167,17,17,17],"floor_reached":33,"campfire_rested":1,"playtime":2018,"current_hp_per_floor":[40,46,46,34,34,19,19,18,18,2,26,19,12,18,18,24,80,66,39,39,39,38,38,16,12,12,16,14,20,20,20,20,0],"items_purged":["Defend_R","Defend_R"],"gold":17,"score":364,"play_id":"f855bb7e-e6fb-44cd-9492-5f655d1eaff3","local_time":"20180513091132","is_prod":false,"is_daily":false,"chose_seed":false,"is_ascension_mode":false,"campfire_upgraded":5,"timestamp":1526195492,"path_taken":["M","M","$","M","$","E","R","M","T","?","R","E","M","E","R","BOSS","M","M","$","?","M","R","E","M","T","M","M","?","R","$","R","BOSS"],"build_version":"2018-05-10","seed_source_timestamp":239035793351381,"purchased_purges":2,"victory":false,"master_deck":["Strike_R","Strike_R+1","Strike_R","Strike_R","Strike_R+1","Defend_R","Defend_R","Bash","Burning Pact+1","Clash","Inflame","Clash","Burning Pact+1","Evolve+1","Sentinel","Feel No Pain","Havoc","Clash","Inflame+1","Pommel Strike+1","Havoc+1"],"max_hp_per_floor":[80,80,80,80,80,80,80,80,80,80,80,80,80,80,80,80,80,80,80,80,80,80,80,80,80,80,80,80,80,80,80,80,80],"relics":["Burning Blood","Red Skull","Prayer Wheel","Tiny Chest","Pen Nib","Calipers","Philosopher\u0027s Stone","Bag of Marbles","Ancient Tea Set","Vajra","Orichalcum","Lantern"],"card_choices":[{"not_picked":["Spot Weakness","Headbutt"],"picked":"Burning Pact","floor":2},{"not_picked":["Intimidate","Wild Strike"],"picked":"Clash","floor":4},{"not_picked":["True Grit","Second Wind"],"picked":"Clash","floor":8},{"not_picked":["Immolate","Entrench"],"picked":"Burning Pact","floor":13},{"not_picked":["Anger","Iron Wave"],"picked":"Evolve","floor":18},{"not_picked":["Body Slam","Clothesline"],"picked":"Sentinel","floor":19},{"not_picked":["Wild Strike","Clothesline"],"picked":"Feel No Pain","floor":22},{"not_picked":["Body Slam","Fire Breathing"],"picked":"Havoc","floor":24},{"not_picked":["Headbutt","Body Slam"],"picked":"Clash","floor":25},{"not_picked":["Headbutt","Warcry"],"picked":"Inflame","floor":26},{"not_picked":["Flex","True Grit"],"picked":"Pommel Strike","floor":28},{"not_picked":["Inflame","True Grit"],"picked":"Havoc","floor":29}],"player_experience":36980,"potions_floor_usage":[8,14,14,24,27,27,27,33,33],"damage_taken":[{"damage":6,"enemies":"Jaw Worm","floor":1,"turns":3},{"damage":0,"enemies":"2 Louse","floor":2,"turns":2},{"damage":18,"enemies":"Small Slimes","floor":4,"turns":11},{"damage":21,"enemies":"Gremlin Nob","floor":6,"turns":4},{"damage":13,"enemies":"Exordium Thugs","floor":8,"turns":4},{"damage":13,"enemies":"Lagavulin","floor":12,"turns":5},{"damage":13,"enemies":"Red Slaver","floor":13,"turns":2},{"damage":0,"enemies":"Gremlin Nob","floor":14,"turns":2},{"damage":0,"enemies":"Slime Boss","floor":16,"turns":3},{"damage":20,"enemies":"3 Byrds","floor":18,"turns":4},{"damage":33,"enemies":"Shell Parasite","floor":19,"turns":5},{"damage":7,"enemies":"Cultist and Chosen","floor":22,"turns":3},{"damage":36,"enemies":"Slavers","floor":24,"turns":7},{"damage":10,"enemies":"Snecko","floor":25,"turns":4},{"damage":11,"enemies":"3 Cultists","floor":27,"turns":4},{"damage":8,"enemies":"Centurion and Healer","floor":28,"turns":4},{"damage":0,"enemies":"Sentry and Sphere","floor":29,"turns":4},{"damage":58,"enemies":"Automaton","floor":33,"turns":6}],"event_choices":[{"event_name":"Shining Light","player_choice":"Entered Light","floor":10,"damage_taken":0},{"event_name":"Accursed Blacksmith","player_choice":"Rummage","floor":21,"damage_taken":0}],"boss_relics":[{"not_picked":["Runic Dome","Cursed Key"],"picked":"Philosopher\u0027s Stone"}],"potions_floor_spawned":[1,6,12,16,22,24,25,28],"seed_played":"2040142716331802614","killed_by":"Automaton","ascension_level":0,"is_trial":false}