{"gold_per_floor":[115,190,202,202,202,216,248,248,278,301,301,303],"floor_reached":12,"playtime":418,"items_purged":[],"score":86,"play_id":"b887fe48-d9d7-4c39-8a22-a1431de3f41f","local_time":"20190105130041","is_ascension_mode":false,"campfire_choices":[{"floor":8,"key":"REST"}],"neow_cost":"PERCENT_DAMAGE","seed_source_timestamp":190934478278923,"circlet_count":0,"master_deck":["Strike_R","Strike_R","Strike_R","Strike_R","Defend_R","Defend_R","Defend_R","Defend_R","Bash","Purity","Poisoned Strike","Spot Weakness","Shrug It Off","Juggernaut"],"relics":["Burning Blood","Ancient Tea Set","Bandana","Happy Flower"],"potions_floor_usage":[],"damage_taken":[{"damage":7,"enemies":"2 Louse","floor":1,"turns":2},{"damage":6,"enemies":"Jaw Worm","floor":3,"turns":4},{"damage":1,"enemies":"Cultist","floor":6,"turns":4},{"damage":44,"enemies":"Lagavulin","floor":7,"turns":7},{"damage":34,"enemies":"Gremlin Nob","floor":9,"turns":5},{"damage":8,"enemies":"Gremlin Gang","floor":12,"turns":2}],"seed_played":"-1102372529100754143","potions_obtained":[{"floor":3,"key":"Venom Potion"}],"is_trial":false,"path_per_floor":["M","?","M","PTL","?","M","E","R","E","T","?","M"],"character_chosen":"IRONCLAD","items_purchased":[],"campfire_rested":1,"item_purchase_floors":[],"current_hp_per_floor":[55,44,44,44,44,49,11,35,7,7,7,0],"gold":303,"neow_bonus":"RANDOM_COLORLESS_2","is_prod":false,"is_daily":false,"chose_seed":false,"campfire_upgraded":0,"win_rate":0,"timestamp":1546686041,"path_taken":["M","?","M","PTL","?","M","E","R","E","T","?","M"],"build_version":"2019-01-03v4","purchased_purges":0,"victory":false,"max_hp_per_floor":[80,80,80,80,80,80,80,80,80,80,80,80],"card_choices":[{"not_picked":["Bloodletting","Replay:Undeath\u0027s Touch","Cleave"],"picked":"SKIP","floor":1},{"not_picked":["Rupture","Armaments"],"picked":"Spot Weakness","floor":3},{"not_picked":["Uppercut","Twin Strike","Pummel"],"picked":"SKIP","floor":6},{"not_picked":["Bludgeon","Sever Soul"],"picked":"Shrug It Off","floor":7},{"not_picked":["Rage","Carnage"],"picked":"Juggernaut","floor":9}],"player_experience":91684,"relics_obtained":[{"floor":7,"key":"Ancient Tea Set"},{"floor":9,"key":"Bandana"},{"floor":10,"key":"Happy Flower"}],"event_choices":[{"damage_healed":0,"gold_gain":75,"player_choice":"Gather Gold","damage_taken":11,"max_hp_gain":0,"max_hp_loss":0,"event_name":"World of Goop","floor":2,"gold_loss":0},{"damage_healed":0,"gold_gain":0,"player_choice":"Ignored","damage_taken":0,"max_hp_gain":0,"max_hp_loss":0,"event_name":"Liars Game","floor":11,"gold_loss":0}],"is_beta":false,"boss_relics":[],"items_purged_floors":[],"is_endless":false,"potions_floor_spawned":[3],"killed_by":"Gremlin Gang","ascension_level":0}