{"gold_per_floor":[110,110,71,83,83,83,96,96,145,21,54,64,64,78,78,174,174,191,24,38,38,57,57,72,72,72,72,86,104,104,81,81,81],"floor_reached":33,"playtime":1393,"items_purged":["Defend_B","Strike_B"],"score":475,"play_id":"d8dda624-9dd4-48c0-a363-5a27e489e900","local_time":"20181112222451","is_ascension_mode":true,"campfire_choices":[{"data":"Leap","floor":6,"key":"SMITH"},{"data":"Undo","floor":8,"key":"SMITH"},{"data":"Sunder","floor":13,"key":"SMITH"},{"floor":15,"key":"REST"},{"data":"Glacier","floor":23,"key":"SMITH"},{"data":"White Noise","floor":30,"key":"SMITH"},{"floor":32,"key":"REST"}],"neow_cost":"NONE","seed_source_timestamp":33993549353927,"circlet_count":0,"master_deck":["AscendersBane","Strike_B","Strike_B+1","Defend_B","Defend_B","Defend_B","Zap+1","Dualcast","Leap+1","FTL","Undo+1","Genetic Algorithm","FTL","Sunder+1","White Noise+1","Cold Snap","Machine Learning","Compile Driver","Glacier+1","Leap","Dark Shackles","BootSequence+1","Hologram+1","Coolheaded+1"],"relics":["Cracked Core","NeowsBlessing","Pen Nib","Dream Catcher","Busted Crown","Nilry\u0027s Codex","Toxic Egg 2","Frozen Egg 2"],"potions_floor_usage":[11,16,22,29,33],"damage_taken":[{"damage":0,"enemies":"Small Slimes","floor":1,"turns":1},{"damage":0,"enemies":"2 Louse","floor":4,"turns":1},{"damage":0,"enemies":"Jaw Worm","floor":7,"turns":1},{"damage":19,"enemies":"Lagavulin","floor":11,"turns":5},{"damage":0,"enemies":"Exordium Wildlife","floor":12,"turns":2},{"damage":0,"enemies":"Lots of Slimes","floor":14,"turns":3},{"damage":0,"enemies":"Slime Boss","floor":16,"turns":6},{"damage":0,"enemies":"Chosen","floor":18,"turns":5},{"damage":2,"enemies":"Spheric Guardian","floor":20,"turns":4},{"damage":7,"enemies":"3 Cultists","floor":22,"turns":7},{"damage":0,"enemies":"Snake Plant","floor":24,"turns":4},{"damage":2,"enemies":"Chosen and Byrds","floor":28,"turns":7},{"damage":0,"enemies":"Centurion and Healer","floor":29,"turns":6},{"damage":74,"enemies":"Champ","floor":33,"turns":17}],"seed_played":"-2715310730587712521","potions_obtained":[{"floor":7,"key":"Poison Potion"},{"floor":11,"key":"Regen Potion"},{"floor":16,"key":"SkillPotion"},{"floor":24,"key":"FearPotion"},{"floor":28,"key":"SkillPotion"}],"is_trial":false,"path_per_floor":["M","?","$","M","?","R","M","R","T","$","E","M","R","M","R","B",null,"M","$","M","?","M","R","M","?","T","T","M","M","R","$","R","B"],"character_chosen":"DEFECT","items_purchased":["FTL","Fire Potion","Glacier","Hologram+1"],"campfire_rested":2,"item_purchase_floors":[3,10,19,31],"current_hp_per_floor":[68,53,53,53,53,53,53,53,53,53,34,34,34,34,56,56,70,70,70,68,68,61,61,61,45,45,45,43,43,43,43,65,0],"gold":81,"neow_bonus":"THREE_ENEMY_KILL","is_prod":false,"is_daily":false,"chose_seed":false,"campfire_upgraded":5,"win_rate":0,"timestamp":1542029091,"path_taken":["M","?","$","M","?","R","M","R","T","?","E","M","R","M","R","BOSS","M","$","M","?","?","R","M","?","T","?","M","M","R","?","R","BOSS"],"build_version":"2018-11-08","purchased_purges":2,"victory":false,"max_hp_per_floor":[75,75,75,75,75,75,75,75,75,75,75,75,75,75,75,75,75,75,75,75,75,75,75,75,75,75,75,75,75,75,75,75,75],"card_choices":[{"not_picked":["Recycle","Double Energy"],"picked":"Leap","floor":1},{"not_picked":["Turbo","Streamline"],"picked":"Undo","floor":4},{"not_picked":["Force Field","Chill"],"picked":"Genetic Algorithm","floor":7},{"not_picked":["Turbo","Sweeping Beam"],"picked":"FTL","floor":11},{"not_picked":["Conserve Battery","Steam"],"picked":"Sunder","floor":12},{"not_picked":["Steam","Compile Driver"],"picked":"White Noise","floor":14},{"not_picked":["Compile Driver","Redo"],"picked":"Cold Snap","floor":15},{"not_picked":["Rainbow","Buffer"],"picked":"Machine Learning","floor":16},{"not_picked":[],"picked":"Compile Driver","floor":18},{"not_picked":[],"picked":"Leap","floor":20},{"not_picked":["Genetic Algorithm"],"picked":"SKIP","floor":22},{"not_picked":["Stack"],"picked":"SKIP","floor":24},{"not_picked":[],"picked":"BootSequence+1","floor":28},{"not_picked":["BootSequence+1"],"picked":"SKIP","floor":29},{"not_picked":[],"picked":"Coolheaded+1","floor":32}],"player_experience":479576,"relics_obtained":[{"floor":9,"key":"Pen Nib"},{"floor":11,"key":"Dream Catcher"},{"floor":25,"key":"Nilry\u0027s Codex"},{"floor":26,"key":"Toxic Egg 2"},{"floor":27,"key":"Frozen Egg 2"}],"event_choices":[{"damage_healed":0,"gold_gain":0,"player_choice":"Entered Light","damage_taken":15,"max_hp_gain":0,"max_hp_loss":0,"event_name":"Shining Light","floor":2,"gold_loss":0,"cards_upgraded":["Strike_B","Zap"]},{"cards_removed":["Strike_B"],"damage_healed":0,"gold_gain":0,"player_choice":"Forget","damage_taken":0,"max_hp_gain":0,"max_hp_loss":0,"event_name":"Living Wall","floor":5,"gold_loss":0},{"damage_healed":0,"gold_gain":0,"player_choice":"1 cards matched","damage_taken":0,"max_hp_gain":0,"max_hp_loss":0,"event_name":"Match and Keep!","floor":21,"gold_loss":0,"cards_obtained":["Dark Shackles"]},{"damage_healed":0,"gold_gain":0,"player_choice":"Obtained Book","damage_taken":16,"max_hp_gain":0,"max_hp_loss":0,"event_name":"Cursed Tome","floor":25,"gold_loss":0}],"is_beta":false,"boss_relics":[{"not_picked":["Runic Dome","Coffee Dripper"],"picked":"Busted Crown"}],"items_purged_floors":[10,19],"is_endless":false,"potions_floor_spawned":[7,11,16,18,24,28],"killed_by":"Champ","ascension_level":12}