{"gold_per_floor":[110,110,110,110,110,110,126,51,51,61,78,78,78,95,95,192,192,204,104,204,217,57,91,91,102,128,140,140,140,156,167,167,267,267,284,284,284,296,296,296,308,308,308,343,343,362,212,232,232,232],"floor_reached":51,"playtime":3658,"items_purged":["Strike_G","Strike_G","Strike_G","Doubt"],"score":803,"play_id":"db0ba1cc-4bb7-4fd8-81dc-8203f56add72","local_time":"20190218005220","is_ascension_mode":true,"campfire_choices":[{"data":"Backflip","floor":6,"key":"SMITH"},{"data":"Footwork","floor":13,"key":"SMITH"},{"floor":15,"key":"REST"},{"data":"Noxious Fumes","floor":24,"key":"SMITH"},{"data":"Deadly Poison","floor":29,"key":"SMITH"},{"data":"Acrobatics","floor":32,"key":"SMITH"},{"floor":40,"key":"REST"},{"floor":45,"key":"REST"},{"floor":49,"key":"REST"}],"neow_cost":"NONE","seed_source_timestamp":312290744488510,"circlet_count":0,"master_deck":["Defend_G","Defend_G","Defend_G","Defend_G","Defend_G","Survivor+1","Neutralize+1","Backflip+1","Footwork+1","Deadly Poison+1","Skewer","Noxious Fumes+1","Acrobatics+1","Backflip+1","Doubt","Outmaneuver","Acrobatics"],"relics":["Ring of the Snake","Bronze Scales","Mummified Hand","Cursed Key","Lantern","Boot","Tingsha","Art of War"],"potions_floor_usage":[16,27,33,33,33,44,48,50],"damage_taken":[{"damage":0,"enemies":"Small Slimes","floor":1,"turns":5},{"damage":0,"enemies":"Cultist","floor":7,"turns":4},{"damage":0,"enemies":"Jaw Worm","floor":10,"turns":4},{"damage":3,"enemies":"Lots of Slimes","floor":11,"turns":4},{"damage":0,"enemies":"2 Fungi Beasts","floor":14,"turns":3},{"damage":5,"enemies":"The Guardian","floor":16,"turns":10},{"damage":0,"enemies":"Chosen","floor":18,"turns":5},{"damage":4,"enemies":"Spheric Guardian","floor":21,"turns":6},{"damage":0,"enemies":"Book of Stabbing","floor":23,"turns":6},{"damage":0,"enemies":"3 Cultists","floor":25,"turns":5},{"damage":4,"enemies":"Centurion and Healer","floor":27,"turns":5},{"damage":10,"enemies":"Sentry and Sphere","floor":30,"turns":6},{"damage":0,"enemies":"Snake Plant","floor":31,"turns":3},{"damage":43,"enemies":"Collector","floor":33,"turns":10},{"damage":27,"enemies":"3 Shapes","floor":35,"turns":6},{"damage":7,"enemies":"Orb Walker","floor":38,"turns":5},{"damage":4,"enemies":"4 Shapes","floor":41,"turns":7},{"damage":21,"enemies":"Giant Head","floor":44,"turns":13},{"damage":32,"enemies":"Sphere and 2 Shapes","floor":46,"turns":6},{"damage":5,"enemies":"3 Darklings","floor":48,"turns":5},{"damage":25,"enemies":"Awakened One","floor":50,"turns":17}],"seed_played":"-2619067998641684461","potions_obtained":[{"floor":1,"key":"SteroidPotion"},{"floor":14,"key":"GhostInAJar"},{"floor":18,"key":"AttackPotion"},{"floor":25,"key":"EssenceOfSteel"},{"floor":31,"key":"SkillPotion"},{"floor":33,"key":"GamblersBrew"},{"floor":38,"key":"Regen Potion"},{"floor":44,"key":"Block Potion"},{"floor":46,"key":"Block Potion"}],"is_trial":false,"path_per_floor":["M","?","?","?","?","R","M","$","T","M","M","?","R","M","R","B",null,"M","$","?","M","$","E","R","M","T","M","$","R","M","M","R","B",null,"M","?","?","M","T","R","M","?","T","E","R","M","$","M","R","B",null],"character_chosen":"THE_SILENT","items_purchased":["Noxious Fumes"],"campfire_rested":4,"item_purchase_floors":[22],"current_hp_per_floor":[70,75,68,65,58,58,58,58,58,58,55,55,55,55,75,70,75,75,75,75,71,71,71,71,71,71,67,67,67,57,57,57,14,75,48,48,48,41,41,63,59,59,59,53,75,43,43,38,60,35],"gold":232,"neow_bonus":"UPGRADE_CARD","is_prod":false,"is_daily":false,"chose_seed":false,"campfire_upgraded":5,"win_rate":0,"timestamp":1550418740,"path_taken":["M","?","?","?","?","R","M","$","T","M","?","?","R","M","R","BOSS","M","?","?","M","$","E","R","?","T","M","$","R","M","?","R","BOSS","M","?","?","M","?","R","M","?","T","E","R","?","$","M","R","BOSS"],"build_version":"2019-01-23","purchased_purges":4,"victory":true,"max_hp_per_floor":[70,75,75,75,75,75,75,75,75,75,75,75,75,75,75,75,75,75,75,75,75,75,75,75,75,75,75,75,75,75,75,75,75,75,75,75,75,75,75,75,75,75,75,75,75,75,75,75,75,75],"card_choices":[{"not_picked":["Poisoned Stab","Skewer"],"picked":"Backflip","floor":1},{"not_picked":["Blur","Blade Dance"],"picked":"Footwork","floor":7},{"not_picked":["Well Laid Plans","Bane"],"picked":"Deadly Poison","floor":10},{"not_picked":["PiercingWail","Reflex","Eviscerate"],"picked":"SKIP","floor":11},{"not_picked":["Quick Slash","PiercingWail","Cloak And Dagger"],"picked":"SKIP","floor":14},{"not_picked":["Prepared","Sucker Punch+1","Poisoned Stab"],"picked":"SKIP","floor":18},{"not_picked":["Dagger Throw","Crippling Poison","Quick Slash+1"],"picked":"SKIP","floor":21},{"not_picked":["Deflect","Sucker Punch","Prepared"],"picked":"SKIP","floor":23},{"not_picked":["Heel Hook+1","Terror+1","Slice"],"picked":"SKIP","floor":25},{"not_picked":["Underhanded Strike+1","Riddle With Holes","Crippling Poison+1"],"picked":"SKIP","floor":27},{"not_picked":["Bullet Time","Blade Dance","Masterful Stab"],"picked":"SKIP","floor":30},{"not_picked":["Flying Knee","Prepared+1"],"picked":"Acrobatics","floor":31},{"not_picked":["Skewer+1","Dagger Spray","Flying Knee"],"picked":"SKIP","floor":35},{"not_picked":["Tactician+1","Flying Knee+1"],"picked":"Backflip+1","floor":38},{"not_picked":["Poisoned Stab+1","Deadly Poison+1","Bane"],"picked":"SKIP","floor":41},{"not_picked":["Deadly Poison+1","Sucker Punch+1"],"picked":"Outmaneuver","floor":44},{"not_picked":["Infinite Blades","Deflect+1","Finisher+1"],"picked":"SKIP","floor":46},{"not_picked":["PiercingWail","Expertise"],"picked":"Acrobatics","floor":48}],"player_experience":105612,"relics_obtained":[{"floor":9,"key":"Mummified Hand"},{"floor":23,"key":"Lantern"},{"floor":26,"key":"Boot"},{"floor":39,"key":"Tingsha"},{"floor":44,"key":"Art of War"}],"event_choices":[{"damage_healed":0,"gold_gain":0,"player_choice":"Donut","damage_taken":0,"max_hp_gain":5,"max_hp_loss":0,"event_name":"Big Fish","floor":2,"gold_loss":0},{"cards_removed":["Strike_G"],"damage_healed":0,"gold_gain":0,"player_choice":"Card Removal","damage_taken":7,"max_hp_gain":0,"max_hp_loss":0,"event_name":"Golden Wing","floor":3,"gold_loss":0},{"damage_healed":0,"gold_gain":0,"player_choice":"Success","damage_taken":3,"relics_obtained":["Bronze Scales"],"max_hp_gain":0,"max_hp_loss":0,"event_name":"Scrap Ooze","floor":4,"gold_loss":0},{"damage_healed":0,"gold_gain":0,"player_choice":"Damaged","damage_taken":7,"max_hp_gain":0,"max_hp_loss":0,"event_name":"Wheel of Change","floor":5,"gold_loss":0},{"damage_healed":0,"gold_gain":0,"cards_transformed":["Strike_G"],"player_choice":"Transformed","damage_taken":0,"max_hp_gain":0,"max_hp_loss":0,"event_name":"Transmorgrifier","floor":12,"gold_loss":0,"cards_obtained":["Skewer"]},{"damage_healed":0,"gold_gain":100,"player_choice":"Pray","damage_taken":0,"max_hp_gain":0,"max_hp_loss":0,"event_name":"Golden Shrine","floor":20,"gold_loss":0},{"damage_healed":0,"gold_gain":0,"player_choice":"Ignored","damage_taken":0,"max_hp_gain":0,"max_hp_loss":0,"event_name":"Mysterious Sphere","floor":36,"gold_loss":0},{"damage_healed":0,"gold_gain":0,"player_choice":"Ignored","damage_taken":0,"max_hp_gain":0,"max_hp_loss":0,"event_name":"Tomb of Lord Red Mask","floor":37,"gold_loss":0},{"damage_healed":0,"gold_gain":0,"player_choice":"Forge","damage_taken":0,"max_hp_gain":0,"max_hp_loss":0,"event_name":"Accursed Blacksmith","floor":42,"gold_loss":0,"cards_upgraded":["Survivor"]}],"is_beta":false,"boss_relics":[{"not_picked":["White Beast Statue","Coffee Dripper"],"picked":"Cursed Key"},{"not_picked":["Velvet Choker","Snecko Eye","Calling Bell"]}],"items_purged_floors":[8,19,22,47],"is_endless":false,"potions_floor_spawned":[1,14,18,25,31,33,38,44,46],"ascension_level":2}