{"gold_per_floor":[114,114,129,144,159,189,189,204,279,309,321,56,56,56,56,156,156,171,216,266,281,296,296],"floor_reached":23,"playtime":1279,"items_purged":["Strike_G"],"score":253,"play_id":"5a704c69-f010-46f0-a76d-596da659e4ad","local_time":"20190118005116","daily_mods":["Specialized","Vintage","DeadlyEvents"],"is_ascension_mode":false,"campfire_choices":[{"data":"Unload","floor":7,"key":"SMITH"},{"data":"Outmaneuver","floor":11,"key":"SMITH"},{"data":"Outmaneuver","floor":13,"key":"SMITH"},{"data":"Unload","floor":15,"key":"SMITH"}],"neow_cost":"","seed_source_timestamp":0,"circlet_count":0,"master_deck":["Defend_G","Defend_G","Defend_G","Defend_G","Defend_G","Strike_G","Strike_G","Strike_G","Neutralize","Unload+1","Unload+1","Unload+1","Skewer","Quick Slash","Outmaneuver+1","Outmaneuver+1","Dodge and Roll+1","After Image+1","Heel Hook+1"],"special_seed":17913,"relics":["Ring of the Snake","Regal Pillow","Ice Cream","Whetstone","FossilizedHelix","Bottled Flame","Darkstone Periapt","Blue Candle","MawBank","Vajra","Astrolabe","Pen Nib","Tiny Chest","Potion Belt","Lantern","Ancient Tea Set"],"potions_floor_usage":[10,10,23],"damage_taken":[{"damage":0,"enemies":"Cultist","floor":1,"turns":2},{"damage":0,"enemies":"Small Slimes","floor":3,"turns":2},{"damage":0,"enemies":"Jaw Worm","floor":4,"turns":2},{"damage":3,"enemies":"3 Louse","floor":5,"turns":2},{"damage":0,"enemies":"Gremlin Nob","floor":6,"turns":3},{"damage":0,"enemies":"Looter","floor":8,"turns":1},{"damage":0,"enemies":"Lagavulin","floor":10,"turns":3},{"damage":46,"enemies":"Hexaghost","floor":16,"turns":7},{"damage":12,"enemies":"Chosen","floor":18,"turns":5},{"damage":1,"enemies":"Shell Parasite","floor":19,"turns":4},{"damage":12,"enemies":"Centurion and Healer","floor":21,"turns":5},{"damage":16,"enemies":"Cultist and Chosen","floor":22,"turns":6},{"damage":57,"enemies":"Gremlin Leader","floor":23,"turns":5}],"seed_played":"8498039095971969766","potions_obtained":[{"floor":3,"key":"EssenceOfSteel"},{"floor":5,"key":"Ancient Potion"},{"floor":8,"key":"PowerPotion"},{"floor":22,"key":"PowerPotion"}],"is_trial":false,"path_per_floor":["M","?","M","M","M","E","R","M","T","E","R","$","R","?","R","B",null,"M","M","T","M","M","E"],"character_chosen":"THE_SILENT","items_purchased":["Vajra","Outmaneuver"],"campfire_rested":0,"item_purchase_floors":[12,12],"current_hp_per_floor":[70,70,70,70,67,67,67,67,67,67,67,67,67,80,80,34,80,68,67,67,55,39,0],"gold":296,"neow_bonus":"","is_prod":false,"is_daily":true,"chose_seed":false,"campfire_upgraded":4,"win_rate":0,"timestamp":1547743876,"path_taken":["M","?","?","M","M","E","R","M","T","E","R","$","R","?","R","BOSS","M","?","?","M","M","E"],"build_version":"2019-01-10","purchased_purges":1,"victory":false,"max_hp_per_floor":[70,70,70,70,70,70,70,70,70,70,70,70,70,80,80,80,80,80,80,80,80,80,80],"card_choices":[{"not_picked":["Acrobatics","Deflect"],"picked":"Quick Slash","floor":6},{"not_picked":["Escape Plan","Storm of Steel"],"picked":"Outmaneuver","floor":10},{"not_picked":["Doppelganger","Storm of Steel"],"picked":"Wraith Form v2","floor":16}],"player_experience":52266,"relics_obtained":[{"floor":1,"key":"Regal Pillow"},{"floor":3,"key":"Ice Cream"},{"floor":4,"key":"Whetstone"},{"floor":5,"key":"FossilizedHelix"},{"floor":6,"key":"Bottled Flame"},{"floor":8,"key":"Darkstone Periapt"},{"floor":9,"key":"Blue Candle"},{"floor":10,"key":"MawBank"},{"floor":18,"key":"Pen Nib"},{"floor":19,"key":"Tiny Chest"},{"floor":20,"key":"Potion Belt"},{"floor":21,"key":"Lantern"},{"floor":22,"key":"Ancient Tea Set"}],"event_choices":[{"damage_healed":0,"gold_gain":0,"cards_transformed":["Strike_G"],"player_choice":"Transformed","damage_taken":0,"max_hp_gain":0,"max_hp_loss":0,"event_name":"Transmorgrifier","floor":2,"gold_loss":0,"cards_obtained":["Skewer"]},{"cards_removed":["Unload"],"damage_healed":3,"gold_gain":0,"player_choice":"Offered Rare","damage_taken":0,"max_hp_gain":10,"max_hp_loss":0,"event_name":"Bonfire Elementals","floor":14,"gold_loss":0}],"is_beta":false,"boss_relics":[{"not_picked":["Snecko Eye","Eternal Feather"],"picked":"Astrolabe"}],"items_purged_floors":[12],"is_endless":false,"potions_floor_spawned":[3,5,8,22],"killed_by":"Gremlin Leader","ascension_level":0}