{"gold_per_floor":[113,113,113,124,124,156,171,171,171,171,171,171,186,202,202,298,298,313,238,255,128,140,140],"floor_reached":23,"playtime":1588,"items_purged":["Defend_G","Strike_G"],"score":273,"play_id":"fdc5a1b8-f8a8-4903-ac30-cce7ebbddbc9","local_time":"20190218204643","is_ascension_mode":true,"campfire_choices":[{"data":"Neutralize","floor":8,"key":"SMITH"},{"data":"Outmaneuver","floor":10,"key":"SMITH"},{"data":"Calculated Gamble","floor":12,"key":"SMITH"},{"data":"Backflip","floor":15,"key":"SMITH"}],"neow_cost":"NONE","seed_source_timestamp":386038114320046,"circlet_count":0,"master_deck":["Defend_G","Defend_G","Defend_G","Strike_G","Survivor","Neutralize+1","Calculated Gamble+1","Bouncing Flask","Outmaneuver+1","Backflip+1","Outmaneuver"],"relics":["Ring of the Snake","NeowsBlessing","Mango","Ornamental Fan","Empty Cage"],"potions_floor_usage":[16,16,22],"damage_taken":[{"damage":0,"enemies":"2 Louse","floor":1,"turns":1},{"damage":0,"enemies":"Small Slimes","floor":4,"turns":1},{"damage":0,"enemies":"3 Sentries","floor":6,"turns":1},{"damage":0,"enemies":"Jaw Worm","floor":7,"turns":6},{"damage":10,"enemies":"3 Louse","floor":13,"turns":5},{"damage":0,"enemies":"Blue Slaver","floor":14,"turns":4},{"damage":8,"enemies":"Hexaghost","floor":16,"turns":9},{"damage":2,"enemies":"Spheric Guardian","floor":18,"turns":6},{"damage":2,"enemies":"Shell Parasite","floor":20,"turns":8},{"damage":32,"enemies":"Chosen and Byrds","floor":22,"turns":7},{"damage":58,"enemies":"Colosseum Slavers","floor":23,"turns":5}],"seed_played":"7589681209293285259","potions_obtained":[{"floor":1,"key":"PowerPotion"},{"floor":4,"key":"Swift Potion"},{"floor":7,"key":"Swift Potion"},{"floor":18,"key":"Fire Potion"},{"floor":20,"key":"LiquidBronze"}],"is_trial":false,"path_per_floor":["M","?","?","M","?","E","M","R","T","R","?","R","M","M","R","B",null,"M","$","M","$","M","?"],"character_chosen":"THE_SILENT","items_purchased":["Outmaneuver"],"campfire_rested":0,"item_purchase_floors":[21],"current_hp_per_floor":[70,63,63,63,68,82,82,82,82,82,82,82,72,72,72,64,89,87,87,85,85,53,0],"gold":140,"neow_bonus":"THREE_ENEMY_KILL","is_prod":false,"is_daily":false,"chose_seed":false,"campfire_upgraded":4,"win_rate":0,"timestamp":1550490403,"path_taken":["M","?","?","M","?","E","M","R","T","R","?","R","M","M","R","BOSS","M","$","M","$","M","?"],"build_version":"2019-01-23","purchased_purges":2,"victory":false,"max_hp_per_floor":[70,70,70,70,75,89,89,89,89,89,89,89,89,89,89,89,89,89,89,89,89,89,89],"card_choices":[{"not_picked":["Backstab","Outmaneuver"],"picked":"Calculated Gamble","floor":1},{"not_picked":["Endless Agony","Masterful Stab"],"picked":"Bouncing Flask","floor":4},{"not_picked":["Dagger Throw","Crippling Poison","PiercingWail"],"picked":"SKIP","floor":6},{"not_picked":["Setup","Deflect"],"picked":"Outmaneuver","floor":7},{"not_picked":["Flying Knee","Leg Sweep","Dodge and Roll"],"picked":"SKIP","floor":13},{"not_picked":["Acrobatics","Eviscerate"],"picked":"Backflip","floor":14},{"not_picked":["Blade Dance","Quick Slash+1","Sucker Punch"],"picked":"SKIP","floor":18},{"not_picked":["Accuracy","Grand Finale","Cloak And Dagger"],"picked":"SKIP","floor":20},{"not_picked":["Slice+1","Heel Hook","Dagger Throw"],"picked":"SKIP","floor":22}],"player_experience":115881,"relics_obtained":[{"floor":6,"key":"Mango"},{"floor":9,"key":"Ornamental Fan"}],"event_choices":[{"cards_removed":["Strike_G"],"damage_healed":0,"gold_gain":0,"player_choice":"Card Removal","damage_taken":7,"max_hp_gain":0,"max_hp_loss":0,"event_name":"Golden Wing","floor":2,"gold_loss":0},{"cards_removed":["Strike_G"],"damage_healed":0,"gold_gain":0,"player_choice":"Forget","damage_taken":0,"max_hp_gain":0,"max_hp_loss":0,"event_name":"Living Wall","floor":3,"gold_loss":0},{"damage_healed":0,"gold_gain":0,"player_choice":"Donut","damage_taken":0,"max_hp_gain":5,"max_hp_loss":0,"event_name":"Big Fish","floor":5,"gold_loss":0},{"damage_healed":0,"gold_gain":0,"player_choice":"Ignored","damage_taken":0,"max_hp_gain":0,"max_hp_loss":0,"event_name":"Shining Light","floor":11,"gold_loss":0},{"damage_healed":0,"gold_gain":0,"player_choice":"Fight","damage_taken":0,"max_hp_gain":0,"max_hp_loss":0,"event_name":"Colosseum","floor":23,"gold_loss":0}],"is_beta":false,"boss_relics":[{"not_picked":["Lizard Tail","Philosopher\u0027s Stone"],"picked":"Empty Cage"}],"items_purged_floors":[19,21],"is_endless":false,"potions_floor_spawned":[1,4,7,18,20],"killed_by":"Colosseum Slavers","ascension_level":3}