{"gold_per_floor":[117,47,47,67,91,91,91,91,118,138,151,151,195,210,210,329,329,347,347,362,362,487,487,500,500,500,248,281,281,181,181,181,304,304,323,342,342,362,377,377,180,180,180,199,199,220,236,236,236,236],"floor_reached":50,"playtime":2975,"items_purged":["Strike_G","Strike_G","Infinite Blades"],"score":462,"play_id":"bcf360de-3baa-4fb4-981d-2091a220c7d0","local_time":"20190220172613","is_ascension_mode":false,"campfire_choices":[{"floor":6.0,"key":"REST"},{"data":"Infinite Blades","floor":8.0,"key":"SMITH"},{"floor":15.0,"key":"REST"},{"floor":23.0,"key":"REST"},{"floor":25.0,"key":"REST"},{"floor":29.0,"key":"REST"},{"floor":32.0,"key":"REST"},{"floor":40,"key":"REST"},{"floor":42,"key":"REST"},{"floor":49,"key":"RECALL"}],"neow_cost":"NONE","seed_source_timestamp":0,"circlet_count":0,"master_deck":["Defend_G","Defend_G","Defend_G","Defend_G","Defend_G","Survivor","Neutralize+1","Cloak And Dagger","Infinite Blades+1","Infinite Blades","Cloak And Dagger","Finisher","Accuracy","Blade Dance","Apotheosis+1","After Image","Finisher","Finisher","After Image","Terror","Adrenaline"],"special_seed":0,"relics":["Ring of the Snake","Golden Idol","Du-Vu Doll","Centennial Puzzle","Cursed Key","Shovel","Ice Cream","Gremlin Horn","Art of War","Empty Cage"],"potions_floor_usage":[33,38,44,47,50],"damage_taken":[{"damage":10.0,"enemies":"Small Slimes","floor":1.0,"turns":5.0},{"damage":3.0,"enemies":"Jaw Worm","floor":4.0,"turns":6.0},{"damage":4.0,"enemies":"2 Louse","floor":5.0,"turns":4.0},{"damage":9.0,"enemies":"Exordium Thugs","floor":10.0,"turns":3.0},{"damage":0.0,"enemies":"2 Fungi Beasts","floor":11.0,"turns":4.0},{"damage":27.0,"enemies":"Gremlin Nob","floor":13.0,"turns":5.0},{"damage":0.0,"enemies":"Looter","floor":14.0,"turns":4.0},{"damage":24.0,"enemies":"Hexaghost","floor":16.0,"turns":10.0},{"damage":0.0,"enemies":"3 Byrds","floor":18.0,"turns":5.0},{"damage":7.0,"enemies":"Shell Parasite","floor":20.0,"turns":4.0},{"damage":32.0,"enemies":"Colosseum Slavers","floor":22.0,"turns":5.0},{"damage":14.0,"enemies":"Colosseum Nobs","floor":22.0,"turns":4.0},{"damage":9.0,"enemies":"3 Cultists","floor":24.0,"turns":5.0},{"damage":24.0,"enemies":"Book of Stabbing","floor":28.0,"turns":5.0},{"damage":18,"enemies":"Collector","floor":33,"turns":7},{"damage":30,"enemies":"3 Shapes","floor":35,"turns":2},{"damage":14,"enemies":"Orb Walker","floor":36,"turns":2},{"damage":8,"enemies":"Spire Growth","floor":38,"turns":5},{"damage":16,"enemies":"Transient","floor":39,"turns":5},{"damage":39,"enemies":"3 Darklings","floor":44,"turns":4},{"damage":0,"enemies":"Maw","floor":46,"turns":5},{"damage":0,"enemies":"Transient","floor":47,"turns":5},{"damage":9,"enemies":"Time Eater","floor":50,"turns":2}],"seed_played":"2862698874933795266","potions_obtained":[{"floor":1.0,"key":"Explosive Potion"},{"floor":10.0,"key":"Ancient Potion"},{"floor":14.0,"key":"Fire Potion"},{"floor":16.0,"key":"EssenceOfSteel"},{"floor":20.0,"key":"Strength Potion"},{"floor":24.0,"key":"Poison Potion"},{"floor":33,"key":"Strength Potion"},{"floor":36,"key":"SteroidPotion"},{"floor":44,"key":"GhostInAJar"},{"floor":47,"key":"AttackPotion"}],"is_trial":false,"path_per_floor":["M","$","?","M","M","R","?","R","T","M","M","T","E","M","R","B",null,"M","?","M","?","?","R","M","R","T","$","E","R","$","?","R","B",null,"M","M","?","M","M","R","$","R","T","M","?","M","M","T","R","B"],"character_chosen":"THE_SILENT","items_purchased":["Infinite Blades","Apotheosis","Terror"],"campfire_rested":8,"item_purchase_floors":[2,27,41],"current_hp_per_floor":[60,60,43,40,36,57,57,57,57,48,48,48,21,21,42,18,70,70,70,63,63,17,38,29,50,50,50,26,47,47,47,68,50,70,40,26,26,18,2,23,23,44,44,5,5,5,5,5,5,0],"gold":236,"neow_bonus":"UPGRADE_CARD","is_prod":false,"is_daily":false,"chose_seed":false,"campfire_upgraded":1,"win_rate":0,"timestamp":1550651173,"path_taken":["M","$","?","M","M","R","?","R","T","M","M","?","E","M","R","BOSS","M","?","?","?","?","R","M","R","T","$","E","R","$","?","R","BOSS","M","M","?","?","M","R","$","R","T","M","?","?","M","?","R","BOSS"],"build_version":"2019-01-23","purchased_purges":3,"victory":false,"max_hp_per_floor":[70,70,70,70,70,70,70,70,70,70,70,70,70,70,70,70,70,70,70,70,70,70,70,70,70,70,70,70,70,70,70,70,70,70,70,70,70,70,70,70,70,70,70,70,70,70,70,70,70,70],"card_choices":[{"not_picked":["Heel Hook","Dagger Spray","Riddle With Holes"],"picked":"SKIP","floor":1.0},{"not_picked":["Terror","Dodge and Roll"],"picked":"Cloak And Dagger","floor":4.0},{"not_picked":["Dodge and Roll","Flying Knee"],"picked":"Infinite Blades","floor":5.0},{"not_picked":["Slice","Riddle With Holes"],"picked":"Infinite Blades","floor":10.0},{"not_picked":["Bane","Dagger Throw"],"picked":"Cloak And Dagger","floor":11.0},{"not_picked":["Outmaneuver","Bane","Acrobatics"],"picked":"SKIP","floor":13.0},{"not_picked":["Masterful Stab","Caltrops"],"picked":"Finisher","floor":14.0},{"not_picked":["Backflip","Caltrops+1"],"picked":"Accuracy","floor":18.0},{"not_picked":["Tactician","Dagger Throw"],"picked":"Blade Dance","floor":20.0},{"not_picked":["Grand Finale","Cloak And Dagger","Infinite Blades+1"],"picked":"SKIP","floor":24.0},{"not_picked":["Dodge and Roll","Riddle With Holes","Blade Dance"],"picked":"SKIP","floor":28.0},{"not_picked":["Grand Finale","Corpse Explosion"],"picked":"After Image","floor":33},{"not_picked":["Outmaneuver","Prepared"],"picked":"Finisher","floor":35},{"not_picked":["Caltrops","Deflect","Quick Slash"],"picked":"SKIP","floor":36},{"not_picked":["Heel Hook+1","Bane","Outmaneuver"],"picked":"SKIP","floor":38},{"not_picked":["Dash","Backflip"],"picked":"After Image","floor":39},{"not_picked":["Well Laid Plans","Quick Slash","Blade Dance"],"picked":"SKIP","floor":44},{"not_picked":["Underhanded Strike+1","Blade Dance"],"picked":"Adrenaline","floor":46},{"not_picked":["Catalyst","Backstab","Bane+1"],"picked":"SKIP","floor":47}],"player_experience":157201,"relics_obtained":[{"floor":12.0,"key":"Du-Vu Doll"},{"floor":13.0,"key":"Centennial Puzzle"},{"floor":22.0,"key":"Ice Cream"},{"floor":22.0,"key":"Gremlin Horn"},{"floor":28.0,"key":"Art of War"}],"event_choices":[{"damage_healed":0.0,"max_hp_gain":0.0,"max_hp_loss":0.0,"gold_gain":0.0,"event_name":"Golden Idol","player_choice":"Take Damage","floor":3.0,"gold_loss":0.0,"damage_taken":17.0,"relics_obtained":["Golden Idol"]},{"damage_healed":0.0,"max_hp_gain":0.0,"max_hp_loss":0.0,"gold_gain":0.0,"event_name":"Shining Light","player_choice":"Ignored","floor":7.0,"gold_loss":0.0,"damage_taken":0.0},{"damage_healed":0.0,"max_hp_gain":0.0,"max_hp_loss":0.0,"gold_gain":0.0,"event_name":"WeMeetAgain","player_choice":"Gave Potion","floor":19.0,"gold_loss":0.0,"damage_taken":0.0,"relics_obtained":["Shovel"]},{"damage_healed":0.0,"max_hp_gain":0.0,"max_hp_loss":0.0,"gold_gain":0.0,"event_name":"Vampires","player_choice":"Ignored","floor":21.0,"gold_loss":0.0,"damage_taken":0.0},{"damage_healed":0.0,"max_hp_gain":0.0,"max_hp_loss":0.0,"gold_gain":0.0,"event_name":"Colosseum","player_choice":"Fight","floor":22.0,"gold_loss":0.0,"damage_taken":0.0},{"damage_healed":0.0,"max_hp_gain":0.0,"max_hp_loss":0.0,"gold_gain":0.0,"event_name":"Colosseum","player_choice":"Fought Nobs","floor":22.0,"gold_loss":0.0,"damage_taken":0.0},{"damage_healed":0.0,"max_hp_gain":0.0,"max_hp_loss":0.0,"gold_gain":0.0,"event_name":"Cursed Tome","player_choice":"Ignored","floor":31.0,"gold_loss":0.0,"damage_taken":0.0},{"damage_healed":0,"gold_gain":0,"cards_transformed":["Strike_G"],"player_choice":"Transformed","damage_taken":0,"max_hp_gain":0,"max_hp_loss":0,"event_name":"Transmorgrifier","floor":37,"gold_loss":0,"cards_obtained":["Finisher"]},{"damage_healed":0,"gold_gain":0,"player_choice":"Upgraded","damage_taken":0,"max_hp_gain":0,"max_hp_loss":0,"event_name":"Upgrade Shrine","floor":45,"gold_loss":0,"cards_upgraded":["Apotheosis"]}],"is_beta":false,"boss_relics":[{"not_picked":["Pandora\u0027s Box","Runic Dome"],"picked":"Cursed Key"},{"not_picked":["Velvet Choker","Tiny House"],"picked":"Empty Cage"}],"items_purged_floors":[27,30,41],"is_endless":false,"potions_floor_spawned":[1,10,14,16,20,22,24,33,36,44,47],"killed_by":"Time Eater","ascension_level":0}