{"gold_per_floor":[111,70,82,82,98,117,117,143,198,148,148,148,164,182,182,277,327,339,115,115,115,115,115,35,50,50,63,79,104,104,116,116,219,219,229,229,246,266,278,304,304,332,332,332,332,332,292,28,28,28],"floor_reached":51,"playtime":3709,"items_purged":["Strike_G","Grand Finale"],"score":1283,"play_id":"66e57d6e-dcfe-41d3-8c10-3d5a075eb7a7","local_time":"20190216082244","is_ascension_mode":true,"campfire_choices":[{"data":"Masterful Stab","floor":7.0,"key":"SMITH"},{"data":"Footwork","floor":11.0,"key":"SMITH"},{"floor":15.0,"key":"REST"},{"data":"Acrobatics","floor":23,"key":"SMITH"},{"floor":32,"key":"REST"},{"floor":44,"key":"REST"},{"data":"Discovery","floor":46,"key":"SMITH"},{"data":"Wraith Form v2","floor":49,"key":"SMITH"}],"neow_cost":"NONE","seed_source_timestamp":0,"circlet_count":0,"master_deck":["Defend_G","Defend_G","Defend_G","Defend_G","Defend_G+1","Survivor","Neutralize+1","Impatience","PiercingWail","Masterful Stab+1","Footwork+1","Outmaneuver","Predator+1","Calculated Gamble","Bouncing Flask","Catalyst","Escape Plan","Bullet Time+1","Acrobatics+1","Backflip+1","Prepared","Noxious Fumes+1","Crippling Poison+1","Wraith Form v2+1","Storm of Steel","Footwork+1","Dagger Throw+1","PiercingWail","Deadly Poison+1","Deadly Poison+1","Discovery+1","Magnetism","Sadistic Nature"],"special_seed":0,"relics":["Ring of the Snake","Matryoshka","The Courier","PreservedInsect","Unceasing Top","Tiny House","ClockworkSouvenir","Bag of Marbles","Bottled Flame","Question Card","Black Star","Pen Nib","Whetstone","Prayer Wheel","Paper Crane","Pear","Toy Ornithopter"],"potions_floor_usage":[29,29,33,40,40,50,50,50],"damage_taken":[{"damage":7.0,"enemies":"Small Slimes","floor":1.0,"turns":4.0},{"damage":0.0,"enemies":"Cultist","floor":3.0,"turns":3.0},{"damage":4.0,"enemies":"Jaw Worm","floor":5.0,"turns":5.0},{"damage":0.0,"enemies":"Looter","floor":6.0,"turns":3.0},{"damage":16.0,"enemies":"3 Sentries","floor":8.0,"turns":10.0},{"damage":18.0,"enemies":"Exordium Thugs","floor":13.0,"turns":5.0},{"damage":0.0,"enemies":"3 Louse","floor":14.0,"turns":3.0},{"damage":0.0,"enemies":"Hexaghost","floor":16.0,"turns":9.0},{"damage":14.0,"enemies":"3 Byrds","floor":18.0,"turns":8.0},{"damage":22,"enemies":"Spheric Guardian","floor":25,"turns":8},{"damage":0,"enemies":"Snake Plant","floor":27,"turns":3},{"damage":0,"enemies":"Centurion and Healer","floor":28,"turns":5},{"damage":8,"enemies":"Book of Stabbing","floor":29,"turns":7},{"damage":0,"enemies":"3 Cultists","floor":31,"turns":5},{"damage":18,"enemies":"Champ","floor":33,"turns":13},{"damage":1,"enemies":"3 Shapes","floor":35,"turns":6},{"damage":5,"enemies":"Orb Walker","floor":37,"turns":6},{"damage":23,"enemies":"Sphere and 2 Shapes","floor":38,"turns":7},{"damage":6,"enemies":"Maw","floor":39,"turns":8},{"damage":22,"enemies":"Nemesis","floor":40,"turns":9},{"damage":47,"enemies":"Giant Head","floor":42,"turns":9},{"damage":69,"enemies":"Donu and Deca","floor":50,"turns":7}],"seed_played":"4079418500028333916","potions_obtained":[{"floor":5.0,"key":"GamblersBrew"},{"floor":8.0,"key":"AttackPotion"},{"floor":13.0,"key":"FearPotion"},{"floor":14.0,"key":"Energy Potion"},{"floor":17.0,"key":"FearPotion"},{"floor":18.0,"key":"Weak Potion"},{"floor":25,"key":"PowerPotion"},{"floor":29,"key":"Block Potion"},{"floor":31,"key":"Block Potion"},{"floor":35,"key":"SkillPotion"}],"is_trial":false,"path_per_floor":["M","$","M","?","M","M","R","E","T","?","R","?","M","M","R","B",null,"M","$","?","?","?","R","$","M","T","M","M","E","?","M","R","B",null,"M","?","M","M","M","E","?","E","T","R","?","R","?","$","R","B",null],"character_chosen":"THE_SILENT","items_purchased":["Masterful Stab","ClockworkSouvenir","SkillPotion","Regen Potion","Toy Ornithopter"],"campfire_rested":3,"item_purchase_floors":[2,19,48,48,48],"current_hp_per_floor":[56,56,56,56,52,52,52,36,36,36,36,36,18,18,39,39,67,53,53,53,53,53,53,53,31,31,31,31,23,9,9,33,15,64,63,63,58,35,29,7,66,19,29,51,41,41,41,41,41,2],"gold":28,"neow_bonus":"RANDOM_COLORLESS","is_prod":false,"is_daily":false,"chose_seed":false,"campfire_upgraded":5,"win_rate":0,"timestamp":1550301764,"path_taken":["M","$","M","?","M","?","R","E","T","?","R","?","?","M","R","BOSS","M","$","?","?","?","R","$","?","T","M","M","E","?","M","R","BOSS","M","?","M","M","M","E","?","E","T","R","?","R","?","$","R","BOSS"],"build_version":"2019-01-23","purchased_purges":2,"victory":true,"max_hp_per_floor":[70,70,70,70,70,70,70,70,70,70,70,70,70,70,70,70,75,75,75,75,75,75,75,75,75,75,75,75,75,80,80,80,80,80,80,76,76,76,76,76,66,66,76,76,76,76,76,76,76,76],"card_choices":[{"not_picked":["Cloak And Dagger","Dagger Throw"],"picked":"PiercingWail","floor":1.0},{"not_picked":["Tactician","Finisher"],"picked":"Footwork","floor":3.0},{"not_picked":["Bouncing Flask","Blur"],"picked":"Predator","floor":5.0},{"not_picked":["Outmaneuver","Quick Slash"],"picked":"Calculated Gamble","floor":6.0},{"not_picked":["Dash","Tactician"],"picked":"Bouncing Flask","floor":8.0},{"not_picked":["Cloak And Dagger","Bane"],"picked":"Catalyst","floor":13.0},{"not_picked":["Caltrops","All Out Attack"],"picked":"Escape Plan","floor":14.0},{"not_picked":["After Image","A Thousand Cuts"],"picked":"Bullet Time","floor":16.0},{"not_picked":["Prepared","Blade Dance"],"picked":"Acrobatics","floor":17.0},{"not_picked":["PiercingWail","Deadly Poison"],"picked":"Backflip","floor":18.0},{"not_picked":["Prepared","Slice","Quick Slash"],"picked":"SKIP","floor":25},{"not_picked":["Escape Plan","Poisoned Stab"],"picked":"Noxious Fumes+1","floor":27},{"not_picked":["Cloak And Dagger","Outmaneuver","Quick Slash"],"picked":"SKIP","floor":28},{"not_picked":["Setup","Reflex"],"picked":"Crippling Poison","floor":29},{"not_picked":["Flying Knee","Quick Slash","Flechettes"],"picked":"Wraith Form v2","floor":31},{"not_picked":["Phantasmal Killer","Tools of the Trade","Envenom"],"picked":"Storm of Steel","floor":33},{"not_picked":["Outmaneuver","Bane+1","Flying Knee"],"picked":"Footwork+1","floor":35},{"not_picked":["Quick Slash","Blade Dance","Acrobatics"],"picked":"Dagger Throw+1","floor":37},{"not_picked":["Blade Dance+1","Dagger Throw+1","Catalyst+1"],"picked":"PiercingWail","floor":38},{"not_picked":["Deflect","Backflip+1","Infinite Blades"],"picked":"Deadly Poison+1","floor":39},{"not_picked":["Quick Slash","Die Die Die","Dagger Spray","Deflect"],"picked":"SKIP","floor":40},{"not_picked":["Prepared+1","Infinite Blades+1","Bane+1"],"picked":"Deadly Poison+1","floor":42},{"not_picked":["Forethought","Panacea","Apotheosis"],"picked":"Discovery","floor":45},{"not_picked":["Forethought","Swift Strike","Dramatic Entrance"],"picked":"Magnetism","floor":45},{"not_picked":["Mind Blast","Dark Shackles","Blind"],"picked":"Sadistic Nature","floor":45}],"player_experience":432749,"relics_obtained":[{"floor":8.0,"key":"Matryoshka"},{"floor":9.0,"key":"The Courier"},{"floor":9.0,"key":"PreservedInsect"},{"floor":26,"key":"Bag of Marbles"},{"floor":26,"key":"Bottled Flame"},{"floor":29,"key":"Question Card"},{"floor":40,"key":"Pen Nib"},{"floor":40,"key":"Whetstone"},{"floor":42,"key":"Prayer Wheel"},{"floor":42,"key":"Paper Crane"},{"floor":43,"key":"Pear"}],"event_choices":[{"damage_healed":0.0,"max_hp_gain":0.0,"max_hp_loss":0.0,"gold_gain":0.0,"cards_transformed":["Strike_G"],"event_name":"Transmorgrifier","player_choice":"Transformed","floor":4.0,"gold_loss":0.0,"damage_taken":0.0,"cards_obtained":["Outmaneuver"]},{"cards_removed":["Strike_G"],"damage_healed":0.0,"max_hp_gain":0.0,"max_hp_loss":0.0,"gold_gain":0.0,"event_name":"The Cleric","player_choice":"Card Removal","floor":10.0,"gold_loss":50.0,"damage_taken":0.0},{"damage_healed":0.0,"max_hp_gain":0.0,"max_hp_loss":0.0,"gold_gain":0.0,"event_name":"Dead Adventurer","player_choice":"Searched \u00271\u0027 times","floor":12.0,"gold_loss":0.0,"damage_taken":0.0,"relics_obtained":["Unceasing Top"]},{"damage_healed":0,"gold_gain":0,"cards_transformed":["Strike_G","Strike_G"],"player_choice":"Became Test Subject","damage_taken":0,"max_hp_gain":0,"max_hp_loss":0,"event_name":"Drug Dealer","floor":20,"gold_loss":0,"cards_obtained":["Grand Finale","Prepared"]},{"damage_healed":0,"gold_gain":0,"player_choice":"Ignored","damage_taken":0,"max_hp_gain":0,"max_hp_loss":0,"event_name":"Vampires","floor":21,"gold_loss":0},{"damage_healed":0,"gold_gain":0,"player_choice":"Forge","damage_taken":0,"max_hp_gain":0,"max_hp_loss":0,"event_name":"Accursed Blacksmith","floor":22,"gold_loss":0,"cards_upgraded":["Bullet Time"]},{"damage_healed":0,"gold_gain":0,"player_choice":"Shed Blood","damage_taken":19,"max_hp_gain":5,"max_hp_loss":0,"event_name":"Forgotten Altar","floor":30,"gold_loss":0},{"damage_healed":0,"gold_gain":0,"player_choice":"Max HP","damage_taken":0,"max_hp_gain":0,"max_hp_loss":4,"event_name":"Winding Halls","floor":36,"gold_loss":0},{"damage_healed":66,"gold_gain":0,"player_choice":"Heal","damage_taken":0,"max_hp_gain":0,"max_hp_loss":10,"event_name":"The Moai Head","floor":41,"gold_loss":0},{"damage_healed":0,"gold_gain":0,"player_choice":"Memory 3","damage_taken":10,"max_hp_gain":0,"max_hp_loss":0,"event_name":"SensoryStone","floor":45,"gold_loss":0},{"damage_healed":0,"gold_gain":0,"player_choice":"Upgraded Two","damage_taken":0,"max_hp_gain":0,"max_hp_loss":0,"event_name":"Designer","floor":47,"gold_loss":40,"cards_upgraded":["Crippling Poison","Backflip"]}],"is_beta":false,"boss_relics":[{"not_picked":["Philosopher\u0027s Stone","Ectoplasm"],"picked":"Tiny House"},{"not_picked":["Velvet Choker","Runic Dome"],"picked":"Black Star"}],"items_purged_floors":[19,24],"is_endless":false,"potions_floor_spawned":[5,8,13,14,18,25,29,31,35,37,38],"ascension_level":7}