{"path_per_floor":["M","M","?","M","?","R","M","?","T","R","E","R","M","$","R","B",null],"character_chosen":"IRONCLAD","items_purchased":["Havoc"],"gold_per_floor":[114,131,131,155,155,155,171,121,121,121,164,164,179,80,80,204,204,204],"floor_reached":18,"campfire_rested":2,"playtime":720,"current_hp_per_floor":[69,60,60,66,59,59,55,55,55,55,17,37,30,30,50,12,53,0],"items_purged":["Strike_R"],"gold":204,"score":240,"play_id":"936dc646-1d3a-4e66-ae5d-1d3e4c9eafde","local_time":"20180520234933","is_prod":false,"is_daily":false,"chose_seed":false,"is_ascension_mode":true,"campfire_upgraded":2,"timestamp":1526852973,"campfire_choices":[{"data":"Bash","floor":6,"key":"SMITH"},{"data":"Warcry","floor":10,"key":"SMITH"},{"floor":12,"key":"REST"},{"floor":15,"key":"REST"}],"path_taken":["M","M","?","M","?","R","M","?","T","R","E","R","?","?","R","BOSS","M"],"build_version":"2018-05-17","seed_source_timestamp":95281317647085,"purchased_purges":1,"victory":false,"master_deck":["Strike_R","Strike_R","Strike_R","Defend_R","Defend_R","Defend_R","Bash+1","AscendersBane","Warcry+1","Ghostly Armor","Havoc","Dark Embrace"],"max_hp_per_floor":[72,72,67,67,67,67,67,67,67,67,67,67,67,67,67,67,67,67],"relics":["Burning Blood","Dead Branch","Golden Idol","Bottled Flame","Blue Candle","Philosopher\u0027s Stone"],"card_choices":[{"not_picked":["Cleave","Wild Strike","Pommel Strike"],"picked":"SKIP","floor":1},{"not_picked":["Burning Pact","Perfected Strike","Wild Strike"],"picked":"SKIP","floor":2},{"not_picked":["Headbutt","Flex","Twin Strike"],"picked":"SKIP","floor":4},{"not_picked":["Spot Weakness","Immolate"],"picked":"Warcry","floor":7},{"not_picked":["Anger","Flex","Headbutt"],"picked":"SKIP","floor":11},{"not_picked":["Dropkick","Searing Blow"],"picked":"Ghostly Armor","floor":13},{"not_picked":["Berserk","Exhume"],"picked":"Dark Embrace","floor":16}],"player_experience":143651,"potions_floor_usage":[16],"damage_taken":[{"damage":9,"enemies":"2 Louse","floor":1,"turns":3},{"damage":15,"enemies":"Jaw Worm","floor":2,"turns":6},{"damage":0,"enemies":"Small Slimes","floor":4,"turns":3},{"damage":10,"enemies":"3 Louse","floor":7,"turns":4},{"damage":44,"enemies":"Lagavulin","floor":11,"turns":7},{"damage":13,"enemies":"2 Fungi Beasts","floor":13,"turns":4},{"damage":44,"enemies":"Hexaghost","floor":16,"turns":7},{"damage":54,"enemies":"Spheric Guardian","floor":18,"turns":5}],"relics_obtained":[{"floor":9,"key":"Bottled Flame"},{"floor":11,"key":"Blue Candle"}],"event_choices":[{"event_name":"Golden Idol","player_choice":"Lose Max HP","floor":3,"damage_taken":0},{"event_name":"Golden Wing","player_choice":"Card Removal","floor":5,"damage_taken":0},{"event_name":"The Cleric","player_choice":"Card Removal","floor":8,"damage_taken":0}],"boss_relics":[{"not_picked":["Pandora\u0027s Box","Runic Cube"],"picked":"Philosopher\u0027s Stone"}],"potions_floor_spawned":[2,16],"seed_played":"-1397902886378763043","killed_by":"Spheric Guardian","ascension_level":10,"potions_obtained":[{"floor":2,"key":"GamblersBrew"},{"floor":16,"key":"SmokeBomb"}],"is_trial":false}