{"path_per_floor":["M","$","M","?","?","R","E","M","T","$","$","M","E","$","R","B",null,"M","?","M","?","?","R","M","M","T","$","R","M","T","$","R","B",null,"M","T","?","T","?","R","E","R","T","$","M","M","?"],"character_chosen":"IRONCLAD","items_purchased":[],"gold_per_floor":[113,38,55,55,55,55,84,104,104,104,4,24,54,54,54,157,157,167,167,180,180,103,103,114,134,215,90,90,108,108,108,108,205,205,218,218,218,265,265,265,290,290,290,140,156,168,168,168],"floor_reached":48,"campfire_rested":2,"playtime":1310,"current_hp_per_floor":[78,78,80,73,73,73,79,79,79,79,79,79,45,45,45,48,72,66,66,63,63,63,63,23,17,17,17,41,10,10,10,34,24,66,57,57,47,47,47,47,46,46,46,46,46,35,25,0],"items_purged":["Defend_R","Strike_R","Defend_R","Strike_R"],"gold":168,"score":850,"play_id":"f6619792-415d-49b2-b2b8-150061cf1b84","local_time":"20180519195134","is_prod":false,"is_daily":false,"chose_seed":false,"is_ascension_mode":true,"campfire_upgraded":5,"timestamp":1526752294,"campfire_choices":[{"data":"Thunderclap","floor":6,"key":"SMITH"},{"data":"Double Tap","floor":15,"key":"SMITH"},{"data":"Berserk","floor":23,"key":"SMITH"},{"floor":28,"key":"REST"},{"floor":32,"key":"REST"},{"data":"Deep Breath","floor":40,"key":"SMITH"},{"data":"Brutality","floor":42,"key":"SMITH"}],"path_taken":["M","$","?","?","?","R","E","M","T","?","$","?","E","?","R","BOSS","M","?","M","?","?","R","M","?","T","?","R","M","?","$","R","BOSS","M","?","?","?","?","R","E","R","T","$","M","?","?","M"],"build_version":"2018-05-17","seed_source_timestamp":497655146517056,"purchased_purges":4,"victory":false,"master_deck":["Strike_R","Defend_R+1","Thunderclap+1","Double Tap+1","Sword Boomerang","Bloodletting+1","Berserk+1","Dropkick","Thunderclap","Rampage+1","J.A.X.","Brutality+1","Deep Breath+1","Panache","Madness","Madness"],"max_hp_per_floor":[80,80,80,80,80,80,80,80,80,80,80,80,80,80,80,80,80,80,80,80,80,80,80,80,80,80,80,80,80,80,80,80,80,80,80,80,80,80,80,80,80,80,80,80,80,80,80,80],"relics":["Burning Blood","NeowsBlessing","Centennial Puzzle","Vajra","Ice Cream","Orrery","Tiny Chest","Bag of Preparation","Runic Cube","Ginger","Boot","War Paint","Self Forming Clay"],"card_choices":[{"not_picked":["Perfected Strike","True Grit","Iron Wave"],"picked":"SKIP","floor":1},{"not_picked":["Iron Wave","Sword Boomerang"],"picked":"Thunderclap","floor":3},{"not_picked":["Wild Strike","Pummel"],"picked":"Double Tap","floor":7},{"not_picked":["Clash","Warcry"],"picked":"Sword Boomerang","floor":8},{"not_picked":["Blood for Blood","Clash","Intimidate"],"picked":"SKIP","floor":12},{"not_picked":["Infernal Blade","Hemokinesis"],"picked":"Bloodletting","floor":13},{"not_picked":["Brutality","Demon Form"],"picked":"Berserk","floor":16},{"not_picked":["Warcry","Thunderclap"],"picked":"Dropkick","floor":17},{"not_picked":["Iron Wave","Blood for Blood"],"picked":"Thunderclap","floor":17},{"not_picked":["Spot Weakness","Sword Boomerang"],"picked":"Rampage+1","floor":18},{"not_picked":["True Grit","Intimidate","Shrug It Off"],"picked":"SKIP","floor":20},{"not_picked":["Havoc","Metallicize+1","Battle Trance+1"],"picked":"SKIP","floor":24},{"not_picked":["Havoc+1","Bloodletting","Thunderclap"],"picked":"SKIP","floor":25},{"not_picked":["Anger+1","Corruption","Wild Strike"],"picked":"SKIP","floor":29},{"not_picked":["Barricade","Immolate"],"picked":"Brutality","floor":33},{"not_picked":["Combust","Uppercut+1","Iron Wave"],"picked":"SKIP","floor":35},{"not_picked":["Panacea","Dark Shackles"],"picked":"Bandage Up","floor":37},{"not_picked":["Finesse","Enlightenment"],"picked":"Deep Breath","floor":37},{"not_picked":["Enlightenment","Swift Strike"],"picked":"Panache","floor":37},{"not_picked":["Havoc+1","Shrug It Off","Body Slam"],"picked":"SKIP","floor":41},{"not_picked":["Sword Boomerang","Reckless Charge+1","Second Wind+1"],"picked":"SKIP","floor":45},{"not_picked":["Warcry","Wild Strike","Corruption"],"picked":"SKIP","floor":46}],"player_experience":114359,"potions_floor_usage":[16,33,33],"damage_taken":[{"damage":0,"enemies":"Cultist","floor":1,"turns":1},{"damage":0,"enemies":"Small Slimes","floor":3,"turns":1},{"damage":0,"enemies":"Gremlin Nob","floor":7,"turns":1},{"damage":6,"enemies":"2 Louse","floor":8,"turns":2},{"damage":6,"enemies":"Exordium Wildlife","floor":12,"turns":2},{"damage":40,"enemies":"Lagavulin","floor":13,"turns":4},{"damage":3,"enemies":"Slime Boss","floor":16,"turns":4},{"damage":12,"enemies":"Chosen","floor":18,"turns":3},{"damage":9,"enemies":"3 Byrds","floor":20,"turns":3},{"damage":46,"enemies":"Snake Plant","floor":24,"turns":3},{"damage":12,"enemies":"Cultist and Chosen","floor":25,"turns":3},{"damage":37,"enemies":"Centurion and Healer","floor":29,"turns":3},{"damage":16,"enemies":"Champ","floor":33,"turns":4},{"damage":15,"enemies":"Orb Walker","floor":35,"turns":2},{"damage":7,"enemies":"Giant Head","floor":41,"turns":2},{"damage":6,"enemies":"3 Shapes","floor":45,"turns":1},{"damage":17,"enemies":"Sphere and 2 Shapes","floor":46,"turns":1},{"damage":25,"enemies":"3 Darklings","floor":48,"turns":2}],"relics_obtained":[{"floor":7,"key":"Centennial Puzzle"},{"floor":9,"key":"Vajra"},{"floor":13,"key":"Ice Cream"},{"floor":26,"key":"Tiny Chest"},{"floor":30,"key":"Bag of Preparation"},{"floor":36,"key":"Ginger"},{"floor":38,"key":"Boot"},{"floor":41,"key":"War Paint"},{"floor":43,"key":"Self Forming Clay"}],"event_choices":[{"event_name":"Golden Wing","player_choice":"Card Removal","floor":4,"damage_taken":0},{"event_name":"Living Wall","player_choice":"Forget","floor":5,"damage_taken":0},{"event_name":"Back to Basics","player_choice":"Elegance","floor":19,"damage_taken":0},{"event_name":"Purifier","player_choice":"One Purge","floor":21,"damage_taken":0},{"event_name":"Drug Dealer","player_choice":"Got JAXXED","floor":22,"damage_taken":0},{"event_name":"SensoryStone","player_choice":"Memory 3","floor":37,"damage_taken":0},{"event_name":"Winding Halls","player_choice":"Embrace Madness","floor":47,"damage_taken":0}],"boss_relics":[{"not_picked":["Velvet Choker","Eternal Feather"],"picked":"Orrery"},{"not_picked":["Lizard Tail","Runic Dome"],"picked":"Runic Cube"}],"potions_floor_spawned":[8,12,13,16,29,33,41,45],"seed_played":"-4899169641121644147","killed_by":"3 Darklings","ascension_level":8,"potions_obtained":[{"floor":8,"key":"Swift Potion"},{"floor":12,"key":"AttackPotion"},{"floor":13,"key":"FearPotion"},{"floor":16,"key":"PowerPotion"},{"floor":33,"key":"EssenceOfSteel"},{"floor":41,"key":"SkillPotion"}],"is_trial":false}