{"gold_per_floor":[213,224,77,77,96,96,112,138,212,212,223,323,339,365,365,468,468,481,495,91,91,107,140,159,159,183,183,183,112,37,54,54,153,153,165,165,184,36,36,36,36,36],"floor_reached":42,"playtime":2429,"items_purged":[],"score":447,"play_id":"3bf60359-1293-418b-b3bf-2fbe54bbf397","local_time":"20181024211532","is_ascension_mode":true,"campfire_choices":[{"data":"Poisoned Stab","floor":6,"key":"SMITH"},{"floor":10,"key":"REST"},{"floor":15,"key":"REST"},{"floor":25,"key":"REST"},{"data":"Apotheosis","floor":28,"key":"SMITH"},{"data":"Distraction","floor":32,"key":"SMITH"},{"floor":40,"key":"REST"}],"neow_cost":"NONE","seed_source_timestamp":168676609762105,"circlet_count":0,"master_deck":["Defend_G+1","Defend_G+1","Defend_G+1","Strike_G+1","Strike_G+1","Strike_G+1","Strike_G+1","Strike_G+1","Survivor","Neutralize","Backstab","Poisoned Stab+1","Poisoned Stab","Distraction+1","Dash","Backstab","Flying Knee","Escape Plan","Tools of the Trade","Setup+1","Sucker Punch","Apotheosis+1","Footwork","Footwork","Quick Slash+1","Crippling Poison+1","Prepared","Corpse Explosion","Catalyst+1","Setup","PanicButton","Deep Breath","Dark Shackles"],"relics":["Ring of the Serpent","Bronze Scales","Ginger","Boot","Question Card","Snake Skull","Black Star","TwistedFunnel","Juzu Bracelet","Potion Belt","Pen Nib","Lantern","Tingsha","Strawberry"],"potions_floor_usage":[14,14,23,33,33,33,42],"damage_taken":[{"damage":0,"enemies":"Cultist","floor":1,"turns":4},{"damage":0,"enemies":"2 Louse","floor":2,"turns":2},{"damage":0,"enemies":"Jaw Worm","floor":5,"turns":3},{"damage":3,"enemies":"Lots of Slimes","floor":7,"turns":2},{"damage":17,"enemies":"Gremlin Nob","floor":8,"turns":4},{"damage":0,"enemies":"3 Louse","floor":11,"turns":2},{"damage":0,"enemies":"Gremlin Gang","floor":13,"turns":2},{"damage":13,"enemies":"Lagavulin","floor":14,"turns":3},{"damage":12,"enemies":"Slime Boss","floor":16,"turns":7},{"damage":2,"enemies":"Shell Parasite","floor":18,"turns":5},{"damage":0,"enemies":"Chosen","floor":19,"turns":4},{"damage":7,"enemies":"Snake Plant","floor":22,"turns":3},{"damage":25,"enemies":"Slavers","floor":23,"turns":4},{"damage":0,"enemies":"3 Cultists","floor":24,"turns":3},{"damage":6,"enemies":"Snecko","floor":31,"turns":3},{"damage":22,"enemies":"Automaton","floor":33,"turns":10},{"damage":4,"enemies":"Orb Walker","floor":35,"turns":3},{"damage":12,"enemies":"Mind Bloom Boss Battle","floor":36,"turns":8},{"damage":7,"enemies":"3 Shapes","floor":37,"turns":3},{"damage":74,"enemies":"Nemesis","floor":42,"turns":5}],"seed_played":"3355744726173507548","potions_obtained":[{"floor":1,"key":"Weak Potion"},{"floor":5,"key":"GhostInAJar"},{"floor":7,"key":"FearPotion"},{"floor":14,"key":"Swift Potion"},{"floor":19,"key":"Fire Potion"},{"floor":23,"key":"Poison Potion"},{"floor":24,"key":"SteroidPotion"},{"floor":37,"key":"Poison Potion"}],"is_trial":false,"path_per_floor":["M","M","$","?","M","R","M","E","T","R","M","?","M","E","R","B",null,"M","M","$","?","M","E","M","R","T","?","R","?","?","M","R","B",null,"M","?","M","$","?","R","?"],"character_chosen":"THE_SILENT","items_purchased":["Bronze Scales","TwistedFunnel","Apotheosis","Footwork","Strawberry"],"campfire_rested":4,"item_purchase_floors":[3,20,20,20,38],"current_hp_per_floor":[70,70,70,52,52,52,49,32,32,53,53,53,53,40,61,49,70,68,68,68,68,61,36,36,57,57,57,57,57,57,51,51,29,70,66,54,47,54,54,77,67,0],"gold":36,"neow_bonus":"HUNDRED_GOLD","is_prod":false,"is_daily":false,"chose_seed":false,"campfire_upgraded":3,"win_rate":0,"timestamp":1540440932,"path_taken":["M","M","$","?","M","R","M","E","T","R","?","?","M","E","R","BOSS","M","M","$","?","M","E","M","R","T","?","R","?","?","M","R","BOSS","M","?","M","$","?","R","?","E"],"build_version":"2018-10-18","purchased_purges":0,"victory":false,"max_hp_per_floor":[70,70,70,70,70,70,70,70,70,70,70,70,70,70,70,70,70,70,70,70,70,70,70,70,70,70,70,70,70,70,70,70,70,70,70,70,70,77,77,77,77,77],"card_choices":[{"not_picked":["Heel Hook","Blade Dance"],"picked":"Backstab","floor":1},{"not_picked":["Leg Sweep","Acrobatics"],"picked":"Poisoned Stab","floor":2},{"not_picked":["Dagger Throw","Concentrate"],"picked":"Poisoned Stab","floor":5},{"not_picked":["Leg Sweep","Accuracy"],"picked":"Distraction","floor":7},{"not_picked":["Poisoned Stab","Endless Agony"],"picked":"Dash","floor":8},{"not_picked":["Skewer","PiercingWail","Backflip"],"picked":"Backstab","floor":11},{"not_picked":["Deflect","Infinite Blades","Backstab"],"picked":"Flying Knee","floor":13},{"not_picked":["Poisoned Stab","A Thousand Cuts","Quick Slash"],"picked":"Escape Plan","floor":14},{"not_picked":["Grand Finale","Storm of Steel","A Thousand Cuts"],"picked":"Tools of the Trade","floor":16},{"not_picked":["PiercingWail","Bane","Sucker Punch"],"picked":"Setup+1","floor":18},{"not_picked":["Cloak And Dagger","Backflip","Malaise"],"picked":"Sucker Punch","floor":19},{"not_picked":["Acrobatics","Dagger Spray+1","Bouncing Flask"],"picked":"Quick Slash+1","floor":22},{"not_picked":["Poisoned Stab","Dodge and Roll","Bane+1"],"picked":"Crippling Poison+1","floor":23},{"not_picked":["Distraction","Dodge and Roll+1","Flechettes","Deflect"],"picked":"SKIP","floor":24},{"not_picked":["Escape Plan","Deadly Poison","Sucker Punch+1"],"picked":"Prepared","floor":31},{"not_picked":["Die Die Die","Storm of Steel","After Image"],"picked":"Corpse Explosion","floor":33},{"not_picked":["Skewer+1","Eviscerate","Endless Agony","Cloak And Dagger+1"],"picked":"SKIP","floor":35},{"not_picked":["Outmaneuver+1","Deadly Poison+1","Dash+1"],"picked":"Catalyst+1","floor":36},{"not_picked":["Underhanded Strike","Calculated Gamble","Dagger Throw+1","Acrobatics"],"picked":"SKIP","floor":37},{"not_picked":["Jack Of All Trades","Blind","Swift Strike"],"picked":"PanicButton","floor":41},{"not_picked":["Purity","Jack Of All Trades","Flash of Steel"],"picked":"Deep Breath","floor":41},{"not_picked":["Deep Breath","Blind","HandOfGreed"],"picked":"Dark Shackles","floor":41}],"player_experience":346916,"relics_obtained":[{"floor":8,"key":"Boot"},{"floor":9,"key":"Question Card"},{"floor":14,"key":"Snake Skull"},{"floor":23,"key":"Juzu Bracelet"},{"floor":23,"key":"Potion Belt"},{"floor":26,"key":"Pen Nib"},{"floor":36,"key":"Tingsha"}],"event_choices":[{"damage_healed":0,"gold_gain":0,"player_choice":"Success","damage_taken":18,"relics_obtained":["Ginger"],"max_hp_gain":0,"max_hp_loss":0,"event_name":"Scrap Ooze","floor":4,"gold_loss":0},{"damage_healed":0,"gold_gain":100,"player_choice":"Pray","damage_taken":0,"max_hp_gain":0,"max_hp_loss":0,"event_name":"Golden Shrine","floor":12,"gold_loss":0},{"damage_healed":0,"gold_gain":0,"player_choice":"Read","damage_taken":0,"max_hp_gain":0,"max_hp_loss":0,"event_name":"The Library","floor":21,"gold_loss":0,"cards_obtained":["Footwork"]},{"damage_healed":0,"gold_gain":0,"player_choice":"Simplicity","damage_taken":0,"max_hp_gain":0,"max_hp_loss":0,"event_name":"Back to Basics","floor":27,"gold_loss":0,"cards_upgraded":["Defend_G","Defend_G","Defend_G","Defend_G","Defend_G","Strike_G","Strike_G","Strike_G","Strike_G","Strike_G"]},{"damage_healed":0,"gold_gain":0,"player_choice":"Paid Gold","damage_taken":0,"relics_obtained":["Lantern"],"max_hp_gain":0,"max_hp_loss":0,"event_name":"WeMeetAgain","floor":29,"gold_loss":71},{"cards_removed":["Defend_G"],"damage_healed":0,"gold_gain":0,"player_choice":"Gave Gold","damage_taken":0,"max_hp_gain":0,"max_hp_loss":0,"event_name":"Beggar","floor":30,"gold_loss":75},{"damage_healed":0,"gold_gain":0,"player_choice":"Fight","damage_taken":0,"max_hp_gain":0,"max_hp_loss":0,"event_name":"MindBloom","floor":36,"gold_loss":0},{"damage_healed":0,"gold_gain":0,"cards_transformed":["Defend_G"],"player_choice":"Transformed","damage_taken":0,"max_hp_gain":0,"max_hp_loss":0,"event_name":"Transmorgrifier","floor":39,"gold_loss":0,"cards_obtained":["Setup"]},{"damage_healed":0,"gold_gain":0,"player_choice":"Memory 3","damage_taken":10,"max_hp_gain":0,"max_hp_loss":0,"event_name":"SensoryStone","floor":41,"gold_loss":0}],"is_beta":false,"boss_relics":[{"not_picked":["White Beast Statue","Velvet Choker"],"picked":"Black Star"},{"not_picked":["Coffee Dripper","Pandora\u0027s Box"],"picked":"Ring of the Serpent"}],"items_purged_floors":[],"is_endless":false,"potions_floor_spawned":[1,5,7,13,14,19,23,24,37],"killed_by":"Nemesis","ascension_level":1}