{"path_per_floor":["M","?","$","M","M","R","M","M","T","R","?","?","M","M","R","B",null,"M","$","?","?","M","R","E","M","T","R","M","R","E","M","R"],"character_chosen":"IRONCLAD","items_purchased":["Secret Weapon"],"gold_per_floor":[19,19,19,33,45,45,58,69,69,69,144,144,158,175,175,271,271,285,31,31,31,44,44,71,87,87,87,100,100,133,145,145,145],"floor_reached":33,"campfire_rested":0,"playtime":1574,"current_hp_per_floor":[77,77,77,70,74,74,74,67,67,81,70,70,71,51,51,22,76,85,85,65,65,65,65,47,61,61,61,72,72,67,46,46,0],"items_purged":["Bash"],"gold":145,"score":388,"play_id":"ef270047-0c59-4edd-a159-ec325779d34f","local_time":"20180519142820","is_prod":false,"is_daily":false,"chose_seed":false,"is_ascension_mode":true,"campfire_upgraded":1,"timestamp":1526732900,"campfire_choices":[{"data":"Body Slam","floor":6,"key":"SMITH"},{"floor":10,"key":"DIG"},{"floor":15,"key":"DIG"},{"floor":23,"key":"DIG"},{"floor":27,"key":"DIG"},{"floor":29,"key":"DIG"},{"floor":32,"key":"DIG"}],"path_taken":["M","?","?","M","M","R","M","M","T","R","?","?","M","M","R","BOSS","M","$","?","?","M","R","E","?","T","R","?","R","E","M","R","BOSS"],"build_version":"2018-05-17","seed_source_timestamp":0,"purchased_purges":1,"victory":false,"master_deck":["Defend_R","Defend_R","Defend_R","Body Slam+1","Disarm+1","Metallicize","Cleave","Thunderclap","Thunderclap","Offering","Secret Weapon","Bite","Bite","Bite","Bite","Bite","Iron Wave","Exhume","Flex","Flex"],"max_hp_per_floor":[80,80,80,80,80,80,80,80,80,94,94,94,94,94,94,94,94,94,94,65,65,65,65,72,72,72,72,72,72,72,72,72,72],"relics":["Burning Blood","Shovel","Mango","Magic Flower","Sozu","Pen Nib","Strawberry","Bottled Flame","Bronze Scales","Ancient Tea Set","Happy Flower","Boot"],"card_choices":[{"not_picked":["Infernal Blade","Fire Breathing"],"picked":"Disarm","floor":1},{"not_picked":["Intimidate","Headbutt"],"picked":"Metallicize","floor":4},{"not_picked":["Ghostly Armor","Burning Pact","True Grit"],"picked":"SKIP","floor":5},{"not_picked":["Entrench","Burning Pact"],"picked":"Cleave","floor":7},{"not_picked":["Flex","Havoc"],"picked":"Thunderclap","floor":8},{"not_picked":["Pummel","Clothesline"],"picked":"Thunderclap","floor":13},{"not_picked":["Perfected Strike","Second Wind","Feel No Pain"],"picked":"SKIP","floor":14},{"not_picked":["Limit Break","Reaper"],"picked":"Offering","floor":16},{"not_picked":["Sword Boomerang+1","Feel No Pain","Body Slam"],"picked":"SKIP","floor":18},{"not_picked":["Sever Soul","Intimidate+1","True Grit"],"picked":"SKIP","floor":22},{"not_picked":["Anger","Headbutt"],"picked":"Iron Wave","floor":24},{"not_picked":["Cleave","Havoc","Twin Strike"],"picked":"SKIP","floor":25},{"not_picked":["Armaments","Wild Strike+1"],"picked":"Exhume","floor":28},{"not_picked":["Hemokinesis","Reckless Charge+1"],"picked":"Flex","floor":30},{"not_picked":["Clash","Wild Strike+1"],"picked":"Flex","floor":31}],"player_experience":104515,"potions_floor_usage":[16,16,33,33],"damage_taken":[{"damage":7,"enemies":"2 Louse","floor":1,"turns":3},{"damage":13,"enemies":"Cultist","floor":4,"turns":5},{"damage":2,"enemies":"Small Slimes","floor":5,"turns":4},{"damage":6,"enemies":"Exordium Wildlife","floor":7,"turns":4},{"damage":13,"enemies":"Red Slaver","floor":8,"turns":4},{"damage":5,"enemies":"Looter","floor":13,"turns":4},{"damage":26,"enemies":"Exordium Thugs","floor":14,"turns":5},{"damage":38,"enemies":"Slime Boss","floor":16,"turns":11},{"damage":0,"enemies":"3 Byrds","floor":18,"turns":6},{"damage":15,"enemies":"Chosen","floor":22,"turns":4},{"damage":58,"enemies":"Gremlin Leader","floor":24,"turns":9},{"damage":19,"enemies":"Snake Plant","floor":25,"turns":5},{"damage":12,"enemies":"Centurion and Healer","floor":28,"turns":4},{"damage":26,"enemies":"Slavers","floor":30,"turns":4},{"damage":50,"enemies":"Cultist and Chosen","floor":31,"turns":6},{"damage":112,"enemies":"Champ","floor":33,"turns":9}],"relics_obtained":[{"floor":9,"key":"Shovel"},{"floor":10,"key":"Mango"},{"floor":15,"key":"Magic Flower"},{"floor":23,"key":"Pen Nib"},{"floor":24,"key":"Strawberry"},{"floor":26,"key":"Bottled Flame"},{"floor":27,"key":"Bronze Scales"},{"floor":29,"key":"Ancient Tea Set"},{"floor":30,"key":"Happy Flower"},{"floor":32,"key":"Boot"}],"event_choices":[{"event_name":"Purifier","player_choice":"One Purge","floor":2,"damage_taken":0},{"event_name":"World of Goop","player_choice":"Gather Gold","floor":11,"damage_taken":0},{"event_name":"Upgrade Shrine","player_choice":"Upgraded","floor":12,"damage_taken":0},{"event_name":"Vampires","player_choice":"Became a vampire","floor":20,"damage_taken":0},{"event_name":"Beggar","player_choice":"Ignored","floor":21,"damage_taken":0}],"boss_relics":[{"not_picked":["Runic Dome","Eternal Feather"],"picked":"Sozu"}],"potions_floor_spawned":[1,4,14,16,22,28,30],"seed_played":"-5001952918704593304","killed_by":"Champ","ascension_level":6,"potions_obtained":[{"floor":1,"key":"SpeedPotion"},{"floor":4,"key":"Explosive Potion"},{"floor":14,"key":"SteroidPotion"},{"floor":16,"key":"Regen Potion"}],"is_trial":false}