{"path_per_floor":["M","M","M","M","M","R","E","$","T","E","M","M","M","M","R","B",null,"M","$","M","M","M","R","E","R","T","$","M","E","M","E","R","B",null,"M","M","M","?","M","E","M","M","T"],"character_chosen":"IRONCLAD","items_purchased":["Dramatic Entrance","Gremlin Horn"],"gold_per_floor":[113,132,143,158,172,172,199,27,52,85,103,117,130,148,148,251,251,268,24,37,52,69,69,96,96,176,76,91,118,136,163,163,264,264,281,295,309,358,369,396,412,432,482,482],"floor_reached":44,"campfire_rested":0,"playtime":3962,"current_hp_per_floor":[45,51,55,59,65,65,32,32,32,35,37,43,48,54,54,15,80,80,80,80,80,68,68,69,69,69,69,80,70,76,73,73,32,80,80,72,80,72,80,69,80,80,80,0],"items_purged":["Defend_R","Defend_R"],"gold":482,"score":597,"play_id":"ceaca99d-93c5-46a6-964e-daabe268ffce","local_time":"20180513071411","is_prod":false,"is_daily":false,"chose_seed":false,"is_ascension_mode":false,"campfire_upgraded":5,"timestamp":1526188451,"path_taken":["M","M","M","M","M","R","E","$","T","E","M","M","M","?","R","BOSS","M","$","M","M","M","R","E","R","T","$","M","E","M","E","R","BOSS","M","M","M","?","M","E","M","M","T","E"],"build_version":"2018-05-10","seed_source_timestamp":230052509487969,"purchased_purges":2,"victory":false,"master_deck":["Strike_R","Strike_R","Strike_R","Strike_R","Strike_R","Defend_R","Defend_R","Bash","Fiend Fire+1","Shrug It Off+1","Pommel Strike+1","Shrug It Off","Dramatic Entrance","Spot Weakness+1","Seeing Red","Sever Soul","Reaper","Pommel Strike+1","Shrug It Off","Feel No Pain","Heavy Blade+1","Shrug It Off+1","Seeing Red+1","Brutality+1","Flame Barrier+1","Evolve+1","Pommel Strike+1","Shrug It Off","Pommel Strike+1"],"max_hp_per_floor":[80,80,80,80,80,80,80,80,80,80,80,80,80,80,80,80,80,80,80,80,80,80,80,80,80,80,80,80,80,80,80,80,80,80,80,80,80,80,80,80,80,80,80,80],"relics":["Burning Blood","Bird Faced Urn","Orichalcum","Pen Nib","Snecko Eye","Gremlin Horn","Oddly Smooth Stone","Frozen Egg 2","Bottled Flame","War Paint","Black Star","Ice Cream","Smiling Mask","Molten Egg 2","Prayer Wheel"],"card_choices":[{"not_picked":["Double Tap","Immolate"],"picked":"Fiend Fire","floor":0},{"not_picked":["Anger","Cleave"],"picked":"Shrug It Off","floor":1},{"not_picked":["Evolve","Clash"],"picked":"Pommel Strike","floor":4},{"not_picked":["Sword Boomerang","True Grit"],"picked":"Shrug It Off","floor":5},{"not_picked":["Metallicize","Cleave"],"picked":"Spot Weakness","floor":10},{"not_picked":["Second Wind","Cleave"],"picked":"Seeing Red","floor":12},{"not_picked":["Armaments","Rampage"],"picked":"Sever Soul","floor":14},{"not_picked":["Limit Break","Berserk"],"picked":"Reaper","floor":16},{"not_picked":["Headbutt","Rage"],"picked":"Pommel Strike","floor":18},{"not_picked":["Anger","Clash"],"picked":"Shrug It Off","floor":21},{"not_picked":["Warcry","Double Tap"],"picked":"Feel No Pain","floor":22},{"not_picked":["Cleave","Iron Wave"],"picked":"Heavy Blade","floor":24},{"not_picked":["Warcry","Sever Soul"],"picked":"Shrug It Off","floor":28},{"not_picked":["Bloodletting","Combust"],"picked":"Seeing Red","floor":31},{"not_picked":["Reaper","Double Tap"],"picked":"Brutality","floor":33},{"not_picked":["True Grit","Carnage"],"picked":"Flame Barrier","floor":35},{"not_picked":["Pommel Strike","Clothesline"],"picked":"Evolve","floor":36},{"not_picked":["Inflame","Fire Breathing"],"picked":"Pommel Strike","floor":37},{"not_picked":["True Grit","Berserk"],"picked":"Shrug It Off","floor":40},{"not_picked":["True Grit","Uppercut"],"picked":"Pommel Strike","floor":41}],"player_experience":33018,"potions_floor_usage":[7,16,33,33,44],"damage_taken":[{"damage":1,"enemies":"Cultist","floor":1,"turns":3},{"damage":0,"enemies":"2 Louse","floor":2,"turns":3},{"damage":2,"enemies":"Small Slimes","floor":3,"turns":4},{"damage":2,"enemies":"Looter","floor":4,"turns":4},{"damage":0,"enemies":"Blue Slaver","floor":5,"turns":4},{"damage":39,"enemies":"Lagavulin","floor":7,"turns":8},{"damage":3,"enemies":"3 Sentries","floor":10,"turns":6},{"damage":4,"enemies":"Exordium Thugs","floor":11,"turns":4},{"damage":0,"enemies":"Looter","floor":12,"turns":2},{"damage":1,"enemies":"Exordium Wildlife","floor":13,"turns":2},{"damage":0,"enemies":"3 Louse","floor":14,"turns":2},{"damage":45,"enemies":"Hexaghost","floor":16,"turns":10},{"damage":4,"enemies":"Shell Parasite","floor":18,"turns":2},{"damage":0,"enemies":"3 Byrds","floor":20,"turns":3},{"damage":0,"enemies":"Centurion and Healer","floor":21,"turns":3},{"damage":22,"enemies":"Slaver and Parasite","floor":22,"turns":5},{"damage":17,"enemies":"Slavers","floor":24,"turns":4},{"damage":0,"enemies":"Snecko","floor":28,"turns":4},{"damage":37,"enemies":"Gremlin Leader","floor":29,"turns":4},{"damage":0,"enemies":"Snake Plant","floor":30,"turns":1},{"damage":9,"enemies":"Book of Stabbing","floor":31,"turns":3},{"damage":55,"enemies":"Champ","floor":33,"turns":8},{"damage":14,"enemies":"3 Darklings","floor":35,"turns":7},{"damage":20,"enemies":"3 Shapes","floor":36,"turns":5},{"damage":19,"enemies":"3 Darklings","floor":37,"turns":5},{"damage":26,"enemies":"Mysterious Sphere","floor":38,"turns":11},{"damage":0,"enemies":"4 Shapes","floor":39,"turns":5},{"damage":19,"enemies":"2 Orb Walkers","floor":40,"turns":3},{"damage":4,"enemies":"Maw","floor":41,"turns":5},{"damage":0,"enemies":"3 Darklings","floor":42,"turns":4},{"damage":90,"enemies":"Giant Head","floor":44,"turns":9}],"event_choices":[{"event_name":"Mysterious Sphere","player_choice":"Fight","floor":38,"damage_taken":0}],"boss_relics":[{"not_picked":["Orrery","Lizard Tail"],"picked":"Snecko Eye"},{"not_picked":["Astrolabe","Runic Cube"],"picked":"Black Star"}],"potions_floor_spawned":[2,4,11,12,13,16,20,29,30,31,33,36,38,39,40],"seed_played":"4175333374358933695","killed_by":"Giant Head","ascension_level":0,"is_trial":false}