{"gold_per_floor":[118,118,118,68,84,118,118,118,118,129,143,2,21,121,121,222,222,241,225,225,225,225,225,251,266,335,335,82,82,82,132,132,229,229,241,252,268,268,287,303,303,313,338,352,75,94,94,124,124,124],"floor_reached":51,"playtime":4750,"items_purged":["Strike_B","Strike_B"],"score":706,"play_id":"3a07c9bf-33dd-4f6e-a4ec-3f681c972fe4","local_time":"20181016205434","is_ascension_mode":true,"campfire_choices":[{"floor":7,"key":"REST"},{"floor":15,"key":"REST"},{"floor":23,"key":"DIG"},{"floor":27,"key":"REST"},{"floor":30,"key":"REST"},{"floor":32,"key":"DIG"},{"data":"Defragment","floor":41,"key":"SMITH"},{"floor":47,"key":"REST"},{"floor":49,"key":"REST"}],"neow_cost":"NONE","seed_source_timestamp":941534751312189,"circlet_count":0,"master_deck":["Strike_B","Defend_B+1","Defend_B","Defend_B+1","Zap","Dualcast","Seek","Cold Snap+1","Sweeping Beam","Sweeping Beam","Recycle","Coolheaded","Capacitor","BootSequence+1","Double Energy","All For One","Barrage+1","Glacier","FTL+1","Defragment+1","Capacitor","Flash of Steel","Cold Snap+1","Amplify","Glacier","Leap+1","Madness","Madness","Core Surge","Coolheaded","Coolheaded+1","Steam+1","Defragment","Echo Form","Stack+1","White Noise+1"],"relics":["Cracked Core","GremlinMask","Gremlin Horn","Dream Catcher","Shovel","Lizard Tail","Bronze Scales","War Paint","Matryoshka","Blue Candle","Strawberry","Whetstone","Inserter","Vajra","PreservedInsect","Turnip"],"potions_floor_usage":[16,19,24,29,33,37,42,50],"damage_taken":[{"damage":2,"enemies":"2 Louse","floor":1,"turns":2},{"damage":0,"enemies":"Cultist","floor":5,"turns":3},{"damage":24,"enemies":"3 Sentries","floor":6,"turns":9},{"damage":9,"enemies":"Jaw Worm","floor":10,"turns":2},{"damage":8,"enemies":"Looter","floor":11,"turns":2},{"damage":0,"enemies":"3 Louse","floor":13,"turns":2},{"damage":24,"enemies":"Slime Boss","floor":16,"turns":13},{"damage":9,"enemies":"3 Byrds","floor":18,"turns":5},{"damage":3,"enemies":"2 Thieves","floor":19,"turns":4},{"damage":41,"enemies":"Book of Stabbing","floor":24,"turns":6},{"damage":20,"enemies":"Snake Plant","floor":25,"turns":5},{"damage":0,"enemies":"Centurion and Healer","floor":29,"turns":1},{"damage":46,"enemies":"Collector","floor":33,"turns":13},{"damage":13,"enemies":"Orb Walker","floor":35,"turns":4},{"damage":0,"enemies":"3 Shapes","floor":36,"turns":10},{"damage":0,"enemies":"Reptomancer","floor":37,"turns":9},{"damage":10,"enemies":"4 Shapes","floor":39,"turns":6},{"damage":2,"enemies":"Sphere and 2 Shapes","floor":40,"turns":10},{"damage":25,"enemies":"3 Darklings","floor":42,"turns":8},{"damage":0,"enemies":"4 Shapes","floor":44,"turns":8},{"damage":16,"enemies":"Maw","floor":46,"turns":10},{"damage":33,"enemies":"Nemesis","floor":48,"turns":11},{"damage":58,"enemies":"Awakened One","floor":50,"turns":19}],"seed_played":"-164614622505053271","potions_obtained":[{"floor":6,"key":"Weak Potion"},{"floor":11,"key":"SpeedPotion"},{"floor":18,"key":"Fire Potion"},{"floor":22,"key":"SmokeBomb"},{"floor":22,"key":"AttackPotion"},{"floor":33,"key":"Ancient Potion"},{"floor":36,"key":"PowerPotion"},{"floor":40,"key":"Regen Potion"},{"floor":44,"key":"Explosive Potion"},{"floor":48,"key":"Energy Potion"}],"is_trial":false,"path_per_floor":["M","?","?","?","M","E","R","?","T","M","M","$","M","?","R","B",null,"M","M","?","?","?","R","E","M","T","R","$","M","R","T","R","B",null,"M","M","M","?","M","M","R","M","T","M","$","M","R","E","R","B"],"character_chosen":"DEFECT","items_purchased":["Capacitor","BootSequence","Capacitor","Flash of Steel","Defragment","FairyPotion"],"campfire_rested":6,"item_purchase_floors":[12,12,28,28,45,45],"current_hp_per_floor":[73,73,70,70,70,46,68,53,53,44,36,36,36,36,58,34,75,66,63,63,63,63,63,22,2,2,24,24,24,46,53,53,7,82,69,69,69,59,49,47,47,37,37,37,37,21,45,12,36,30],"gold":124,"neow_bonus":"TRANSFORM_CARD","is_prod":false,"is_daily":false,"chose_seed":false,"campfire_upgraded":1,"win_rate":0,"timestamp":1539690874,"path_taken":["M","?","?","?","M","E","R","?","T","?","M","$","M","?","R","BOSS","M","M","?","?","?","R","E","M","T","R","?","M","R","?","R","BOSS","M","M","M","?","M","M","R","M","T","M","$","M","R","E","R","BOSS"],"build_version":"2018-10-11","purchased_purges":2,"victory":true,"max_hp_per_floor":[75,75,75,75,75,75,75,75,75,75,75,75,75,75,75,75,75,75,75,75,75,75,75,75,75,75,75,75,75,75,82,82,82,82,82,82,82,82,82,82,82,82,82,82,82,82,82,82,82,82],"card_choices":[{"not_picked":["Go for the Eyes","Gash"],"picked":"Cold Snap","floor":1},{"not_picked":["Streamline","Go for the Eyes","Tempest"],"picked":"SKIP","floor":5},{"not_picked":["Go for the Eyes","Biased Cognition"],"picked":"Sweeping Beam","floor":6},{"not_picked":["Ball Lightning","Melter"],"picked":"Sweeping Beam","floor":7},{"not_picked":["Turbo","Hello World"],"picked":"Recycle","floor":10},{"not_picked":["Compile Driver","Gash"],"picked":"Coolheaded","floor":11},{"not_picked":["Undo","Chill"],"picked":"Double Energy","floor":13},{"not_picked":["Amplify","Multi-Cast"],"picked":"All For One","floor":16},{"not_picked":["Darkness+1","Reinforced Body"],"picked":"Barrage+1","floor":18},{"not_picked":["Fusion+1","Go for the Eyes+1"],"picked":"Glacier","floor":19},{"not_picked":["Streamline+1","Beam Cell","Reinforced Body"],"picked":"SKIP","floor":24},{"not_picked":["Redo+1","Steam+1"],"picked":"FTL","floor":25},{"not_picked":["Rip and Tear+1","Compile Driver+1"],"picked":"Defragment","floor":27},{"not_picked":["Reinforced Body","Chill"],"picked":"Cold Snap","floor":30},{"not_picked":["Multi-Cast","Meteor Strike"],"picked":"Amplify","floor":33},{"not_picked":["Lockon+1","Ball Lightning+1","Go for the Eyes+1"],"picked":"SKIP","floor":35},{"not_picked":["Barrage","Redo"],"picked":"Glacier","floor":36},{"not_picked":["Rebound+1","Coolheaded+1"],"picked":"Leap+1","floor":37},{"not_picked":["Redo","Rebound+1"],"picked":"Core Surge","floor":39},{"not_picked":["Go for the Eyes","Ball Lightning"],"picked":"Coolheaded","floor":40},{"not_picked":["Barrage+1","Hologram"],"picked":"Coolheaded+1","floor":42},{"not_picked":["Gash+1","Coolheaded+1"],"picked":"Steam+1","floor":44},{"not_picked":["Heatsinks","Stack"],"picked":"Echo Form","floor":46},{"not_picked":["Undo+1","Genetic Algorithm+1"],"picked":"Stack+1","floor":48},{"not_picked":["Self Repair+1","Hello World"],"picked":"White Noise+1","floor":49}],"player_experience":153408,"relics_obtained":[{"floor":6,"key":"Dream Catcher"},{"floor":9,"key":"Shovel"},{"floor":23,"key":"Bronze Scales"},{"floor":24,"key":"War Paint"},{"floor":26,"key":"Matryoshka"},{"floor":31,"key":"Blue Candle"},{"floor":31,"key":"Strawberry"},{"floor":32,"key":"Whetstone"},{"floor":43,"key":"Vajra"},{"floor":43,"key":"PreservedInsect"},{"floor":48,"key":"Turnip"}],"event_choices":[{"event_name":"FaceTrader","player_choice":"Trade","floor":2,"damage_taken":0},{"event_name":"Scrap Ooze","player_choice":"success","floor":3,"damage_taken":3},{"event_name":"The Cleric","player_choice":"Card Removal","floor":4,"damage_taken":0},{"event_name":"Shining Light","player_choice":"Entered Light","floor":8,"damage_taken":0},{"event_name":"Golden Shrine","player_choice":"Pray","floor":14,"damage_taken":0},{"event_name":"Ghosts","player_choice":"Ignored","floor":20,"damage_taken":0},{"event_name":"Vampires","player_choice":"Ignored","floor":21,"damage_taken":0},{"event_name":"The Lab","player_choice":"Got Potions","floor":22,"damage_taken":0},{"event_name":"Winding Halls","player_choice":"Embrace Madness","floor":38,"damage_taken":0}],"is_beta":false,"boss_relics":[{"not_picked":["Philosopher\u0027s Stone","Velvet Choker"],"picked":"Lizard Tail"},{"not_picked":["White Beast Statue","Runic Dome"],"picked":"Inserter"}],"items_purged_floors":[28,45],"is_endless":false,"potions_floor_spawned":[6,11,18,33,36,40,44,48],"ascension_level":1}