{"gold_per_floor":[109,109,34,44,44,78,78,98,98,23,23,52,62,80,80,80],"floor_reached":16,"playtime":470,"items_purged":["Strike_R"],"score":257,"play_id":"1975d386-5071-44b2-ab17-a6290d821746","local_time":"20190203111417","is_ascension_mode":true,"campfire_choices":[{"data":"Dual Wield","floor":7,"key":"SMITH"},{"data":"Bash","floor":15,"key":"SMITH"}],"neow_cost":"NONE","seed_source_timestamp":495254671634600,"circlet_count":0,"master_deck":["AscendersBane","Strike_R","Strike_R","Defend_R","Defend_R","Defend_R","Defend_R","Bash+1","Dropkick","Dual Wield+1"],"relics":["Burning Blood","NeowsBlessing","Ice Cream","Gremlin Horn","Boot"],"potions_floor_usage":[12,12],"damage_taken":[{"damage":0,"enemies":"Small Slimes","floor":1,"turns":1},{"damage":0,"enemies":"Jaw Worm","floor":4,"turns":1},{"damage":0,"enemies":"Lagavulin","floor":6,"turns":2},{"damage":8,"enemies":"2 Louse","floor":8,"turns":4},{"damage":25,"enemies":"3 Sentries","floor":12,"turns":5},{"damage":18,"enemies":"Red Slaver","floor":13,"turns":6},{"damage":1,"enemies":"2 Fungi Beasts","floor":14,"turns":3},{"damage":47,"enemies":"Hexaghost","floor":16,"turns":9}],"seed_played":"-1292499134446646234","potions_obtained":[{"floor":1,"key":"AttackPotion"},{"floor":6,"key":"BloodPotion"},{"floor":8,"key":"PowerPotion"}],"is_trial":false,"path_per_floor":["M","?","?","M","?","E","R","M","T","$","?","E","M","M","R","B"],"character_chosen":"IRONCLAD","items_purchased":[],"campfire_rested":0,"item_purchase_floors":[],"current_hp_per_floor":[74,74,74,75,75,75,75,73,73,73,73,54,42,47,47,0],"gold":80,"neow_bonus":"THREE_ENEMY_KILL","is_prod":false,"is_daily":false,"chose_seed":false,"campfire_upgraded":2,"win_rate":0,"timestamp":1549188857,"path_taken":["M","?","?","M","?","E","R","M","T","$","?","E","?","M","R","BOSS"],"build_version":"2019-01-23","purchased_purges":1,"victory":false,"max_hp_per_floor":[75,75,75,75,75,75,75,75,75,75,75,75,75,75,75,75],"card_choices":[{"not_picked":["Burning Pact","Heavy Blade"],"picked":"Dropkick","floor":1},{"not_picked":["Headbutt","Pommel Strike","Body Slam"],"picked":"SKIP","floor":4},{"not_picked":["Armaments","Pummel"],"picked":"Dual Wield","floor":6},{"not_picked":["Body Slam","Uppercut","Shockwave"],"picked":"SKIP","floor":8},{"not_picked":["Armaments","Heavy Blade","Wild Strike"],"picked":"SKIP","floor":12},{"not_picked":["Perfected Strike","Heavy Blade","Inflame"],"picked":"SKIP","floor":13},{"not_picked":["Warcry","True Grit","Juggernaut"],"picked":"SKIP","floor":14}],"player_experience":318695,"relics_obtained":[{"floor":6,"key":"Ice Cream"},{"floor":9,"key":"Gremlin Horn"},{"floor":12,"key":"Boot"}],"event_choices":[{"cards_removed":["Strike_R"],"damage_healed":0,"gold_gain":0,"player_choice":"Forget","damage_taken":0,"max_hp_gain":0,"max_hp_loss":0,"event_name":"Living Wall","floor":2,"gold_loss":0},{"cards_removed":["Strike_R"],"damage_healed":0,"gold_gain":0,"player_choice":"Card Removal","damage_taken":0,"max_hp_gain":0,"max_hp_loss":0,"event_name":"The Cleric","floor":3,"gold_loss":75},{"damage_healed":0,"gold_gain":0,"player_choice":"Ignored","damage_taken":0,"max_hp_gain":0,"max_hp_loss":0,"event_name":"Liars Game","floor":5,"gold_loss":0},{"damage_healed":0,"gold_gain":0,"player_choice":"0 cards matched","damage_taken":0,"max_hp_gain":0,"max_hp_loss":0,"event_name":"Match and Keep!","floor":11,"gold_loss":0,"cards_obtained":[]}],"is_beta":false,"boss_relics":[],"items_purged_floors":[10],"is_endless":false,"potions_floor_spawned":[1,6,8],"killed_by":"Hexaghost","ascension_level":18}