{"path_per_floor":["M","?","?","$","?","E","M","R","T","?","M","M","R","$","R","B",null,"M","$","M","$","M","R","?","E","T","R"],"character_chosen":"IRONCLAD","items_purchased":["True Grit","Shockwave","Intimidate","Inflame","Pommel Strike","Whirlwind","Inflame"],"gold_per_floor":[112,112,112,10,10,50,75,75,150,115,130,145,145,29,29,149,149,149,127,127,24,24,24,24,24,24,24,24],"floor_reached":28,"campfire_rested":3,"playtime":1069,"current_hp_per_floor":[60,60,53,53,38,15,11,33,33,51,51,51,51,51,51,20,61,33,33,37,37,10,32,32,2,2,24,0],"items_purged":[],"gold":24,"score":351,"play_id":"9c085d13-7206-4878-84ae-f66202a8b731","local_time":"20180523024438","is_prod":false,"is_daily":false,"chose_seed":false,"is_ascension_mode":true,"campfire_upgraded":2,"timestamp":1527036278,"campfire_choices":[{"floor":8,"key":"REST"},{"data":"Shockwave","floor":13,"key":"SMITH"},{"data":"Intimidate","floor":15,"key":"SMITH"},{"floor":23,"key":"REST"},{"floor":27,"key":"REST"}],"path_taken":["M","?","?","$","?","E","?","R","T","?","?","M","R","$","R","BOSS","M","?","?","$","M","R","?","E","T","R","M"],"build_version":"2018-05-17","seed_source_timestamp":0,"purchased_purges":1,"victory":false,"master_deck":["Strike_R","Strike_R","Strike_R","Strike_R","Strike_R","Defend_R","Defend_R+1","Defend_R","Defend_R","Bash","AscendersBane","True Grit+1","Shockwave+1","Disarm","Carnage","Inflame","Intimidate+1","Inflame","Berserk","True Grit+1","Pommel Strike","Whirlwind","Inflame","Shrug It Off","Headbutt"],"max_hp_per_floor":[80,74,74,74,74,74,74,74,74,74,74,74,74,74,74,74,74,74,74,74,74,74,74,74,74,74,74,74],"relics":["Mark of Pain","Golden Idol","Art of War","Charon\u0027s Ashes","Paper Frog","Ectoplasm","Juzu Bracelet","Meat on the Bone","Kunai"],"card_choices":[{"not_picked":["Sword Boomerang","Bloodletting","Warcry"],"picked":"SKIP","floor":1},{"not_picked":["Clash","Cleave"],"picked":"Disarm","floor":6},{"not_picked":["Rage","Whirlwind"],"picked":"Carnage","floor":7},{"not_picked":["Blood for Blood","Uppercut"],"picked":"Inflame","floor":11},{"not_picked":["Anger","Shrug It Off","Heavy Blade"],"picked":"SKIP","floor":12},{"not_picked":["Brutality","Limit Break"],"picked":"Berserk","floor":16},{"not_picked":["Heavy Blade","Warcry"],"picked":"True Grit+1","floor":18},{"not_picked":["Entrench","Rampage","Body Slam"],"picked":"SKIP","floor":20},{"not_picked":["Iron Wave","Flame Barrier"],"picked":"Shrug It Off","floor":22},{"not_picked":["Reckless Charge","Limit Break"],"picked":"Headbutt","floor":25}],"player_experience":178672,"potions_floor_usage":[20,25,25],"damage_taken":[{"damage":12,"enemies":"Jaw Worm","floor":1,"turns":3},{"damage":23,"enemies":"3 Sentries","floor":6,"turns":11},{"damage":4,"enemies":"2 Louse","floor":7,"turns":3},{"damage":0,"enemies":"Cultist","floor":11,"turns":3},{"damage":0,"enemies":"3 Louse","floor":12,"turns":3},{"damage":31,"enemies":"Slime Boss","floor":16,"turns":8},{"damage":28,"enemies":"Spheric Guardian","floor":18,"turns":4},{"damage":5,"enemies":"3 Byrds","floor":20,"turns":4},{"damage":27,"enemies":"Centurion and Healer","floor":22,"turns":5},{"damage":30,"enemies":"Slavers","floor":25,"turns":5},{"damage":24,"enemies":"Sentry and Sphere","floor":28,"turns":5}],"relics_obtained":[{"floor":6,"key":"Charon\u0027s Ashes"},{"floor":9,"key":"Paper Frog"},{"floor":25,"key":"Meat on the Bone"},{"floor":26,"key":"Kunai"}],"event_choices":[{"event_name":"Golden Idol","player_choice":"Lose Max HP","floor":2,"damage_taken":0},{"event_name":"Scrap Ooze","player_choice":"success","floor":3,"damage_taken":7},{"event_name":"Shining Light","player_choice":"Entered Light","floor":5,"damage_taken":0},{"event_name":"The Cleric","player_choice":"Healed","floor":10,"damage_taken":0},{"event_name":"Wheel of Change","player_choice":"Relic","floor":24,"damage_taken":0}],"boss_relics":[{"not_picked":["Runic Cube","Astrolabe"],"picked":"Ectoplasm"}],"potions_floor_spawned":[6,7,18,22,25],"seed_played":"-2052392770348271746","killed_by":"Sentry and Sphere","ascension_level":10,"potions_obtained":[{"floor":6,"key":"Energy Potion"},{"floor":7,"key":"Regen Potion"},{"floor":18,"key":"GamblersBrew"},{"floor":22,"key":"Swift Potion"},{"floor":25,"key":"PowerPotion"}],"is_trial":false}