{"gold_per_floor":[368,385,310,385,398,423,423,454,532,556,572,599,599,611,611,611],"floor_reached":16,"playtime":494,"items_purged":["Defend_R"],"score":110,"play_id":"b14f01ab-d4ac-479f-8bc2-5963de7f271f","local_time":"20181006232249","is_ascension_mode":false,"campfire_choices":[{"data":"Clash","floor":7,"key":"SMITH"},{"floor":15,"key":"REST"}],"neow_cost":"TEN_PERCENT_HP_LOSS","seed_source_timestamp":1166736020799946,"circlet_count":0,"master_deck":["Strike_R","Strike_R","Strike_R","Strike_R","Strike_R","Defend_R","Defend_R","Bash","Clash+1"],"relics":["Burning Blood","Dodecahedron","Art of War","Tiny Chest","Dream Catcher","Ancient Tea Set"],"potions_floor_usage":[16,16],"damage_taken":[{"damage":6,"enemies":"Cultist","floor":1,"turns":3},{"damage":0,"enemies":"Small Slimes","floor":2,"turns":3},{"damage":3,"enemies":"Jaw Worm","floor":5,"turns":3},{"damage":45,"enemies":"Lagavulin","floor":6,"turns":6},{"damage":20,"enemies":"Gremlin Nob","floor":8,"turns":4},{"damage":2,"enemies":"Blue Slaver","floor":11,"turns":3},{"damage":14,"enemies":"Large Slime","floor":14,"turns":5},{"damage":41,"enemies":"Slime Boss","floor":16,"turns":7}],"seed_played":"2024539488518295978","potions_obtained":[{"floor":1,"key":"FearPotion"},{"floor":6,"key":"FairyPotion"},{"floor":11,"key":"EssenceOfSteel"}],"is_trial":false,"path_per_floor":["M","M","$","?","M","E","R","E","T","T","M","T","?","M","R"],"character_chosen":"IRONCLAD","items_purchased":[],"campfire_rested":1,"item_purchase_floors":[],"current_hp_per_floor":[72,72,72,61,64,25,25,11,11,11,15,15,15,7,28,0],"gold":611,"neow_bonus":"TWO_FIFTY_GOLD","is_prod":false,"is_daily":false,"chose_seed":false,"campfire_upgraded":1,"win_rate":0,"timestamp":1538860969,"path_taken":["M","M","$","?","M","E","R","E","T","?","?","?","?","M","R","BOSS"],"build_version":"2018-10-04v2","purchased_purges":1,"victory":false,"max_hp_per_floor":[72,72,72,72,72,72,72,72,72,72,72,72,72,72,72,72],"card_choices":[{"not_picked":["Whirlwind","Intimidate"],"picked":"Clash","floor":1},{"not_picked":["Flex","Metallicize","Body Slam"],"picked":"SKIP","floor":2},{"not_picked":["Disarm","Shrug It Off","Warcry"],"picked":"SKIP","floor":5},{"not_picked":["Iron Wave","Havoc","Bludgeon"],"picked":"SKIP","floor":6},{"not_picked":["Thunderclap","Ghostly Armor","Wild Strike"],"picked":"SKIP","floor":8},{"not_picked":["Clothesline","Headbutt","Flex"],"picked":"SKIP","floor":11},{"not_picked":["Rupture","Flame Barrier","Perfected Strike"],"picked":"SKIP","floor":14}],"player_experience":225113,"relics_obtained":[{"floor":6,"key":"Dodecahedron"},{"floor":8,"key":"Art of War"},{"floor":9,"key":"Tiny Chest"},{"floor":10,"key":"Dream Catcher"},{"floor":12,"key":"Ancient Tea Set"}],"event_choices":[{"event_name":"World of Goop","player_choice":"Gather Gold","floor":4,"damage_taken":0},{"event_name":"Living Wall","player_choice":"Forget","floor":13,"damage_taken":0}],"is_beta":false,"boss_relics":[],"items_purged_floors":[3],"is_endless":false,"potions_floor_spawned":[1,6,11,14],"killed_by":"Slime Boss","ascension_level":0}