{"path_per_floor":["M","?","?","M","$","R","M","M","T","M","E","R","$","M","R","B",null,"M","M","M","?","?","E","?"],"character_chosen":"IRONCLAD","items_purchased":["Gremlin Horn","Singing Bowl"],"gold_per_floor":[111,61,236,250,11,11,21,37,109,124,159,159,16,34,34,131,131,146,159,174,174,174,202,452,452],"floor_reached":25,"campfire_rested":0,"playtime":924,"current_hp_per_floor":[69,69,69,68,68,68,72,72,72,72,69,69,69,72,72,76,76,59,37,28,12,12,15,15,0],"items_purged":[],"gold":452,"score":322,"play_id":"8f27c4c6-6233-4147-bc84-a6bd044ba159","local_time":"20180518141221","is_prod":false,"is_daily":false,"chose_seed":false,"is_ascension_mode":true,"campfire_upgraded":3,"timestamp":1526645541,"campfire_choices":[{"data":"Rage","floor":6,"key":"SMITH"},{"data":"Rampage","floor":12,"key":"SMITH"},{"data":"Whirlwind","floor":15,"key":"SMITH"}],"path_taken":["M","?","?","M","$","R","M","M","T","?","E","R","$","M","R","BOSS","M","M","M","?","?","E","?","?"],"build_version":"2018-05-17","seed_source_timestamp":391285367308636,"purchased_purges":0,"victory":false,"master_deck":["Strike_R","Strike_R","Strike_R","Strike_R","Strike_R","Defend_R","Bash","Pommel Strike","Rage+1","Bludgeon","Rampage+1","Whirlwind+1","Parasite","Entrench+1","Bloodletting+1","Pommel Strike","Writhe","Headbutt+1","Regret"],"max_hp_per_floor":[72,72,72,72,72,72,72,72,72,72,72,72,72,74,74,76,76,78,80,80,80,80,80,80,80],"relics":["Burning Blood","Ginger","Gremlin Horn","Centennial Puzzle","Oddly Smooth Stone","Singing Bowl","Astrolabe","Nilry\u0027s Codex","Frozen Egg 2","Bag of Marbles"],"card_choices":[{"not_picked":["Wild Strike","Clothesline"],"picked":"Pommel Strike","floor":1},{"not_picked":["Headbutt","Inflame"],"picked":"Rage","floor":4},{"not_picked":["Clash","Anger"],"picked":"Bludgeon","floor":7},{"not_picked":["Headbutt","Seeing Red"],"picked":"Rampage","floor":8},{"not_picked":["Combust","Shrug It Off"],"picked":"Whirlwind","floor":10},{"not_picked":["Clash","Armaments","Reckless Charge"],"picked":"SKIP","floor":11},{"not_picked":["Anger","Bludgeon","Sword Boomerang"],"picked":"Singing Bowl","floor":14},{"not_picked":["Reaper","Berserk","Bludgeon"],"picked":"Singing Bowl","floor":16},{"not_picked":["Infernal Blade","Warcry","Power Through"],"picked":"Singing Bowl","floor":18},{"not_picked":["Evolve+1","Spot Weakness","Wild Strike+1"],"picked":"Singing Bowl","floor":19},{"not_picked":["Intimidate","Thunderclap"],"picked":"Pommel Strike","floor":20},{"not_picked":["Wild Strike","Disarm"],"picked":"Headbutt+1","floor":23}],"player_experience":94987,"potions_floor_usage":[23],"damage_taken":[{"damage":9,"enemies":"2 Louse","floor":1,"turns":4},{"damage":7,"enemies":"Jaw Worm","floor":4,"turns":3},{"damage":0,"enemies":"Small Slimes","floor":7,"turns":3},{"damage":3,"enemies":"Blue Slaver","floor":8,"turns":3},{"damage":1,"enemies":"2 Fungi Beasts","floor":10,"turns":2},{"damage":9,"enemies":"3 Sentries","floor":11,"turns":3},{"damage":5,"enemies":"Exordium Wildlife","floor":14,"turns":2},{"damage":3,"enemies":"Slime Boss","floor":16,"turns":7},{"damage":25,"enemies":"Shell Parasite","floor":18,"turns":4},{"damage":30,"enemies":"2 Thieves","floor":19,"turns":3},{"damage":15,"enemies":"3 Cultists","floor":20,"turns":4},{"damage":3,"enemies":"Slavers","floor":23,"turns":2},{"damage":19,"enemies":"Cultist and Chosen","floor":25,"turns":2}],"relics_obtained":[{"floor":9,"key":"Centennial Puzzle"},{"floor":11,"key":"Oddly Smooth Stone"},{"floor":21,"key":"Nilry\u0027s Codex"},{"floor":23,"key":"Bag of Marbles"}],"event_choices":[{"event_name":"The Cleric","player_choice":"Card Removal","floor":2,"damage_taken":0},{"event_name":"Liars Game","player_choice":"agreed","floor":3,"damage_taken":0},{"event_name":"Cursed Tome","player_choice":"Obtained Book","floor":21,"damage_taken":0},{"event_name":"The Mausoleum","player_choice":"Yes","floor":22,"damage_taken":0},{"event_name":"Golden Shrine","player_choice":"Desecrate","floor":24,"damage_taken":0}],"boss_relics":[{"not_picked":["Orrery","Eternal Feather"],"picked":"Astrolabe"}],"potions_floor_spawned":[7,8,11,20,23],"seed_played":"-4339863005593581749","killed_by":"Cultist and Chosen","ascension_level":6,"potions_obtained":[{"floor":7,"key":"SpeedPotion"},{"floor":8,"key":"LiquidBronze"},{"floor":11,"key":"Regen Potion"},{"floor":20,"key":"AttackPotion"},{"floor":23,"key":"AttackPotion"}],"is_trial":false}