{"gold_per_floor":[110,124,74,74,0,0,32,32,32,44,72,86,104,104,104,205,205,217,217,228,241,156,182,182,182,235,270,270,72,83,83],"floor_reached":31,"playtime":1397,"items_purged":[],"score":340,"play_id":"3e2a4fb9-58ee-41a8-9b8a-432965e19496","local_time":"20190113010448","is_ascension_mode":true,"campfire_choices":[{"data":"Havoc","floor":6,"key":"SMITH"},{"data":"Metallicize","floor":8,"key":"SMITH"},{"data":"Double Tap","floor":15,"key":"SMITH"}],"neow_cost":"NONE","seed_source_timestamp":420106196355706,"circlet_count":0,"master_deck":["Strike_R","Strike_R","Defend_R","Defend_R","Defend_R","Defend_R","Bash","Havoc+1","Headbutt","Metallicize+1","Iron Wave+1","Headbutt","Double Tap+1","Shrug It Off","Iron Wave+1","Juggernaut","True Grit","Reaper","Dual Wield+1","Spot Weakness+1","Heavy Blade+1","Armaments","Warcry","Shrug It Off"],"relics":["Burning Blood","PreservedInsect","Letter Opener","Omamori","Pen Nib","Mark of Pain","Charon\u0027s Ashes","Dodecahedron","Tiny Chest","Kunai","Whetstone","Oddly Smooth Stone"],"potions_floor_usage":[7,27,27,31],"damage_taken":[{"damage":9,"enemies":"Jaw Worm","floor":1,"turns":3},{"damage":0,"enemies":"2 Louse","floor":2,"turns":3},{"damage":9,"enemies":"Lagavulin","floor":7,"turns":6},{"damage":0,"enemies":"Cultist","floor":10,"turns":3},{"damage":12,"enemies":"3 Sentries","floor":11,"turns":7},{"damage":6,"enemies":"Looter","floor":12,"turns":3},{"damage":2,"enemies":"2 Fungi Beasts","floor":13,"turns":3},{"damage":44,"enemies":"Hexaghost","floor":16,"turns":13},{"damage":11,"enemies":"Shell Parasite","floor":18,"turns":5},{"damage":32,"enemies":"2 Thieves","floor":20,"turns":4},{"damage":22,"enemies":"Chosen and Byrds","floor":21,"turns":7},{"damage":21,"enemies":"Book of Stabbing","floor":23,"turns":4},{"damage":17,"enemies":"Gremlin Leader","floor":27,"turns":4},{"damage":9,"enemies":"Centurion and Healer","floor":30,"turns":6},{"damage":27,"enemies":"Book of Stabbing","floor":31,"turns":3}],"seed_played":"-1132640898151924945","potions_obtained":[{"floor":1,"key":"PowerPotion"},{"floor":10,"key":"Dexterity Potion"},{"floor":12,"key":"Poison Potion"},{"floor":16,"key":"SteroidPotion"},{"floor":27,"key":"Fire Potion"},{"floor":30,"key":"SkillPotion"}],"is_trial":false,"path_per_floor":["M","M","?","?","$","R","E","R","T","M","E","M","M","?","R","B",null,"M","?","M","M","?","E","?","$","T","E","T","$","M","E"],"character_chosen":"IRONCLAD","items_purchased":["Metallicize","Oddly Smooth Stone","Warcry"],"campfire_rested":0,"item_purchase_floors":[5,29,29],"current_hp_per_floor":[85,88,88,81,81,81,78,78,78,84,78,78,82,70,70,32,88,83,83,65,55,55,40,23,23,23,24,24,24,22,0],"gold":83,"neow_bonus":"TEN_PERCENT_HP_BONUS","is_prod":false,"is_daily":false,"chose_seed":false,"campfire_upgraded":3,"win_rate":0,"timestamp":1547334288,"path_taken":["M","M","?","?","$","R","E","R","T","M","E","M","?","?","R","BOSS","M","?","?","M","?","E","?","$","T","E","?","$","M","E"],"build_version":"2019-01-10","purchased_purges":0,"victory":false,"max_hp_per_floor":[88,88,88,88,88,88,88,88,88,88,88,88,88,88,88,88,88,88,88,88,88,88,88,93,93,93,93,93,93,93,93],"card_choices":[{"not_picked":["Entrench","Twin Strike"],"picked":"Havoc","floor":1},{"not_picked":["Cleave","Wild Strike"],"picked":"Headbutt","floor":2},{"not_picked":["Clash","Clothesline"],"picked":"Iron Wave","floor":7},{"not_picked":["Clothesline","Wild Strike"],"picked":"Headbutt","floor":10},{"not_picked":["Second Wind","Thunderclap"],"picked":"Double Tap","floor":11},{"not_picked":["Body Slam","Pommel Strike"],"picked":"Shrug It Off","floor":12},{"not_picked":["Body Slam","Second Wind"],"picked":"Iron Wave","floor":13},{"not_picked":["Berserk","Exhume"],"picked":"Juggernaut","floor":16},{"not_picked":["Clothesline","Pummel"],"picked":"True Grit","floor":18},{"not_picked":["Power Through+1","Havoc"],"picked":"Dual Wield+1","floor":20},{"not_picked":["Havoc","Blood for Blood"],"picked":"Spot Weakness+1","floor":21},{"not_picked":["Iron Wave","Shockwave+1"],"picked":"Heavy Blade+1","floor":23},{"not_picked":["Sentinel","Sever Soul+1"],"picked":"Armaments","floor":27},{"not_picked":["Whirlwind","Sword Boomerang+1"],"picked":"Shrug It Off","floor":30}],"player_experience":101425,"relics_obtained":[{"floor":7,"key":"PreservedInsect"},{"floor":9,"key":"Letter Opener"},{"floor":11,"key":"Omamori"},{"floor":23,"key":"Dodecahedron"},{"floor":26,"key":"Tiny Chest"},{"floor":27,"key":"Kunai"},{"floor":28,"key":"Whetstone"}],"event_choices":[{"cards_removed":["Strike_R"],"damage_healed":0,"gold_gain":0,"player_choice":"Card Removal","damage_taken":0,"max_hp_gain":0,"max_hp_loss":0,"event_name":"The Cleric","floor":3,"gold_loss":50},{"cards_removed":["Strike_R"],"damage_healed":0,"gold_gain":0,"player_choice":"Card Removal","damage_taken":7,"max_hp_gain":0,"max_hp_loss":0,"event_name":"Golden Wing","floor":4,"gold_loss":0},{"damage_healed":0,"gold_gain":0,"player_choice":"Success","damage_taken":12,"relics_obtained":["Pen Nib"],"max_hp_gain":0,"max_hp_loss":0,"event_name":"Scrap Ooze","floor":14,"gold_loss":0},{"damage_healed":0,"gold_gain":0,"cards_transformed":["Strike_R"],"player_choice":"Transformed","damage_taken":0,"max_hp_gain":0,"max_hp_loss":0,"event_name":"Transmorgrifier","floor":19,"gold_loss":0,"cards_obtained":["Reaper"]},{"damage_healed":0,"gold_gain":0,"player_choice":"Obtained Relic","damage_taken":0,"relics_obtained":["Charon\u0027s Ashes"],"max_hp_gain":0,"max_hp_loss":0,"event_name":"Addict","floor":22,"gold_loss":85},{"damage_healed":0,"gold_gain":0,"player_choice":"Shed Blood","damage_taken":22,"max_hp_gain":5,"max_hp_loss":0,"event_name":"Forgotten Altar","floor":24,"gold_loss":0}],"is_beta":false,"boss_relics":[{"not_picked":["Pandora\u0027s Box","Astrolabe"],"picked":"Mark of Pain"}],"items_purged_floors":[],"is_endless":false,"potions_floor_spawned":[1,10,12,16,27,30],"killed_by":"Book of Stabbing","ascension_level":4}