{"gold_per_floor":[210,210,210,228,303,346,371,371,371,371,406,440,440,474,474,474],"floor_reached":16,"playtime":660,"items_purged":[],"score":180,"play_id":"6226acf2-79dd-473e-b46f-c333ac1540b4","local_time":"20190204002921","is_ascension_mode":true,"campfire_choices":[{"floor":8,"key":"REST"},{"data":"Armaments","floor":10,"key":"SMITH"},{"floor":13,"key":"REST"},{"data":"Armaments","floor":15,"key":"SMITH"}],"neow_cost":"NONE","seed_source_timestamp":263643572193828,"circlet_count":0,"master_deck":["AscendersBane","Strike_R","Strike_R","Strike_R","Strike_R","Defend_R","Defend_R","Defend_R","Defend_R","Bash","Armaments+1","Pommel Strike","Body Slam","Armaments+1","Entrench","Metallicize"],"relics":["Burning Blood","Golden Idol","Bird Faced Urn","Mummified Hand","Nunchaku","Odd Mushroom","Bronze Scales"],"potions_floor_usage":[12],"damage_taken":[{"damage":7,"enemies":"Jaw Worm","floor":1,"turns":3},{"damage":0,"enemies":"Small Slimes","floor":4,"turns":3},{"damage":40,"enemies":"Lagavulin","floor":6,"turns":10},{"damage":0,"enemies":"2 Louse","floor":7,"turns":3},{"damage":31,"enemies":"3 Sentries","floor":11,"turns":12},{"damage":8,"enemies":"The Mushroom Lair","floor":12,"turns":5},{"damage":14,"enemies":"Lagavulin","floor":14,"turns":7},{"damage":41,"enemies":"Slime Boss","floor":16,"turns":10}],"seed_played":"-6662886095158668560","potions_obtained":[{"floor":1,"key":"SneckoOil"},{"floor":4,"key":"GamblersBrew"},{"floor":7,"key":"Fire Potion"}],"is_trial":false,"path_per_floor":["M","?","?","M","?","E","M","R","T","R","E","?","R","E","R","B"],"character_chosen":"IRONCLAD","items_purchased":[],"campfire_rested":2,"item_purchase_floors":[],"current_hp_per_floor":[71,71,51,57,46,12,18,42,42,42,17,15,39,33,33,0],"gold":474,"neow_bonus":"HUNDRED_GOLD","is_prod":false,"is_daily":false,"chose_seed":false,"campfire_upgraded":2,"win_rate":0,"timestamp":1549232961,"path_taken":["M","?","?","M","?","E","M","R","T","R","E","?","R","E","R","BOSS"],"build_version":"2019-01-23","purchased_purges":0,"victory":false,"max_hp_per_floor":[80,80,80,80,80,80,80,80,80,80,80,80,80,80,80,80],"card_choices":[{"not_picked":["Dropkick","Uppercut"],"picked":"Armaments","floor":1},{"not_picked":["Clash","Sword Boomerang"],"picked":"Pommel Strike","floor":4},{"not_picked":["Sever Soul","Clothesline"],"picked":"Body Slam","floor":6},{"not_picked":["Anger","Headbutt"],"picked":"Armaments","floor":7},{"not_picked":["Sword Boomerang","True Grit"],"picked":"Entrench","floor":11},{"not_picked":["Fire Breathing","Uppercut"],"picked":"Metallicize","floor":12},{"not_picked":["Sword Boomerang","Clothesline","Twin Strike"],"picked":"SKIP","floor":14}],"player_experience":167841,"relics_obtained":[{"floor":6,"key":"Bird Faced Urn"},{"floor":9,"key":"Mummified Hand"},{"floor":11,"key":"Nunchaku"},{"floor":12,"key":"Odd Mushroom"},{"floor":14,"key":"Bronze Scales"}],"event_choices":[{"cards_removed":["Strike_R"],"damage_healed":0,"gold_gain":0,"player_choice":"Forget","damage_taken":0,"max_hp_gain":0,"max_hp_loss":0,"event_name":"Living Wall","floor":2,"gold_loss":0},{"damage_healed":0,"gold_gain":0,"player_choice":"Take Damage","damage_taken":20,"relics_obtained":["Golden Idol"],"max_hp_gain":0,"max_hp_loss":0,"event_name":"Golden Idol","floor":3,"gold_loss":0},{"damage_healed":0,"gold_gain":75,"player_choice":"Gather Gold","damage_taken":11,"max_hp_gain":0,"max_hp_loss":0,"event_name":"World of Goop","floor":5,"gold_loss":0},{"damage_healed":0,"gold_gain":0,"player_choice":"Fought Mushrooms","damage_taken":0,"max_hp_gain":0,"max_hp_loss":0,"event_name":"Mushrooms","floor":12,"gold_loss":0}],"is_beta":false,"boss_relics":[],"items_purged_floors":[],"is_endless":false,"potions_floor_spawned":[1,4,7],"killed_by":"Slime Boss","ascension_level":11}