{"gold_per_floor":[117,117,131,131,206,206,247,247,271,283,316,359,371,235,235,366,366,391,391,391,404,254,290,290,323,349,363,378,398,437,36,36,165,165,179,27,27,27,51,51,84,84,384,409,434,434],"floor_reached":46,"playtime":7006,"items_purged":[],"score":567,"play_id":"907cccd4-90ce-42e3-96e6-8a88dfed0d48","local_time":"20180809163808","is_ascension_mode":true,"campfire_choices":[{"data":"Neutralize","floor":6,"key":"SMITH"},{"floor":8,"key":"REST"},{"floor":13,"key":"REST"},{"data":"Bouncing Flask","floor":15,"key":"SMITH"},{"floor":24,"key":"REST"},{"floor":32,"key":"REST"},{"data":"Madness","floor":40,"key":"SMITH"},{"floor":42,"key":"REST"}],"neow_cost":"NONE","seed_source_timestamp":12105036726220,"circlet_count":0,"master_deck":["Survivor","Neutralize+1","Deadly Poison","Dash","Backstab","Terror","Choke","Bouncing Flask+1","Tools of the Trade","Finisher","Underhanded Strike","Tactician","Cloak And Dagger","Dodge and Roll","Prepared","Prepared","Flying Knee","Underhanded Strike","Finisher+1","Poisoned Stab","Well Laid Plans","Catalyst","Bane","Poisoned Stab","Backstab+1","Apotheosis","Flying Knee+1","Envenom+1","Dagger Throw","Madness+1","Madness","Sucker Punch+1","Malaise"],"relics":["Ring of the Snake","Golden Idol","Bronze Scales","MawBank","Tough Bandages","Centennial Puzzle","Pandora\u0027s Box","Orichalcum","Kunai","Shuriken","Boot","Dream Catcher","TwistedFunnel","White Beast Statue","Pen Nib","Bottled Tornado","Old Coin"],"potions_floor_usage":[3,25,27,27,28,30,41],"damage_taken":[{"damage":0,"enemies":"2 Louse","floor":1,"turns":4},{"damage":4,"enemies":"Small Slimes","floor":3,"turns":3},{"damage":0,"enemies":"Cultist","floor":4,"turns":3},{"damage":20,"enemies":"Gremlin Nob","floor":7,"turns":5},{"damage":0,"enemies":"Blue Slaver","floor":11,"turns":3},{"damage":10,"enemies":"Lagavulin","floor":12,"turns":6},{"damage":19,"enemies":"Hexaghost","floor":16,"turns":7},{"damage":6,"enemies":"Spheric Guardian","floor":18,"turns":3},{"damage":10,"enemies":"Shell Parasite","floor":21,"turns":2},{"damage":30,"enemies":"Slavers","floor":23,"turns":6},{"damage":7,"enemies":"Book of Stabbing","floor":25,"turns":3},{"damage":7,"enemies":"Chosen and Byrds","floor":27,"turns":2},{"damage":10,"enemies":"Centurion and Healer","floor":28,"turns":5},{"damage":1,"enemies":"Snake Plant","floor":29,"turns":2},{"damage":8,"enemies":"Slavers","floor":30,"turns":3},{"damage":14,"enemies":"Collector","floor":33,"turns":5},{"damage":0,"enemies":"3 Shapes","floor":35,"turns":3},{"damage":10,"enemies":"Flame Bruiser 1 Orb","floor":39,"turns":3},{"damage":44,"enemies":"Nemesis","floor":41,"turns":5},{"damage":4,"enemies":"Sphere and 2 Shapes","floor":44,"turns":3},{"damage":13,"enemies":"Spire Growth","floor":45,"turns":3},{"damage":22,"enemies":"3 Darklings","floor":46,"turns":2}],"seed_played":"6690712472818426486","potions_obtained":[{"floor":1,"key":"SkillPotion"},{"floor":7,"key":"Ancient Potion"},{"floor":12,"key":"SteroidPotion"},{"floor":21,"key":"Swift Potion"},{"floor":25,"key":"Fire Potion"},{"floor":27,"key":"PowerPotion"},{"floor":28,"key":"FairyPotion"},{"floor":30,"key":"SteroidPotion"},{"floor":35,"key":"SteroidPotion"},{"floor":39,"key":"AttackPotion"},{"floor":41,"key":"Fire Potion"}],"is_trial":false,"path_per_floor":["M","?","M","M","?","R","E","R","T","?","M","E","R","$","R","B",null,"M","?","?","M","$","E","R","E","T","M","M","M","E","$","R","B",null,"M","$","?","?","M","R","E","R","T","M","M"],"character_chosen":"THE_SILENT","items_purchased":["Centennial Puzzle","Orichalcum","Apotheosis","TwistedFunnel","Pen Nib"],"campfire_rested":5,"item_purchase_floors":[14,22,31,31,36],"current_hp_per_floor":[70,53,49,49,38,38,18,39,39,39,39,29,50,50,50,31,70,64,64,64,54,54,24,45,38,38,31,21,20,12,12,33,19,70,70,70,61,61,51,51,7,28,28,24,11,0],"gold":434,"neow_bonus":"THREE_SMALL_POTIONS","is_prod":false,"is_daily":false,"chose_seed":false,"campfire_upgraded":3,"win_rate":0,"timestamp":1533857888,"path_taken":["M","?","M","?","?","R","E","R","T","?","M","E","R","?","R","BOSS","M","?","?","M","$","E","R","E","T","M","M","?","E","$","R","BOSS","M","$","?","?","M","R","E","R","T","M","?","M"],"build_version":"2018-08-02","purchased_purges":0,"victory":false,"max_hp_per_floor":[70,70,70,70,70,70,70,70,70,70,70,70,70,70,70,70,70,70,70,70,70,70,70,70,70,70,70,70,70,70,70,70,70,70,70,70,70,70,70,70,70,70,70,70,70,70],"card_choices":[{"not_picked":["Backflip","Infinite Blades"],"picked":"Deadly Poison","floor":1},{"not_picked":["Leg Sweep","Riddle With Holes"],"picked":"Dash","floor":3},{"not_picked":["Accuracy","Quick Slash"],"picked":"Backstab","floor":4},{"not_picked":["Noxious Fumes","Distraction"],"picked":"Terror","floor":7},{"not_picked":["Infinite Blades","Deflect"],"picked":"Choke","floor":11},{"not_picked":["Dodge and Roll","After Image"],"picked":"Bouncing Flask","floor":12},{"not_picked":["Adrenaline","A Thousand Cuts"],"picked":"Tools of the Trade","floor":16},{"not_picked":["Deadly Poison","PiercingWail"],"picked":"Finisher+1","floor":18},{"not_picked":["Well Laid Plans+1","Blade Dance+1"],"picked":"Poisoned Stab","floor":21},{"not_picked":["Flechettes","Grand Finale"],"picked":"Well Laid Plans","floor":23},{"not_picked":["Leg Sweep","Blur+1"],"picked":"Catalyst","floor":25},{"not_picked":["Backflip","Leg Sweep"],"picked":"Bane","floor":27},{"not_picked":["Caltrops","Deflect"],"picked":"Poisoned Stab","floor":28},{"not_picked":["Prepared","Leg Sweep"],"picked":"Backstab+1","floor":29},{"not_picked":["Dodge and Roll","Blade Dance","Reflex"],"picked":"SKIP","floor":30},{"not_picked":["Quick Slash","Predator"],"picked":"Flying Knee+1","floor":32},{"not_picked":["Phantasmal Killer","Malaise"],"picked":"Envenom","floor":33},{"not_picked":["Quick Slash","Outmaneuver+1"],"picked":"Dagger Throw","floor":35},{"not_picked":["Distraction","Outmaneuver","Concentrate+1"],"picked":"SKIP","floor":39},{"not_picked":["Quick Slash","Heel Hook","Calculated Gamble+1"],"picked":"SKIP","floor":41},{"not_picked":["Flying Knee+1","Prepared+1"],"picked":"Sucker Punch+1","floor":42},{"not_picked":["Poisoned Stab+1","Flying Knee+1","Bane"],"picked":"SKIP","floor":44},{"not_picked":["Backflip","Deadly Poison"],"picked":"Malaise","floor":45}],"player_experience":308172,"relics_obtained":[{"floor":7,"key":"Bronze Scales"},{"floor":9,"key":"MawBank"},{"floor":12,"key":"Tough Bandages"},{"floor":23,"key":"Kunai"},{"floor":25,"key":"Shuriken"},{"floor":26,"key":"Boot"},{"floor":30,"key":"Dream Catcher"},{"floor":41,"key":"Bottled Tornado"},{"floor":43,"key":"Old Coin"}],"event_choices":[{"event_name":"Golden Idol","player_choice":"Take Damage","floor":2,"damage_taken":0},{"event_name":"World of Goop","player_choice":"Gather Gold","floor":5,"damage_taken":0},{"event_name":"Liars Game","player_choice":"disagreed","floor":10,"damage_taken":0},{"event_name":"Ghosts","player_choice":"Ignored","floor":19,"damage_taken":0},{"event_name":"Back to Basics","player_choice":"Elegance","floor":20,"damage_taken":0},{"event_name":"Winding Halls","player_choice":"Embrace Madness","floor":37,"damage_taken":0},{"event_name":"Upgrade Shrine","player_choice":"Upgraded","floor":38,"damage_taken":0}],"is_beta":false,"boss_relics":[{"not_picked":["Philosopher\u0027s Stone","Empty Cage"],"picked":"Pandora\u0027s Box"},{"not_picked":["Coffee Dripper","Calling Bell"],"picked":"White Beast Statue"}],"items_purged_floors":[],"is_endless":false,"potions_floor_spawned":[1,7,12,21,25,27,28,30,35,39,41,44,45],"killed_by":"3 Darklings","ascension_level":1}