{"gold_per_floor":[118,138,138,157,157,189,39,39,39,0,26,26,45,45],"floor_reached":14,"playtime":1114,"items_purged":["Regret"],"score":118,"play_id":"6c56ea19-1dcb-481e-8f98-465ed6702269","local_time":"20190103001459","is_ascension_mode":true,"campfire_choices":[{"floor":8,"key":"REST"}],"neow_cost":"NONE","seed_source_timestamp":113681157111202,"circlet_count":0,"master_deck":["Defend_G","Defend_G","Defend_G","Defend_G","Defend_G","Strike_G","Strike_G","Strike_G","Strike_G","Strike_G","Survivor","Neutralize","Tools of the Trade","Backflip","Backflip","Footwork","Footwork"],"relics":["Ring of the Snake","Question Card","PreservedInsect","Bottled Tornado","Oddly Smooth Stone"],"potions_floor_usage":[6,6,14,14,14],"damage_taken":[{"damage":0,"enemies":"Cultist","floor":1,"turns":5},{"damage":0,"enemies":"Jaw Worm","floor":2,"turns":6},{"damage":0,"enemies":"2 Louse","floor":4,"turns":4},{"damage":65,"enemies":"Lagavulin","floor":6,"turns":12},{"damage":2,"enemies":"Looter","floor":10,"turns":5},{"damage":6,"enemies":"3 Sentries","floor":11,"turns":16},{"damage":8,"enemies":"Exordium Wildlife","floor":13,"turns":12},{"damage":11,"enemies":"Lagavulin","floor":14,"turns":10}],"seed_played":"6532357667385195353","potions_obtained":[{"floor":2,"key":"Block Potion"},{"floor":3,"key":"LiquidBronze"},{"floor":3,"key":"SpeedPotion"},{"floor":6,"key":"EssenceOfSteel"},{"floor":11,"key":"PowerPotion"},{"floor":13,"key":"PowerPotion"}],"is_trial":false,"path_per_floor":["M","M","?","M","?","E","$","R","T","M","E","$","M","E"],"character_chosen":"THE_SILENT","items_purchased":["Footwork"],"campfire_rested":1,"item_purchase_floors":[7],"current_hp_per_floor":[70,70,70,70,70,5,5,26,26,24,18,18,10,0],"gold":45,"neow_bonus":"ONE_RANDOM_RARE_CARD","is_prod":false,"is_daily":false,"chose_seed":false,"campfire_upgraded":0,"win_rate":0,"timestamp":1546467299,"path_taken":["M","?","?","?","?","E","$","R","T","M","E","$","M","E"],"build_version":"2018-12-20","purchased_purges":1,"victory":false,"max_hp_per_floor":[70,70,70,70,70,70,70,70,70,70,70,70,70,70],"card_choices":[{"not_picked":["Poisoned Stab","Prepared"],"picked":"Backflip","floor":1},{"not_picked":["Acrobatics","Slice","Quick Slash"],"picked":"SKIP","floor":2},{"not_picked":["PiercingWail","Setup"],"picked":"Backflip","floor":4},{"not_picked":["Predator","Leg Sweep","A Thousand Cuts","Deflect"],"picked":"SKIP","floor":6},{"not_picked":["Poisoned Stab","Skewer","Distraction"],"picked":"Footwork","floor":10},{"not_picked":["Flying Knee","Backstab","Crippling Poison","Poisoned Stab"],"picked":"SKIP","floor":11},{"not_picked":["Choke","Dodge and Roll","Heel Hook","Outmaneuver"],"picked":"SKIP","floor":13}],"player_experience":89014,"relics_obtained":[{"floor":6,"key":"PreservedInsect"},{"floor":9,"key":"Bottled Tornado"},{"floor":11,"key":"Oddly Smooth Stone"}],"event_choices":[{"damage_healed":0,"gold_gain":0,"player_choice":"Got Potions","damage_taken":0,"max_hp_gain":0,"max_hp_loss":0,"event_name":"Lab","floor":3,"gold_loss":0},{"damage_healed":0,"gold_gain":0,"player_choice":"Box","damage_taken":0,"relics_obtained":["Question Card"],"max_hp_gain":0,"max_hp_loss":0,"event_name":"Big Fish","floor":5,"gold_loss":0,"cards_obtained":["Regret"]}],"is_beta":false,"boss_relics":[],"items_purged_floors":[7],"is_endless":false,"potions_floor_spawned":[2,6,11,13],"killed_by":"Lagavulin","ascension_level":4}