{"gold_per_floor":[116,134,84,84,259,292,292,309,309,309,309,309,336,352,352,447,447,463,463,347,74,93,93],"floor_reached":23,"playtime":3444,"items_purged":["Pain"],"score":255,"play_id":"91cd98b9-bb5e-41ba-a3a2-585311782b0a","local_time":"20181028224918","is_ascension_mode":true,"campfire_choices":[{"floor":7,"key":"REST"},{"floor":10,"key":"REST"},{"floor":15,"key":"REST"}],"neow_cost":"NONE","seed_source_timestamp":1986539289557665,"circlet_count":0,"master_deck":["Strike_B","Strike_B","Strike_B","Strike_B","Defend_B","Defend_B","Defend_B","Zap+1","Dualcast","White Noise","Sunder","Core Surge","Capacitor","Reinforced Body","Conserve Battery","Reboot","Chaos+1","Coolheaded","Master of Strategy","Leap+1"],"relics":["Cracked Core","Blue Candle","Potion Belt","Spirit Poop","Smiling Mask","Nuclear Battery","WarpedTongs","Oddly Smooth Stone"],"potions_floor_usage":[22,22,23],"damage_taken":[{"damage":2,"enemies":"Jaw Worm","floor":1,"turns":3},{"damage":0,"enemies":"Small Slimes","floor":2,"turns":3},{"damage":40,"enemies":"3 Sentries","floor":6,"turns":6},{"damage":0,"enemies":"Cultist","floor":8,"turns":2},{"damage":23,"enemies":"Gremlin Nob","floor":13,"turns":4},{"damage":2,"enemies":"2 Fungi Beasts","floor":14,"turns":3},{"damage":49,"enemies":"The Guardian","floor":16,"turns":15},{"damage":5,"enemies":"Chosen","floor":18,"turns":4},{"damage":14,"enemies":"2 Thieves","floor":22,"turns":3},{"damage":47,"enemies":"Gremlin Leader","floor":23,"turns":9}],"seed_played":"-1915605631806030733","potions_obtained":[{"floor":1,"key":"Dexterity Potion"},{"floor":2,"key":"FearPotion"},{"floor":14,"key":"Fire Potion"},{"floor":18,"key":"Fire Potion"},{"floor":22,"key":"SpeedPotion"}],"is_trial":false,"path_per_floor":["M","M","?","$","?","E","R","M","T","R","?","?","E","M","R","B",null,"M","?","?","$","M"],"character_chosen":"DEFECT","items_purchased":["Coolheaded","Master of Strategy"],"campfire_rested":3,"item_purchase_floors":[21,21],"current_hp_per_floor":[66,66,66,66,66,26,48,48,48,70,70,70,47,45,67,18,61,56,56,56,56,42,0],"gold":93,"neow_bonus":"UPGRADE_CARD","is_prod":false,"is_daily":false,"chose_seed":false,"campfire_upgraded":0,"win_rate":0,"timestamp":1540734558,"path_taken":["M","M","?","?","?","E","R","?","T","R","?","?","E","M","R","BOSS","M","?","?","$","M","E"],"build_version":"2018-10-25v2","purchased_purges":1,"victory":false,"max_hp_per_floor":[75,75,75,75,75,75,75,75,75,75,75,75,75,75,75,75,75,75,75,75,75,75,75],"card_choices":[{"not_picked":["Heatsinks","Blizzard"],"picked":"White Noise","floor":1},{"not_picked":["Beam Cell","Sweeping Beam"],"picked":"Sunder","floor":2},{"not_picked":["Sweeping Beam","Force Field"],"picked":"Core Surge","floor":6},{"not_picked":["Chaos","Stack"],"picked":"Capacitor","floor":8},{"not_picked":["Tempest","Rebound"],"picked":"Reinforced Body","floor":13},{"not_picked":["Compile Driver","Static Discharge"],"picked":"Conserve Battery","floor":14},{"not_picked":["Fission","Buffer"],"picked":"Reboot","floor":16},{"not_picked":["Compile Driver","Hologram"],"picked":"Chaos+1","floor":18},{"not_picked":["Hello World","Rebound+1"],"picked":"Leap+1","floor":22}],"player_experience":278698,"relics_obtained":[{"floor":6,"key":"Blue Candle"},{"floor":9,"key":"Potion Belt"},{"floor":13,"key":"Smiling Mask"}],"event_choices":[{"cards_removed":["Defend_B"],"damage_healed":0,"gold_gain":0,"player_choice":"Card Removal","damage_taken":0,"max_hp_gain":0,"max_hp_loss":0,"event_name":"The Cleric","floor":3,"gold_loss":50},{"damage_healed":0,"gold_gain":175,"player_choice":"AGREE","damage_taken":0,"max_hp_gain":0,"max_hp_loss":0,"event_name":"Liars Game","floor":5,"gold_loss":0,"cards_obtained":["Doubt"]},{"damage_healed":0,"gold_gain":0,"player_choice":"Bought 0 Potions","damage_taken":0,"max_hp_gain":0,"max_hp_loss":0,"event_name":"The Woman in Blue","floor":11,"gold_loss":0},{"cards_removed":["Doubt"],"damage_healed":0,"gold_gain":0,"player_choice":"Offered Curse","damage_taken":0,"relics_obtained":["Spirit Poop"],"max_hp_gain":0,"max_hp_loss":0,"event_name":"Bonfire Elementals","floor":12,"gold_loss":0},{"damage_healed":0,"gold_gain":0,"player_choice":"Rummage","damage_taken":0,"relics_obtained":["WarpedTongs"],"max_hp_gain":0,"max_hp_loss":0,"event_name":"Accursed Blacksmith","floor":19,"gold_loss":0,"cards_obtained":["Pain"]},{"damage_healed":0,"gold_gain":0,"player_choice":"Paid Gold","damage_taken":0,"relics_obtained":["Oddly Smooth Stone"],"max_hp_gain":0,"max_hp_loss":0,"event_name":"WeMeetAgain","floor":20,"gold_loss":116}],"is_beta":false,"boss_relics":[{"not_picked":["Orrery","Black Star"],"picked":"Nuclear Battery"}],"items_purged_floors":[21],"is_endless":false,"potions_floor_spawned":[1,2,14,18,22],"killed_by":"Gremlin Leader","ascension_level":6}