{"gold_per_floor":[113,113,126,126,143,178,178,205,229,229,229,229,245,259,259,336,336,350,361,361,98,98,133,133,133],"floor_reached":25,"playtime":1187,"items_purged":["Strike_G"],"score":447,"play_id":"cd8c6485-b02a-441e-b282-a8cf71251a2f","local_time":"20190219003705","is_ascension_mode":true,"campfire_choices":[{"floor":7,"key":"REST"},{"floor":11,"key":"REST"},{"data":"Deadly Poison","floor":15,"key":"SMITH"},{"floor":24,"key":"REST"}],"neow_cost":"NONE","seed_source_timestamp":475620297404900,"circlet_count":0,"master_deck":["AscendersBane","Defend_G","Defend_G","Defend_G","Defend_G+1","Defend_G","Strike_G+1","Strike_G","Strike_G","Strike_G+1","Survivor","Neutralize","Flying Knee","Blade Dance","Cloak And Dagger","All Out Attack+1","Well Laid Plans+1","Deadly Poison+1","Bullet Time","Corpse Explosion","RitualDagger","HandOfGreed","Riddle With Holes"],"relics":["Ring of the Snake","Oddly Smooth Stone","Dodecahedron","Tingsha","Whetstone","Blood Vial","Ancient Tea Set","Snecko Eye","Enchiridion","Anchor"],"potions_floor_usage":[6,6,23],"damage_taken":[{"damage":4,"enemies":"Cultist","floor":1,"turns":5},{"damage":0,"enemies":"Jaw Worm","floor":3,"turns":5},{"damage":0,"enemies":"2 Louse","floor":5,"turns":3},{"damage":44,"enemies":"Lagavulin","floor":6,"turns":6},{"damage":12,"enemies":"3 Sentries","floor":8,"turns":7},{"damage":2,"enemies":"Large Slime","floor":13,"turns":4},{"damage":0,"enemies":"Red Slaver","floor":14,"turns":3},{"damage":21,"enemies":"The Guardian","floor":16,"turns":12},{"damage":10,"enemies":"Chosen","floor":18,"turns":5},{"damage":1,"enemies":"2 Thieves","floor":19,"turns":4},{"damage":15,"enemies":"Book of Stabbing","floor":23,"turns":6},{"damage":32,"enemies":"Gremlin Leader","floor":25,"turns":4}],"seed_played":"7010931153899804790","potions_obtained":[{"floor":1,"key":"FearPotion"},{"floor":3,"key":"Regen Potion"},{"floor":16,"key":"EssenceOfSteel"},{"floor":18,"key":"PowerPotion"}],"is_trial":false,"path_per_floor":["M","T","M","?","M","E","R","E","T","?","R","?","M","M","R","B",null,"M","M","?","$","?","E","R","E"],"character_chosen":"THE_SILENT","items_purchased":["HandOfGreed"],"campfire_rested":3,"item_purchase_floors":[21],"current_hp_per_floor":[55,55,55,35,35,6,25,13,13,8,27,27,27,29,29,10,52,44,45,39,39,18,5,24,0],"gold":133,"neow_bonus":"RANDOM_COMMON_RELIC","is_prod":false,"is_daily":false,"chose_seed":false,"campfire_upgraded":1,"win_rate":0,"timestamp":1550533025,"path_taken":["M","?","M","?","M","E","R","E","T","?","R","?","M","?","R","BOSS","M","M","?","$","?","E","R","E"],"build_version":"2019-01-23","purchased_purges":1,"victory":false,"max_hp_per_floor":[66,66,66,66,66,66,66,66,66,66,66,66,66,66,66,66,66,66,66,66,66,66,66,66,66],"card_choices":[{"not_picked":["Calculated Gamble","Riddle With Holes"],"picked":"Flying Knee","floor":1},{"not_picked":["Deflect","Dagger Throw"],"picked":"Blade Dance","floor":3},{"not_picked":["Sucker Punch","Deadly Poison"],"picked":"Cloak And Dagger","floor":5},{"not_picked":["Footwork","Flechettes"],"picked":"All Out Attack","floor":6},{"not_picked":["Tactician","Phantasmal Killer"],"picked":"Well Laid Plans","floor":8},{"not_picked":["Acrobatics","Outmaneuver","Blade Dance"],"picked":"SKIP","floor":13},{"not_picked":["Masterful Stab","Acrobatics"],"picked":"Deadly Poison","floor":14},{"not_picked":["Grand Finale","A Thousand Cuts"],"picked":"Bullet Time","floor":16},{"not_picked":["Footwork","Dagger Throw","Slice"],"picked":"SKIP","floor":18},{"not_picked":["PiercingWail","Accuracy"],"picked":"Corpse Explosion","floor":19},{"not_picked":["Bane","Unload"],"picked":"Riddle With Holes","floor":23}],"player_experience":500164,"relics_obtained":[{"floor":2,"key":"Dodecahedron"},{"floor":6,"key":"Tingsha"},{"floor":8,"key":"Whetstone"},{"floor":9,"key":"Blood Vial"},{"floor":22,"key":"Enchiridion"},{"floor":23,"key":"Anchor"}],"event_choices":[{"damage_healed":0,"gold_gain":0,"player_choice":"Entered Light","damage_taken":20,"max_hp_gain":0,"max_hp_loss":0,"event_name":"Shining Light","floor":4,"gold_loss":0,"cards_upgraded":["Strike_G","Defend_G"]},{"damage_healed":0,"gold_gain":0,"player_choice":"Success","damage_taken":5,"relics_obtained":["Ancient Tea Set"],"max_hp_gain":0,"max_hp_loss":0,"event_name":"Scrap Ooze","floor":10,"gold_loss":0},{"damage_healed":0,"gold_gain":0,"player_choice":"Upgraded","damage_taken":0,"max_hp_gain":0,"max_hp_loss":0,"event_name":"Upgrade Shrine","floor":12,"gold_loss":0,"cards_upgraded":["Well Laid Plans"]},{"damage_healed":0,"gold_gain":0,"player_choice":"Joined the Cult","damage_taken":6,"max_hp_gain":0,"max_hp_loss":0,"event_name":"Nest","floor":20,"gold_loss":0,"cards_obtained":["RitualDagger"]},{"damage_healed":0,"gold_gain":0,"player_choice":"Obtained Book","damage_taken":21,"max_hp_gain":0,"max_hp_loss":0,"event_name":"Cursed Tome","floor":22,"gold_loss":0}],"is_beta":false,"boss_relics":[{"not_picked":["Eternal Feather","Lizard Tail"],"picked":"Snecko Eye"}],"items_purged_floors":[21],"is_endless":false,"potions_floor_spawned":[1,3,16,18],"killed_by":"Gremlin Leader","ascension_level":19}