{"gold_per_floor":[117,117,117,127,144,144,155,184,184,184,96,96,96,110,110,208,208,223,223,223,233,233,268,268,280,333,351,378,378,392,403,403,508,508,519,531,531,547,547,547,547,4,28,28,38,88,65,65,65,65],"floor_reached":50,"playtime":2615,"items_purged":[],"score":560,"play_id":"561de4c2-5d3a-4732-810f-79c2d3f151cd","local_time":"20190106003648","is_ascension_mode":false,"campfire_choices":[{"data":"Chill","floor":6,"key":"SMITH"},{"floor":10,"key":"REST"},{"data":"Jack Of All Trades","floor":12,"key":"SMITH"},{"floor":15,"key":"REST"},{"floor":24,"key":"REST"},{"floor":29,"key":"REST"},{"data":"Static Discharge","floor":32,"key":"SMITH"},{"data":"Hologram","floor":40,"key":"SMITH"},{"data":"Secret Weapon","floor":44,"key":"SMITH"},{"data":"Beam Cell","floor":49,"key":"SMITH"}],"neow_cost":"NONE","seed_source_timestamp":171577093117025,"circlet_count":0,"master_deck":["Strike_B+1","Strike_B","Strike_B","Defend_B","Defend_B+1","Defend_B","Zap+1","Dualcast","Doom and Gloom","Compile Driver","Chill+1","Machine Learning","Conserve Battery","Tempest","Jack Of All Trades+1","Static Discharge+1","All For One","Beam Cell+1","Self Repair","FTL","Darkness+1","Coolheaded+1","Cold Snap+1","Hologram+1","Leap","Steam","Echo Form","Melter+1","Leap","Pain","Hologram+1","Parasite","Secret Weapon+1","Beam Cell+1","Leap","Beam Cell+1","Writhe"],"relics":["Cracked Core","NeowsBlessing","Nunchaku","StoneCalendar","Busted Crown","Ornamental Fan","Boot","Mummified Hand","Eternal Feather","WarpedTongs","ClockworkSouvenir","Pen Nib","Smiling Mask","Ginger"],"potions_floor_usage":[23,27,33,33,38,41,46,50],"damage_taken":[{"damage":0,"enemies":"Jaw Worm","floor":1,"turns":1},{"damage":0,"enemies":"Cultist","floor":4,"turns":1},{"damage":0,"enemies":"2 Louse","floor":5,"turns":1},{"damage":15,"enemies":"Blue Slaver","floor":7,"turns":3},{"damage":23,"enemies":"Gremlin Nob","floor":8,"turns":4},{"damage":8,"enemies":"Red Slaver","floor":14,"turns":2},{"damage":34,"enemies":"Slime Boss","floor":16,"turns":7},{"damage":5,"enemies":"Spheric Guardian","floor":18,"turns":3},{"damage":19,"enemies":"2 Thieves","floor":21,"turns":3},{"damage":33,"enemies":"Book of Stabbing","floor":23,"turns":5},{"damage":20,"enemies":"Sentry and Sphere","floor":25,"turns":5},{"damage":9,"enemies":"Cultist and Chosen","floor":27,"turns":4},{"damage":22,"enemies":"Slavers","floor":28,"turns":5},{"damage":1,"enemies":"Snake Plant","floor":30,"turns":3},{"damage":3,"enemies":"3 Cultists","floor":31,"turns":4},{"damage":37,"enemies":"Automaton","floor":33,"turns":8},{"damage":18,"enemies":"Orb Walker","floor":35,"turns":3},{"damage":8,"enemies":"3 Shapes","floor":36,"turns":5},{"damage":20,"enemies":"Sphere and 2 Shapes","floor":38,"turns":4},{"damage":5,"enemies":"Reptomancer","floor":41,"turns":2},{"damage":23,"enemies":"3 Darklings","floor":45,"turns":5},{"damage":19,"enemies":"2 Orb Walkers","floor":46,"turns":4},{"damage":84,"enemies":"Donu and Deca","floor":50,"turns":9}],"seed_played":"1987981627458947678","potions_obtained":[{"floor":4,"key":"SpeedPotion"},{"floor":14,"key":"Strength Potion"},{"floor":16,"key":"Weak Potion"},{"floor":18,"key":"Block Potion"},{"floor":20,"key":"SmokeBomb"},{"floor":20,"key":"EssenceOfSteel"},{"floor":25,"key":"Regen Potion"},{"floor":28,"key":"FearPotion"},{"floor":33,"key":"EssenceOfSteel"},{"floor":35,"key":"Regen Potion"},{"floor":45,"key":"Poison Potion"}],"is_trial":false,"path_per_floor":["M","?","?","M","M","R","M","E","T","R","$","R","?","M","R","B",null,"M","?","?","M","?","E","R","M","T","M","E","R","M","M","R","B",null,"M","M","?","M","?","R","E","$","T","R","M","?","$","?","R","B"],"character_chosen":"DEFECT","items_purchased":["Jack Of All Trades","Secret Weapon","ClockworkSouvenir","Pen Nib","Beam Cell"],"campfire_rested":4,"item_purchase_floors":[11,42,42,42,47],"current_hp_per_floor":[75,75,75,75,75,75,60,37,37,59,59,59,44,36,58,24,75,70,70,70,51,51,25,47,34,34,44,29,51,57,61,61,34,75,64,63,63,65,65,75,70,70,70,75,59,40,40,59,75,0],"gold":65,"neow_bonus":"THREE_ENEMY_KILL","is_prod":false,"is_daily":false,"chose_seed":false,"campfire_upgraded":6,"win_rate":0.0,"timestamp":1546763808,"path_taken":["M","?","?","M","?","R","M","E","T","R","$","R","?","M","R","BOSS","M","?","?","?","?","E","R","?","T","M","E","R","M","M","R","BOSS","M","M","?","?","?","R","E","?","T","R","M","?","$","?","R","BOSS"],"build_version":"2019-01-03v4","purchased_purges":0,"victory":false,"max_hp_per_floor":[75,75,75,75,75,75,75,75,75,75,75,75,75,75,75,75,75,75,75,75,75,75,75,75,75,75,75,75,75,75,75,75,75,75,75,75,75,75,75,75,75,75,75,75,75,75,75,75,75,75],"card_choices":[{"not_picked":["Turbo","Rebound"],"picked":"Doom and Gloom","floor":1},{"not_picked":["Rebound","Lockon"],"picked":"Chill","floor":4},{"not_picked":["Beam Cell","FTL"],"picked":"Machine Learning","floor":5},{"not_picked":["Hologram","Rebound"],"picked":"Conserve Battery","floor":7},{"not_picked":["Turbo","Fusion"],"picked":"Tempest","floor":8},{"not_picked":["Reprogram","Conserve Battery"],"picked":"Static Discharge","floor":14},{"not_picked":["Amplify","Biased Cognition"],"picked":"All For One","floor":16},{"not_picked":[],"picked":"Beam Cell+1","floor":18},{"not_picked":[],"picked":"FTL","floor":21},{"not_picked":[],"picked":"Darkness+1","floor":23},{"not_picked":[],"picked":"Coolheaded+1","floor":25},{"not_picked":[],"picked":"Cold Snap+1","floor":27},{"not_picked":[],"picked":"Hologram","floor":28},{"not_picked":[],"picked":"Leap","floor":30},{"not_picked":[],"picked":"Steam","floor":31},{"not_picked":[],"picked":"Echo Form","floor":33},{"not_picked":[],"picked":"Melter+1","floor":35},{"not_picked":[],"picked":"Leap","floor":36},{"not_picked":[],"picked":"Hologram+1","floor":38},{"not_picked":[],"picked":"Beam Cell+1","floor":45},{"not_picked":[],"picked":"Leap","floor":46}],"player_experience":46635,"relics_obtained":[{"floor":8,"key":"Nunchaku"},{"floor":9,"key":"StoneCalendar"},{"floor":23,"key":"Ornamental Fan"},{"floor":26,"key":"Boot"},{"floor":28,"key":"Mummified Hand"},{"floor":43,"key":"Smiling Mask"},{"floor":46,"key":"Ginger"}],"event_choices":[{"damage_healed":0,"gold_gain":0,"player_choice":"Grow","damage_taken":0,"max_hp_gain":0,"max_hp_loss":0,"event_name":"Living Wall","floor":2,"gold_loss":0,"cards_upgraded":["Zap"]},{"damage_healed":0,"gold_gain":0,"cards_transformed":["Defend_B"],"player_choice":"Transformed","damage_taken":0,"max_hp_gain":0,"max_hp_loss":0,"event_name":"Transmorgrifier","floor":3,"gold_loss":0,"cards_obtained":["Compile Driver"]},{"damage_healed":0,"gold_gain":0,"player_choice":"Entered Light","damage_taken":15,"max_hp_gain":0,"max_hp_loss":0,"event_name":"Shining Light","floor":13,"gold_loss":0,"cards_upgraded":["Defend_B","Strike_B"]},{"damage_healed":0,"gold_gain":0,"player_choice":"Read","damage_taken":0,"max_hp_gain":0,"max_hp_loss":0,"event_name":"The Library","floor":19,"gold_loss":0,"cards_obtained":["Self Repair"]},{"damage_healed":0,"gold_gain":0,"player_choice":"Got Potions","damage_taken":0,"max_hp_gain":0,"max_hp_loss":0,"event_name":"Lab","floor":20,"gold_loss":0},{"cards_removed":["Strike_B"],"damage_healed":0,"gold_gain":0,"player_choice":"Purged","damage_taken":0,"max_hp_gain":0,"max_hp_loss":0,"event_name":"Purifier","floor":22,"gold_loss":0},{"damage_healed":0,"gold_gain":0,"player_choice":"Rummage","damage_taken":0,"relics_obtained":["WarpedTongs"],"max_hp_gain":0,"max_hp_loss":0,"event_name":"Accursed Blacksmith","floor":37,"gold_loss":0,"cards_obtained":["Pain"]},{"damage_healed":0,"gold_gain":0,"player_choice":"1 cards matched","damage_taken":0,"max_hp_gain":0,"max_hp_loss":0,"event_name":"Match and Keep!","floor":39,"gold_loss":0,"cards_obtained":["Parasite"]},{"damage_healed":0,"gold_gain":0,"player_choice":"Fight","damage_taken":0,"max_hp_gain":0,"max_hp_loss":0,"event_name":"Mysterious Sphere","floor":46,"gold_loss":0},{"damage_healed":19,"gold_gain":0,"player_choice":"Writhe","damage_taken":0,"max_hp_gain":0,"max_hp_loss":0,"event_name":"Winding Halls","floor":48,"gold_loss":0,"cards_obtained":["Writhe"]}],"is_beta":false,"boss_relics":[{"not_picked":["Tiny House","Fusion Hammer"],"picked":"Busted Crown"},{"not_picked":["Philosopher\u0027s Stone","Empty Cage"],"picked":"Eternal Feather"}],"items_purged_floors":[],"is_endless":false,"potions_floor_spawned":[4,14,16,18,25,28,30,33,35,45],"killed_by":"Donu and Deca","ascension_level":0}