{"gold_per_floor":[110,110,127,127,127,160,170,197,197,197,213,213,245,262,262,363,363,374,374,374,386,25,25,43,78,78,78,78,91,116,116,116,212,212,226,50,65,117,137,137,19,19,91,117,117,144,144,156,156,156],"floor_reached":50,"playtime":9423,"items_purged":[],"score":611,"play_id":"b8b23b7b-f34a-42bd-bb4a-bf8638546e84","local_time":"20190217030932","is_ascension_mode":false,"campfire_choices":[{"floor":12,"key":"REST"},{"floor":15,"key":"REST"},{"floor":23,"key":"REST"},{"floor":28,"key":"REST"},{"floor":32,"key":"REST"},{"floor":42,"key":"REST"},{"floor":45,"key":"REST"},{"floor":47,"key":"REST"},{"floor":49,"key":"REST"}],"neow_cost":"NONE","seed_source_timestamp":385595945472311,"circlet_count":0,"master_deck":["Defend_G","Defend_G","Defend_G","Defend_G","Defend_G","Strike_G+1","Strike_G","Strike_G","Strike_G+1","Survivor","Neutralize","Noxious Fumes+1","Blur","Crippling Poison","Terror","Flying Knee","Underhanded Strike","Dagger Throw","Sucker Punch","Flechettes","Die Die Die","Bouncing Flask","Infinite Blades","Prepared","Well Laid Plans","Blade Dance","Footwork","Bullet Time","Choke","Dodge and Roll","Infinite Blades","Distraction+1","Underhanded Strike+1","Poisoned Stab+1","Dagger Throw+1","Envenom","Footwork+1","Adrenaline","Dagger Spray+1","Underhanded Strike","Dagger Spray+1","Outmaneuver","Madness","Madness","Heel Hook","PiercingWail+1","Choke+1","Predator+1","Deflect+1","Skewer+1","Finisher+1","Quick Slash+1"],"relics":["Ring of the Snake","NeowsBlessing","Anchor","Oddly Smooth Stone","Whetstone","Shuriken","Dream Catcher","Orrery","Dodecahedron","Ornamental Fan","Bronze Scales","Gremlin Horn","Nilry\u0027s Codex","Red Mask","Black Star","PreservedInsect","Orichalcum","Letter Opener","Lantern","Happy Flower","Question Card","Ancient Tea Set"],"potions_floor_usage":[16,21,25,33,33,33,46,46,46,48],"damage_taken":[{"damage":0,"enemies":"2 Louse","floor":1,"turns":1},{"damage":0,"enemies":"Jaw Worm","floor":3,"turns":1},{"damage":0,"enemies":"Gremlin Nob","floor":6,"turns":1},{"damage":0,"enemies":"Cultist","floor":7,"turns":4},{"damage":24,"enemies":"3 Sentries","floor":8,"turns":7},{"damage":4,"enemies":"Blue Slaver","floor":11,"turns":4},{"damage":14,"enemies":"Lagavulin","floor":13,"turns":6},{"damage":0,"enemies":"2 Fungi Beasts","floor":14,"turns":3},{"damage":33,"enemies":"Slime Boss","floor":16,"turns":11},{"damage":16,"enemies":"3 Byrds","floor":18,"turns":5},{"damage":10,"enemies":"2 Thieves","floor":21,"turns":5},{"damage":23,"enemies":"Snecko","floor":24,"turns":6},{"damage":10,"enemies":"Book of Stabbing","floor":25,"turns":7},{"damage":0,"enemies":"Centurion and Healer","floor":29,"turns":6},{"damage":2,"enemies":"Masked Bandits","floor":30,"turns":3},{"damage":30,"enemies":"Automaton","floor":33,"turns":9},{"damage":8,"enemies":"Orb Walker","floor":35,"turns":4},{"damage":4,"enemies":"3 Darklings","floor":37,"turns":5},{"damage":33,"enemies":"Jaw Worm Horde","floor":39,"turns":4},{"damage":9,"enemies":"Reptomancer","floor":44,"turns":4},{"damage":57,"enemies":"Nemesis","floor":46,"turns":5},{"damage":0,"enemies":"Transient","floor":48,"turns":5},{"damage":49,"enemies":"Time Eater","floor":50,"turns":5}],"seed_played":"-2889752304636351872","potions_obtained":[{"floor":6,"key":"EssenceOfSteel"},{"floor":7,"key":"SkillPotion"},{"floor":11,"key":"PowerPotion"},{"floor":16,"key":"Explosive Potion"},{"floor":21,"key":"AttackPotion"},{"floor":25,"key":"SteroidPotion"},{"floor":39,"key":"Regen Potion"},{"floor":44,"key":"Energy Potion"},{"floor":46,"key":"FearPotion"}],"is_trial":false,"path_per_floor":["?","T","?","M","?","?","?","M","?","?","?","$","T","?"],"character_chosen":"THE_SILENT","items_purchased":["Ornamental Fan","Choke","Dodge and Roll","PreservedInsect","Underhanded Strike","Heel Hook","SkillPotion"],"campfire_rested":9,"item_purchase_floors":[22,22,22,36,36,41,41],"current_hp_per_floor":[70,70,70,70,70,70,70,46,46,46,42,63,49,49,70,37,70,54,54,54,44,44,65,42,32,32,16,37,37,35,35,56,26,70,62,62,58,58,25,16,16,37,37,28,49,6,27,27,48,0],"gold":156,"neow_bonus":"THREE_ENEMY_KILL","is_prod":false,"is_daily":false,"chose_seed":false,"campfire_upgraded":0,"win_rate":0.0,"timestamp":1550347772,"path_taken":["M","?","M","?","?","E","?","E","T","?","M","R","E","M","R","BOSS","M","?","?","M","$","R","?","E","T","?","R","M","?","?","R","BOSS","M","?","M","?","M","?","$","R","T","E","R","E","R","M","R","BOSS"],"build_version":"2019-01-23","purchased_purges":0,"victory":false,"max_hp_per_floor":[70,70,70,70,70,70,70,70,70,70,70,70,70,70,70,70,70,70,70,70,70,70,70,70,70,70,70,70,70,70,70,70,70,70,70,70,70,70,70,70,70,70,70,70,70,70,70,70,70,70],"card_choices":[{"not_picked":["Dagger Spray","Deadly Poison"],"picked":"Noxious Fumes","floor":1},{"not_picked":["Footwork","Expertise"],"picked":"Blur","floor":3},{"not_picked":["Dodge and Roll","Masterful Stab"],"picked":"Crippling Poison","floor":6},{"not_picked":["Prepared","Dagger Spray"],"picked":"Terror","floor":7},{"not_picked":["Calculated Gamble","Leg Sweep"],"picked":"Flying Knee","floor":8},{"not_picked":["Escape Plan","Poisoned Stab"],"picked":"Underhanded Strike","floor":11},{"not_picked":["Dagger Spray","Expertise"],"picked":"Dagger Throw","floor":13},{"not_picked":["Predator","Dagger Throw"],"picked":"Sucker Punch","floor":14},{"not_picked":["Poisoned Stab","Quick Slash"],"picked":"Flechettes","floor":15},{"not_picked":["Night Terror","Bullet Time"],"picked":"Die Die Die","floor":16},{"not_picked":["Quick Slash","Crippling Poison"],"picked":"Bouncing Flask","floor":17},{"not_picked":["Quick Slash","Underhanded Strike"],"picked":"Infinite Blades","floor":17},{"not_picked":["Heel Hook","Reflex"],"picked":"Prepared","floor":17},{"not_picked":["Backflip","Riddle With Holes"],"picked":"Well Laid Plans","floor":17},{"not_picked":["Backflip","Flying Knee"],"picked":"Blade Dance","floor":17},{"not_picked":["Slice","Deflect"],"picked":"Footwork","floor":18},{"not_picked":["Deflect","PiercingWail"],"picked":"Bullet Time","floor":21},{"not_picked":["Prepared","Blade Dance"],"picked":"Infinite Blades","floor":23},{"not_picked":["Acrobatics+1","Endless Agony"],"picked":"Distraction+1","floor":24},{"not_picked":["Sucker Punch","Quick Slash"],"picked":"Underhanded Strike+1","floor":25},{"not_picked":["Choke","Prepared"],"picked":"Poisoned Stab+1","floor":28},{"not_picked":["Infinite Blades","Prepared"],"picked":"Dagger Throw+1","floor":29},{"not_picked":["Finisher","Underhanded Strike+1"],"picked":"Envenom","floor":30},{"not_picked":["Tactician","Deflect"],"picked":"Footwork+1","floor":32},{"not_picked":["Tools of the Trade","Glass Knife"],"picked":"Adrenaline","floor":33},{"not_picked":["Calculated Gamble","Acrobatics+1"],"picked":"Dagger Spray+1","floor":35},{"not_picked":["Dodge and Roll","Prepared"],"picked":"Dagger Spray+1","floor":37},{"not_picked":["Prepared","Dagger Throw"],"picked":"Outmaneuver","floor":39},{"not_picked":["Deflect+1","Backflip"],"picked":"PiercingWail+1","floor":42},{"not_picked":["Adrenaline","All Out Attack"],"picked":"Choke+1","floor":44},{"not_picked":["PiercingWail+1","Backflip"],"picked":"Predator+1","floor":45},{"not_picked":["Quick Slash+1","Poisoned Stab+1"],"picked":"Deflect+1","floor":46},{"not_picked":["Distraction","Well Laid Plans+1","Acrobatics+1"],"picked":"Skewer+1","floor":47},{"not_picked":["Blade Dance","Well Laid Plans+1","Acrobatics"],"picked":"Finisher+1","floor":48},{"not_picked":["Dagger Throw","Sucker Punch+1","Terror"],"picked":"Quick Slash+1","floor":49}],"player_experience":125315,"relics_obtained":[{"floor":4,"key":"Anchor"},{"floor":6,"key":"Oddly Smooth Stone"},{"floor":8,"key":"Whetstone"},{"floor":9,"key":"Shuriken"},{"floor":13,"key":"Dream Catcher"},{"floor":25,"key":"Bronze Scales"},{"floor":26,"key":"Gremlin Horn"},{"floor":27,"key":"Nilry\u0027s Codex"},{"floor":30,"key":"Red Mask"},{"floor":38,"key":"Orichalcum"},{"floor":43,"key":"Letter Opener"},{"floor":44,"key":"Lantern"},{"floor":44,"key":"Happy Flower"},{"floor":46,"key":"Question Card"},{"floor":46,"key":"Ancient Tea Set"}],"event_choices":[{"damage_healed":0,"gold_gain":0,"player_choice":"Leave","damage_taken":0,"max_hp_gain":0,"max_hp_loss":0,"event_name":"The Cleric","floor":2,"gold_loss":0},{"cards_removed":["Strike_G"],"damage_healed":0,"gold_gain":0,"player_choice":"Offered Basic","damage_taken":0,"max_hp_gain":0,"max_hp_loss":0,"event_name":"Bonfire Elementals","floor":5,"gold_loss":0},{"damage_healed":0,"gold_gain":0,"player_choice":"Grow","damage_taken":0,"max_hp_gain":0,"max_hp_loss":0,"event_name":"Living Wall","floor":10,"gold_loss":0,"cards_upgraded":["Noxious Fumes"]},{"damage_healed":0,"gold_gain":0,"player_choice":"Opened","damage_taken":0,"relics_obtained":["Dodecahedron"],"max_hp_gain":0,"max_hp_loss":0,"event_name":"The Mausoleum","floor":19,"gold_loss":0,"cards_obtained":["Writhe"]},{"damage_healed":0,"gold_gain":0,"player_choice":"Bought 0 Potions","damage_taken":0,"max_hp_gain":0,"max_hp_loss":0,"event_name":"The Woman in Blue","floor":20,"gold_loss":0},{"damage_healed":0,"gold_gain":0,"player_choice":"Obtained Book","damage_taken":16,"max_hp_gain":0,"max_hp_loss":0,"event_name":"Cursed Tome","floor":27,"gold_loss":0},{"damage_healed":0,"gold_gain":0,"player_choice":"Fought Bandits","damage_taken":0,"max_hp_gain":0,"max_hp_loss":0,"event_name":"Masked Bandits","floor":30,"gold_loss":0},{"cards_removed":["Writhe"],"damage_healed":0,"gold_gain":0,"player_choice":"Purged","damage_taken":0,"max_hp_gain":0,"max_hp_loss":0,"event_name":"Purifier","floor":31,"gold_loss":0},{"damage_healed":0,"gold_gain":0,"player_choice":"Embrace Madness","damage_taken":9,"max_hp_gain":0,"max_hp_loss":0,"event_name":"Winding Halls","floor":40,"gold_loss":0,"cards_obtained":["Madness","Madness"]}],"is_beta":false,"boss_relics":[{"not_picked":["Sozu","Ring of the Serpent"],"picked":"Orrery"},{"not_picked":["Velvet Choker","HoveringKite"],"picked":"Black Star"}],"items_purged_floors":[],"is_endless":false,"potions_floor_spawned":[6,7,11,14,16,21,25,30,39,44,46],"killed_by":"Time Eater","ascension_level":0}