{"gold_per_floor":[109,109,125,125,141,176,235,269,269,269,303,315,33,53,53,148,148,166,193,193,118,12,12,40,60,60,76,76,91,126,141,141,245,245,263,263,163,178,30,30,41,41,41,57,69,80,58,72,72,72],"floor_reached":51,"playtime":5384,"items_purged":["Bash","Strike_R"],"score":659,"play_id":"e9ffb2a3-3aa7-4e9d-bfa5-367e35f65382","local_time":"20181215230044","is_ascension_mode":false,"campfire_choices":[{"floor":10,"key":"REST"},{"data":"Armaments","floor":15,"key":"SMITH"},{"data":"Metallicize","floor":23,"key":"SMITH"},{"floor":32,"key":"REST"},{"data":"Demon Form","floor":40,"key":"SMITH"},{"floor":49,"key":"REST"}],"neow_cost":"","seed_source_timestamp":265405295308060,"circlet_count":0,"master_deck":["Strike_R","Strike_R","Defend_R","Defend_R","Iron Wave","True Grit","Headbutt","Demon Form+1","Iron Wave","Armaments+1","True Grit","Disarm","Sword Boomerang","Flame Barrier+1","Chrysalis","Warcry","Metallicize+1","Sword Boomerang","Pummel","PiercingWail","Dagger Spray+1","Ball Lightning+1","Calculated Gamble+1","Flash of Steel+1","Ball Lightning","Blood for Blood","Violence","Pommel Strike","PiercingWail+1","Footwork","Sword Boomerang","Iron Wave+1"],"relics":["Burning Blood","Dream Catcher","Gremlin Horn","Red Skull","Anchor","Oddly Smooth Stone","PrismaticShard","Sozu","Red Mask","Dodecahedron","Kunai","Paper Frog","Lizard Tail","War Paint","Calipers"],"potions_floor_usage":[8,8,50],"damage_taken":[{"damage":1,"enemies":"2 Louse","floor":1,"turns":4},{"damage":1,"enemies":"Cultist","floor":3,"turns":4},{"damage":12,"enemies":"Small Slimes","floor":5,"turns":4},{"damage":30,"enemies":"Gremlin Nob","floor":6,"turns":5},{"damage":35,"enemies":"3 Sentries","floor":7,"turns":7},{"damage":4,"enemies":"Lagavulin","floor":8,"turns":7},{"damage":18,"enemies":"3 Sentries","floor":11,"turns":7},{"damage":0,"enemies":"2 Fungi Beasts","floor":12,"turns":4},{"damage":0,"enemies":"Large Slime","floor":14,"turns":4},{"damage":22,"enemies":"The Guardian","floor":16,"turns":10},{"damage":17,"enemies":"Chosen","floor":18,"turns":7},{"damage":31,"enemies":"Masked Bandits","floor":19,"turns":4},{"damage":18,"enemies":"Book of Stabbing","floor":24,"turns":7},{"damage":0,"enemies":"2 Thieves","floor":25,"turns":5},{"damage":5,"enemies":"Shelled Parasite and Fungi","floor":27,"turns":6},{"damage":10,"enemies":"Sentry and Sphere","floor":29,"turns":4},{"damage":6,"enemies":"Slavers","floor":30,"turns":3},{"damage":0,"enemies":"Snake Plant","floor":31,"turns":4},{"damage":29,"enemies":"Champ","floor":33,"turns":9},{"damage":9,"enemies":"3 Shapes","floor":35,"turns":6},{"damage":13,"enemies":"3 Darklings","floor":38,"turns":4},{"damage":6,"enemies":"Maw","floor":41,"turns":6},{"damage":11,"enemies":"4 Shapes","floor":44,"turns":8},{"damage":25,"enemies":"3 Darklings","floor":45,"turns":4},{"damage":21,"enemies":"Jaw Worm Horde","floor":46,"turns":5},{"damage":22,"enemies":"4 Shapes","floor":48,"turns":5},{"damage":22,"enemies":"Awakened One","floor":50,"turns":11}],"seed_played":"4766673905542272616","potions_obtained":[{"floor":1,"key":"EssenceOfSteel"},{"floor":6,"key":"Poison Potion"},{"floor":11,"key":"Dexterity Potion"},{"floor":12,"key":"SpeedPotion"},{"floor":14,"key":"Weak Potion"}],"is_trial":false,"path_per_floor":["M","?","M","?","M","E","?","E","T","R","E","M","$","M","R","B",null,"M","?","?","?","$","R","E","M","T","M","?","M","E","M","R","B",null,"M","?","$","M","$","R","M","$","T","M","M","M","$","M","R","B",null],"character_chosen":"IRONCLAD","items_purchased":["PrismaticShard","Sword Boomerang","Pummel","War Paint","Sword Boomerang"],"campfire_rested":3,"item_purchase_floors":[13,22,22,39,47],"current_hp_per_floor":[80,73,78,78,72,48,19,21,21,45,33,39,39,45,45,29,80,69,44,44,44,44,44,32,38,38,39,39,35,35,41,65,42,80,77,77,77,70,70,70,70,70,70,65,46,31,31,15,39,23],"gold":72,"neow_bonus":"","is_prod":false,"is_daily":false,"chose_seed":false,"campfire_upgraded":3,"win_rate":0.0,"timestamp":1544907644,"path_taken":["M","?","M","?","?","E","?","E","T","R","E","M","$","M","R","BOSS","M","?","?","?","$","R","E","M","T","M","?","M","E","M","R","BOSS","M","?","$","M","$","R","?","$","T","M","M","M","?","M","R","BOSS"],"build_version":"2018-12-13","purchased_purges":2,"victory":true,"max_hp_per_floor":[80,80,80,80,80,80,80,80,80,80,80,80,80,80,80,80,80,80,80,80,80,80,80,80,80,80,80,80,80,80,80,80,80,80,80,80,80,80,80,80,80,80,80,80,80,80,80,80,80,80],"card_choices":[{"not_picked":["Seeing Red","Perfected Strike"],"picked":"Iron Wave","floor":1},{"not_picked":["Fire Breathing","Body Slam"],"picked":"True Grit","floor":3},{"not_picked":["Anger","Perfected Strike"],"picked":"Headbutt","floor":5},{"not_picked":["Clash","Blood for Blood"],"picked":"Demon Form","floor":6},{"not_picked":["Searing Blow","Hemokinesis"],"picked":"Iron Wave","floor":7},{"not_picked":["Iron Wave","Double Tap"],"picked":"Armaments","floor":8},{"not_picked":["Clash","Perfected Strike"],"picked":"True Grit","floor":10},{"not_picked":["Dual Wield","Demon Form"],"picked":"Disarm","floor":11},{"not_picked":["Fire Breathing","Pommel Strike"],"picked":"Sword Boomerang","floor":12},{"not_picked":["Ghostly Armor","Caltrops"],"picked":"Flame Barrier","floor":14},{"not_picked":["Fiend Fire","Dark Embrace"],"picked":"Chrysalis","floor":16},{"not_picked":["Compile Driver","Armaments","Thunderclap"],"picked":"SKIP","floor":18},{"not_picked":["Perfected Strike","Armaments"],"picked":"Warcry","floor":19},{"not_picked":["Twin Strike","Backflip+1"],"picked":"PiercingWail","floor":24},{"not_picked":["Thunderclap+1","Sever Soul+1"],"picked":"Dagger Spray+1","floor":25},{"not_picked":["Acrobatics","Good Instincts"],"picked":"Ball Lightning+1","floor":27},{"not_picked":["Fiend Fire","Setup"],"picked":"Calculated Gamble","floor":29},{"not_picked":["Entrench+1","Dodge and Roll+1"],"picked":"Flash of Steel+1","floor":30},{"not_picked":["Leg Sweep","Combust+1"],"picked":"Ball Lightning","floor":31},{"not_picked":["Perfected Strike","Meteor Strike"],"picked":"Blood for Blood","floor":32},{"not_picked":["Biased Cognition","Transmutation"],"picked":"Violence","floor":33},{"not_picked":["Redo+1","Coolheaded+1","Infinite Blades"],"picked":"SKIP","floor":35},{"not_picked":["Stack","Uppercut+1"],"picked":"PiercingWail+1","floor":38},{"not_picked":["Cloak And Dagger+1","Rupture+1","Biased Cognition"],"picked":"SKIP","floor":41},{"not_picked":["Shrug It Off","Hemokinesis","Dagger Throw"],"picked":"SKIP","floor":44},{"not_picked":["Blizzard","Heavy Blade"],"picked":"Footwork","floor":45},{"not_picked":["Bane+1","Darkness+1","Prepared+1"],"picked":"SKIP","floor":46},{"not_picked":["Beam Cell+1","Underhanded Strike+1","Violence"],"picked":"SKIP","floor":48},{"not_picked":["Force Field","Bane+1"],"picked":"Iron Wave+1","floor":49}],"player_experience":12888,"relics_obtained":[{"floor":6,"key":"Dream Catcher"},{"floor":7,"key":"Gremlin Horn"},{"floor":8,"key":"Red Skull"},{"floor":9,"key":"Anchor"},{"floor":11,"key":"Oddly Smooth Stone"},{"floor":19,"key":"Red Mask"},{"floor":24,"key":"Dodecahedron"},{"floor":26,"key":"Kunai"},{"floor":30,"key":"Paper Frog"},{"floor":43,"key":"Calipers"}],"event_choices":[{"cards_removed":["Strike_R"],"damage_healed":0,"gold_gain":0,"player_choice":"Card Removal","damage_taken":7,"max_hp_gain":0,"max_hp_loss":0,"event_name":"Golden Wing","floor":2,"gold_loss":0},{"cards_removed":["Strike_R"],"damage_healed":0,"gold_gain":0,"player_choice":"Offered Basic","damage_taken":0,"max_hp_gain":0,"max_hp_loss":0,"event_name":"Bonfire Elementals","floor":4,"gold_loss":0},{"damage_healed":0,"gold_gain":0,"player_choice":"Searched \u00271\u0027 times","damage_taken":0,"max_hp_gain":0,"max_hp_loss":0,"event_name":"Dead Adventurer","floor":7,"gold_loss":0},{"damage_healed":0,"gold_gain":0,"player_choice":"Fought Bandits","damage_taken":0,"max_hp_gain":0,"max_hp_loss":0,"event_name":"Masked Bandits","floor":19,"gold_loss":0},{"damage_healed":0,"gold_gain":0,"player_choice":"Read","damage_taken":0,"max_hp_gain":0,"max_hp_loss":0,"event_name":"The Library","floor":20,"gold_loss":0,"cards_obtained":["Metallicize"]},{"cards_removed":["Defend_R"],"damage_healed":0,"gold_gain":0,"player_choice":"Gave Gold","damage_taken":0,"max_hp_gain":0,"max_hp_loss":0,"event_name":"Beggar","floor":21,"gold_loss":75},{"cards_removed":["Defend_R"],"damage_healed":0,"gold_gain":0,"player_choice":"Elegance","damage_taken":0,"max_hp_gain":0,"max_hp_loss":0,"event_name":"Back to Basics","floor":28,"gold_loss":0},{"damage_healed":0,"gold_gain":0,"player_choice":"1 cards matched","damage_taken":0,"max_hp_gain":0,"max_hp_loss":0,"event_name":"Match and Keep!","floor":36,"gold_loss":0,"cards_obtained":["Pommel Strike"]}],"is_beta":false,"boss_relics":[{"not_picked":["Ectoplasm","Busted Crown"],"picked":"Sozu"},{"not_picked":["Black Star","Coffee Dripper"],"picked":"Lizard Tail"}],"items_purged_floors":[13,37],"is_endless":false,"potions_floor_spawned":[1,6,11,12,14,18,19,25,30,33,38,41,44,46],"ascension_level":0}