{"path_per_floor":["M","?","M","M","$","E","R","?","T","E","M","?","$","M","R","B",null,"M","?","?","?","M","R","E","M","T","M","M","M","E","M","R","B",null,"M","$","?","M","?","R","E","R","T","R","E","?","M","M","R","B"],"character_chosen":"IRONCLAD","items_purchased":["Offering","Headbutt","Flash of Steel","Clash","Secret Weapon","Bag of Preparation"],"gold_per_floor":[217,217,228,247,38,68,68,68,68,100,110,172,19,38,38,135,135,150,150,150,176,186,186,218,228,251,264,280,293,319,336,336,438,438,451,7,7,18,18,18,49,49,49,49,83,83,101,117,117,117],"floor_reached":51,"campfire_rested":0,"playtime":3073,"current_hp_per_floor":[80,77,80,80,80,75,75,75,75,73,71,69,69,74,74,48,86,87,87,87,88,89,89,90,92,92,98,103,100,96,97,97,90,107,105,105,91,101,91,103,71,83,83,95,89,89,91,93,107,75],"items_purged":["Defend_R","Defend_R"],"gold":117,"score":1032,"play_id":"fa2515dd-2a44-4d2d-bf18-d7129bb0f3ec","local_time":"20180512000900","is_prod":false,"is_daily":false,"chose_seed":false,"is_ascension_mode":false,"campfire_upgraded":7,"timestamp":1526076540,"path_taken":["M","?","M","M","$","E","R","?","T","E","M","?","?","M","R","BOSS","M","?","?","?","?","R","E","M","T","M","M","M","E","M","R","BOSS","M","$","?","?","?","R","E","R","T","R","E","?","M","M","R","BOSS"],"build_version":"2018-05-10","seed_source_timestamp":119019711023324,"purchased_purges":2,"victory":true,"master_deck":["Strike_R","Strike_R","Strike_R","Strike_R","Strike_R","Defend_R","Bash","Clash","Metallicize","Iron Wave","Offering+1","Headbutt","Offering+1","Headbutt","Feed","Flash of Steel","Clash","Pommel Strike","Berserk+1","Clash+1","Offering+1","Rampage+1","Clash","Offering+1","Offering+1","Body Slam","Secret Weapon","Madness+1","Headbutt","Thinking Ahead","Flash of Steel","Thinking Ahead","Clash+1","Headbutt+1","Clash+1"],"max_hp_per_floor":[80,80,80,80,80,80,80,80,80,80,80,80,80,83,83,86,86,89,89,89,92,95,95,98,101,101,104,104,104,107,107,107,107,107,110,110,110,113,113,113,116,116,116,116,119,119,122,125,125,128],"relics":["Burning Blood","Ornamental Fan","Gremlin Horn","Orichalcum","Peace Pipe","Vajra","Philosopher\u0027s Stone","Red Mask","Magic Flower","Bag of Marbles","Bronze Scales","Eternal Feather","Bag of Preparation","Dream Catcher","Red Skull","Juzu Bracelet"],"card_choices":[{"not_picked":["Shockwave","Pommel Strike"],"picked":"Clash","floor":1},{"not_picked":["Twin Strike","Sword Boomerang"],"picked":"Metallicize","floor":3},{"not_picked":["Infernal Blade","Sword Boomerang"],"picked":"Iron Wave","floor":4},{"not_picked":["Flame Barrier","Clothesline"],"picked":"Offering","floor":6},{"not_picked":["Armaments","Flex"],"picked":"Headbutt","floor":10},{"not_picked":["Disarm","Intimidate"],"picked":"Feed","floor":12},{"not_picked":["Flame Barrier","Second Wind"],"picked":"Pommel Strike","floor":14},{"not_picked":["Dark Embrace","Demon Form"],"picked":"Berserk","floor":16},{"not_picked":["True Grit","Cleave"],"picked":"Battle Trance","floor":21},{"not_picked":["Armaments","Hemokinesis"],"picked":"Clash","floor":22},{"not_picked":["Shrug It Off","Power Through"],"picked":"Offering","floor":24},{"not_picked":["Combust","True Grit"],"picked":"Rampage","floor":25},{"not_picked":["Corruption","Armaments"],"picked":"Clash","floor":29},{"not_picked":["Twin Strike","Sever Soul"],"picked":"Offering","floor":30},{"not_picked":["Dark Embrace","Impervious"],"picked":"Offering","floor":33},{"not_picked":["Shrug It Off","Sever Soul"],"picked":"Body Slam","floor":35},{"not_picked":["Searing Blow","Rage"],"picked":"Headbutt","floor":38},{"not_picked":["Enlightenment","Trip"],"picked":"Thinking Ahead","floor":39},{"not_picked":["Transmutation","Master of Strategy"],"picked":"Flash of Steel","floor":39},{"not_picked":["Jack Of All Trades","Panache"],"picked":"Thinking Ahead","floor":39},{"not_picked":["Armaments","Headbutt"],"picked":"Clash","floor":41},{"not_picked":["Shockwave","Battle Trance"],"picked":"Headbutt","floor":45},{"not_picked":["Uppercut","Anger"],"picked":"Clash","floor":47}],"player_experience":2037,"potions_floor_usage":[16,21,33,50,50,50],"damage_taken":[{"damage":2,"enemies":"Small Slimes","floor":1,"turns":4},{"damage":0,"enemies":"Cultist","floor":3,"turns":3},{"damage":3,"enemies":"Jaw Worm","floor":4,"turns":3},{"damage":11,"enemies":"Lagavulin","floor":6,"turns":5},{"damage":8,"enemies":"3 Sentries","floor":10,"turns":5},{"damage":8,"enemies":"3 Louse","floor":11,"turns":1},{"damage":8,"enemies":"Gremlin Nob","floor":12,"turns":2},{"damage":4,"enemies":"Lots of Slimes","floor":14,"turns":1},{"damage":35,"enemies":"Hexaghost","floor":16,"turns":5},{"damage":8,"enemies":"Chosen","floor":18,"turns":2},{"damage":8,"enemies":"Masked Bandits","floor":21,"turns":2},{"damage":8,"enemies":"3 Byrds","floor":22,"turns":3},{"damage":8,"enemies":"Book of Stabbing","floor":24,"turns":2},{"damage":12,"enemies":"Cultist and Chosen","floor":25,"turns":2},{"damage":8,"enemies":"Centurion and Healer","floor":27,"turns":2},{"damage":4,"enemies":"Snake Plant","floor":28,"turns":2},{"damage":12,"enemies":"Snecko","floor":29,"turns":2},{"damage":18,"enemies":"Gremlin Leader","floor":30,"turns":3},{"damage":8,"enemies":"Centurion and Healer","floor":31,"turns":1},{"damage":16,"enemies":"Champ","floor":33,"turns":5},{"damage":16,"enemies":"3 Shapes","floor":35,"turns":1},{"damage":4,"enemies":"Orb Walker","floor":38,"turns":1},{"damage":46,"enemies":"2 Orb Walkers","floor":41,"turns":3},{"damage":20,"enemies":"Giant Head","floor":45,"turns":2},{"damage":12,"enemies":"Sphere and 2 Shapes","floor":47,"turns":1},{"damage":12,"enemies":"3 Darklings","floor":48,"turns":1},{"damage":56,"enemies":"Awakened One","floor":50,"turns":5}],"event_choices":[{"event_name":"Scrap Ooze","player_choice":"success","floor":2,"damage_taken":3},{"event_name":"Liars Game","player_choice":"disagreed","floor":8,"damage_taken":0},{"event_name":"Dead Adventurer","player_choice":"Searched \u00271\u0027 times","floor":12,"damage_taken":0},{"event_name":"The Mausoleum","player_choice":"No","floor":19,"damage_taken":0},{"event_name":"Back to Basics","player_choice":"Elegance","floor":20,"damage_taken":0},{"event_name":"Masked Bandits","player_choice":"Fought over 150 gold","floor":21,"damage_taken":0},{"event_name":"Winding Halls","player_choice":"Embrace Madness","floor":37,"damage_taken":0},{"event_name":"SensoryStone","player_choice":"Memory 3","floor":39,"damage_taken":0}],"boss_relics":[{"not_picked":["Lizard Tail","White Beast Statue"],"picked":"Philosopher\u0027s Stone"},{"not_picked":["Runic Pyramid","Mark of Pain"],"picked":"Eternal Feather"}],"potions_floor_spawned":[1,10,11,14,16,22,24,25,28,29,38,45],"seed_played":"1259171256193244423","ascension_level":0,"is_trial":false}