{"gold_per_floor":[118,43,43,118,118,118,134,134,189,189,207,233,263,26,26,98,98,110,0,14,14,14],"floor_reached":22,"playtime":702,"items_purged":["Strike_R"],"score":333,"play_id":"ca0ba2d4-8527-4e15-9823-6c09c1960384","local_time":"20190201205954","is_ascension_mode":true,"campfire_choices":[{"data":"Metallicize","floor":6,"key":"SMITH"},{"data":"Clothesline","floor":10,"key":"SMITH"},{"data":"Hemokinesis","floor":15,"key":"SMITH"}],"neow_cost":"NONE","seed_source_timestamp":357356040871600,"circlet_count":0,"master_deck":["AscendersBane","Strike_R","Strike_R","Defend_R","Defend_R","Defend_R","Bash","Headbutt","Metallicize+1","Clothesline+1","Hemokinesis+1","Thunderclap","Iron Wave","Juggernaut","True Grit","Battle Trance","Havoc","Feel No Pain"],"relics":["Burning Blood","Tiny Chest","Darkstone Periapt","Odd Mushroom","Dream Catcher","Orrery","Nloth\u0027s Gift"],"potions_floor_usage":[13,16],"damage_taken":[{"damage":0,"enemies":"Jaw Worm","floor":1,"turns":1},{"damage":0,"enemies":"Small Slimes","floor":7,"turns":1},{"damage":0,"enemies":"2 Louse","floor":11,"turns":1},{"damage":38,"enemies":"Lagavulin","floor":12,"turns":8},{"damage":0,"enemies":"The Mushroom Lair","floor":13,"turns":2},{"damage":37,"enemies":"Hexaghost","floor":16,"turns":9},{"damage":24,"enemies":"Spheric Guardian","floor":18,"turns":6},{"damage":17,"enemies":"Shell Parasite","floor":20,"turns":8},{"damage":38,"enemies":"Cultist and Chosen","floor":22,"turns":3}],"seed_played":"-2549905603859876823","potions_obtained":[{"floor":12,"key":"AttackPotion"},{"floor":13,"key":"LiquidBronze"},{"floor":18,"key":"Weak Potion"},{"floor":20,"key":"Swift Potion"}],"is_trial":false,"path_per_floor":["M","?","$","?","?","R","M","?","T","R","M","E","?","$","R","B",null,"M","?","M","?","M"],"character_chosen":"IRONCLAD","items_purchased":["Dream Catcher"],"campfire_rested":0,"item_purchase_floors":[14],"current_hp_per_floor":[74,74,74,63,63,63,69,62,62,62,68,36,42,42,42,11,59,41,41,30,30,0],"gold":14,"neow_bonus":"THREE_ENEMY_KILL","is_prod":false,"is_daily":false,"chose_seed":false,"campfire_upgraded":3,"win_rate":0,"timestamp":1549051194,"path_taken":["M","?","$","?","?","R","M","?","T","R","?","E","?","$","R","BOSS","M","?","M","?","?"],"build_version":"2019-01-23","purchased_purges":1,"victory":false,"max_hp_per_floor":[75,75,75,75,75,75,75,75,75,75,75,75,75,75,75,75,75,75,75,75,75,75],"card_choices":[{"not_picked":["Sever Soul","Sword Boomerang"],"picked":"Headbutt","floor":1},{"not_picked":["Bloodletting","Second Wind"],"picked":"Clothesline","floor":7},{"not_picked":["Dropkick","Perfected Strike"],"picked":"Hemokinesis","floor":11},{"not_picked":["Perfected Strike","Berserk"],"picked":"Thunderclap","floor":12},{"not_picked":["Burning Pact","Twin Strike"],"picked":"Iron Wave","floor":13},{"not_picked":["Feed","Limit Break"],"picked":"Juggernaut","floor":16},{"not_picked":["Clash","Clothesline"],"picked":"True Grit","floor":17},{"not_picked":["True Grit","Iron Wave"],"picked":"Battle Trance","floor":17},{"not_picked":["Hemokinesis","Corruption"],"picked":"Havoc","floor":17},{"not_picked":["Wild Strike","Shrug It Off"],"picked":"Feel No Pain","floor":18},{"not_picked":["Heavy Blade+1","Thunderclap","Searing Blow"],"picked":"SKIP","floor":20}],"player_experience":303210,"relics_obtained":[{"floor":9,"key":"Tiny Chest"},{"floor":12,"key":"Darkstone Periapt"},{"floor":13,"key":"Odd Mushroom"}],"event_choices":[{"cards_removed":["Defend_R"],"damage_healed":0,"gold_gain":0,"player_choice":"Card Removal","damage_taken":0,"max_hp_gain":0,"max_hp_loss":0,"event_name":"The Cleric","floor":2,"gold_loss":75},{"damage_healed":0,"gold_gain":75,"player_choice":"Gather Gold","damage_taken":11,"max_hp_gain":0,"max_hp_loss":0,"event_name":"World of Goop","floor":4,"gold_loss":0},{"damage_healed":0,"gold_gain":0,"cards_transformed":["Strike_R"],"player_choice":"Change","damage_taken":0,"max_hp_gain":0,"max_hp_loss":0,"event_name":"Living Wall","floor":5,"gold_loss":0,"cards_obtained":["Metallicize"]},{"cards_removed":["Strike_R"],"damage_healed":0,"gold_gain":0,"player_choice":"Card Removal","damage_taken":7,"max_hp_gain":0,"max_hp_loss":0,"event_name":"Golden Wing","floor":8,"gold_loss":0},{"damage_healed":0,"gold_gain":0,"player_choice":"Fought Mushrooms","damage_taken":0,"max_hp_gain":0,"max_hp_loss":0,"event_name":"Mushrooms","floor":13,"gold_loss":0},{"damage_healed":0,"gold_gain":0,"player_choice":"Paid Fearfully","damage_taken":0,"max_hp_gain":0,"max_hp_loss":0,"event_name":"Masked Bandits","floor":19,"gold_loss":110},{"damage_healed":0,"gold_gain":0,"player_choice":"Traded Relic","damage_taken":0,"relics_obtained":["Nloth\u0027s Gift"],"max_hp_gain":0,"max_hp_loss":0,"event_name":"N\u0027loth","floor":21,"relics_lost":["NeowsBlessing"],"gold_loss":0}],"is_beta":false,"boss_relics":[{"not_picked":["Tiny House","Lizard Tail"],"picked":"Orrery"}],"items_purged_floors":[14],"is_endless":false,"potions_floor_spawned":[12,13,18,20],"killed_by":"Cultist and Chosen","ascension_level":17}