{"gold_per_floor":[119,44,44,119,137,171,171,171,171,171,196,196,196,222,222,222],"floor_reached":16,"playtime":205,"items_purged":["Defend_R"],"score":257,"play_id":"2135d750-c98e-46ca-99c0-e515321641fe","local_time":"20190202162704","is_ascension_mode":true,"campfire_choices":[{"data":"Bash","floor":7,"key":"SMITH"},{"data":"Strike_R","floor":10,"key":"SMITH"},{"floor":12,"key":"REST"},{"data":"Strike_R","floor":15,"key":"SMITH"}],"neow_cost":"NONE","seed_source_timestamp":427885131778000,"circlet_count":0,"master_deck":["AscendersBane","Strike_R+1","Strike_R+1","Strike_R+1","Strike_R+1","Defend_R","Defend_R","Defend_R","Bash+1"],"relics":["Burning Blood","NeowsBlessing","Gremlin Horn","Dream Catcher","Charon\u0027s Ashes","Prayer Wheel","Nunchaku","Ancient Tea Set"],"potions_floor_usage":[14],"damage_taken":[{"damage":0,"enemies":"Small Slimes","floor":1,"turns":1},{"damage":0,"enemies":"Jaw Worm","floor":5,"turns":1},{"damage":0,"enemies":"Gremlin Nob","floor":6,"turns":1},{"damage":35,"enemies":"Lagavulin","floor":11,"turns":5},{"damage":8,"enemies":"Gremlin Nob","floor":14,"turns":3},{"damage":30,"enemies":"Hexaghost","floor":16,"turns":4}],"seed_played":"-6885594927688715068","potions_obtained":[{"floor":6,"key":"Fire Potion"},{"floor":11,"key":"Energy Potion"}],"is_trial":false,"path_per_floor":["M","$","?","T","M","E","R","?","T","R","E","R","?","E","R","B"],"character_chosen":"IRONCLAD","items_purchased":[],"campfire_rested":1,"item_purchase_floors":[],"current_hp_per_floor":[74,74,51,51,57,63,63,63,63,63,34,56,45,43,43,13],"gold":222,"neow_bonus":"THREE_ENEMY_KILL","is_prod":false,"is_daily":false,"chose_seed":false,"campfire_upgraded":3,"win_rate":0,"timestamp":1549121224,"path_taken":["M","$","?","?","?","E","R","?","T","R","E","R","?","E","R","BOSS"],"build_version":"2019-01-23","purchased_purges":1,"victory":false,"max_hp_per_floor":[75,75,75,75,75,75,75,75,75,75,75,75,75,75,75,75],"card_choices":[{"not_picked":["Havoc","Pommel Strike","Heavy Blade"],"picked":"SKIP","floor":1},{"not_picked":["Havoc","Pommel Strike","Heavy Blade"],"picked":"SKIP","floor":1},{"not_picked":["Iron Wave","Reckless Charge","Havoc"],"picked":"SKIP","floor":5},{"not_picked":["Sword Boomerang","Rage","Bludgeon"],"picked":"SKIP","floor":6},{"not_picked":["Anger","Armaments","Seeing Red"],"picked":"SKIP","floor":11},{"not_picked":["Rupture","Flex","Disarm"],"picked":"SKIP","floor":14}],"player_experience":309259,"relics_obtained":[{"floor":4,"key":"Gremlin Horn"},{"floor":6,"key":"Dream Catcher"},{"floor":9,"key":"Charon\u0027s Ashes"},{"floor":11,"key":"Prayer Wheel"},{"floor":14,"key":"Ancient Tea Set"}],"event_choices":[{"damage_healed":0,"gold_gain":0,"player_choice":"Entered Light","damage_taken":23,"max_hp_gain":0,"max_hp_loss":0,"event_name":"Shining Light","floor":3,"gold_loss":0,"cards_upgraded":["Strike_R","Strike_R"]},{"cards_removed":["Strike_R"],"damage_healed":0,"gold_gain":0,"player_choice":"Forget","damage_taken":0,"max_hp_gain":0,"max_hp_loss":0,"event_name":"Living Wall","floor":8,"gold_loss":0},{"damage_healed":0,"gold_gain":0,"player_choice":"Success","damage_taken":11,"relics_obtained":["Nunchaku"],"max_hp_gain":0,"max_hp_loss":0,"event_name":"Scrap Ooze","floor":13,"gold_loss":0}],"is_beta":false,"boss_relics":[],"items_purged_floors":[2],"is_endless":false,"potions_floor_spawned":[6,11],"killed_by":"Hexaghost","ascension_level":17}