{"path_per_floor":["M","$","?","M","M","R","E","M","T","?","?","R","E","M","R","B",null,"M","M","$","?","M","E","M"],"character_chosen":"THE_SILENT","items_purchased":["Molten Egg 2"],"gold_per_floor":[18,18,18,33,44,44,73,85,133,133,133,133,167,181,181,283,283,296,296,43,0,14,45,64,64],"floor_reached":25,"campfire_rested":3,"playtime":1844,"item_purchase_floors":[20],"current_hp_per_floor":[65,65,51,43,39,60,32,32,32,32,32,53,40,38,59,15,70,54,54,54,54,38,20,2,0],"items_purged":[],"gold":64,"score":233,"play_id":"aa9bc00c-3b22-4896-adbe-b4c873fcaa97","local_time":"20180531224636","is_prod":false,"is_daily":false,"chose_seed":false,"is_ascension_mode":false,"campfire_upgraded":0,"win_rate":0,"timestamp":1527831996,"campfire_choices":[{"floor":6,"key":"REST"},{"floor":12,"key":"REST"},{"floor":15,"key":"REST"}],"path_taken":["M","$","?","M","M","R","E","M","T","?","?","R","E","M","R","BOSS","M","M","$","?","M","E","M","M"],"build_version":"2018-05-31","seed_source_timestamp":376819722060496,"purchased_purges":0,"victory":false,"master_deck":["Survivor","Neutralize","Doppelganger+1","Dagger Spray","Blur","Backstab+1","Deadly Poison+1","Dagger Spray","Die Die Die","Deflect","Bullet Time","Dodge and Roll","Dagger Spray","Riddle With Holes","Dodge and Roll","Well Laid Plans","Prepared","Crippling Poison","Slice","Flying Knee","Dodge and Roll","Flying Knee","Cloak And Dagger","Bouncing Flask","Backflip+1"],"max_hp_per_floor":[70,70,70,70,70,70,70,70,70,70,70,70,70,70,70,70,70,70,70,70,70,70,70,70,70],"relics":["Ring of the Snake","Ninja Scroll","War Paint","Pen Nib","Pandora\u0027s Box","Molten Egg 2","Anchor"],"card_choices":[{"not_picked":["Phantasmal Killer","Corpse Explosion"],"picked":"Doppelganger","floor":0},{"not_picked":["Sucker Punch","Outmaneuver"],"picked":"Dagger Spray","floor":1},{"not_picked":["Accuracy","Prepared"],"picked":"Blur","floor":4},{"not_picked":["Leg Sweep","PiercingWail"],"picked":"Backstab","floor":5},{"not_picked":["Backflip","Acrobatics"],"picked":"Deadly Poison","floor":7},{"not_picked":["Leg Sweep","Eviscerate"],"picked":"Dagger Spray","floor":8},{"not_picked":["Setup","Bane"],"picked":"Die Die Die","floor":13},{"not_picked":["Endless Agony","Crippling Poison"],"picked":"Deflect","floor":14},{"not_picked":["Corpse Explosion","Phantasmal Killer"],"picked":"Bullet Time","floor":16},{"not_picked":["Sucker Punch","Acrobatics"],"picked":"Flying Knee","floor":18},{"not_picked":["Endless Agony","Prepared"],"picked":"Cloak And Dagger","floor":19},{"not_picked":["Poisoned Stab+1","Caltrops","Dodge and Roll"],"picked":"SKIP","floor":22},{"not_picked":["Calculated Gamble+1","Cloak And Dagger"],"picked":"Bouncing Flask","floor":23},{"not_picked":["Footwork","Outmaneuver"],"picked":"Backflip+1","floor":24}],"player_experience":259969,"potions_floor_usage":[7,23,23,23],"damage_taken":[{"damage":5,"enemies":"2 Louse","floor":1,"turns":3},{"damage":8,"enemies":"Jaw Worm","floor":4,"turns":4},{"damage":4,"enemies":"Cultist","floor":5,"turns":4},{"damage":28,"enemies":"Gremlin Nob","floor":7,"turns":4},{"damage":0,"enemies":"Lots of Slimes","floor":8,"turns":1},{"damage":13,"enemies":"Lagavulin","floor":13,"turns":5},{"damage":2,"enemies":"Looter","floor":14,"turns":2},{"damage":44,"enemies":"Slime Boss","floor":16,"turns":13},{"damage":16,"enemies":"Spheric Guardian","floor":18,"turns":4},{"damage":0,"enemies":"3 Byrds","floor":19,"turns":2},{"damage":16,"enemies":"Cultist and Chosen","floor":22,"turns":4},{"damage":18,"enemies":"Book of Stabbing","floor":23,"turns":6},{"damage":18,"enemies":"Snake Plant","floor":24,"turns":3},{"damage":2,"enemies":"Centurion and Healer","floor":25,"turns":4}],"relics_obtained":[{"floor":7,"key":"Ninja Scroll"},{"floor":9,"key":"War Paint"},{"floor":13,"key":"Pen Nib"},{"floor":23,"key":"Anchor"}],"event_choices":[{"event_name":"Shining Light","player_choice":"Entered Light","floor":3,"damage_taken":0},{"event_name":"The Lab","player_choice":"Got Potions","floor":10,"damage_taken":0},{"event_name":"Living Wall","player_choice":"Grow","floor":11,"damage_taken":0},{"event_name":"Masked Bandits","player_choice":"Paid Bandits 43 gold","floor":21,"damage_taken":0}],"boss_relics":[{"not_picked":["Black Star","Cursed Key"],"picked":"Pandora\u0027s Box"}],"items_purged_floors":[],"potions_floor_spawned":[5,13,14,19],"seed_played":"-7055988785734905137","killed_by":"Centurion and Healer","ascension_level":0,"potions_obtained":[{"floor":5,"key":"AttackPotion"},{"floor":10,"key":"Energy Potion"},{"floor":10,"key":"Strength Potion"},{"floor":10,"key":"Swift Potion"},{"floor":14,"key":"FearPotion"}],"is_trial":false}