{"gold_per_floor":[111,123,298,298,298,334,359,402,402,402,416,432,445,445],"floor_reached":14,"playtime":1031,"items_purged":[],"score":133,"play_id":"2734a35c-e55d-4290-8392-ae7736806810","local_time":"20190219141039","is_ascension_mode":true,"campfire_choices":[{"floor":10,"key":"RECALL"}],"neow_cost":"NONE","seed_source_timestamp":621680711482921,"circlet_count":0,"master_deck":["Strike_B","Strike_B","Strike_B","Strike_B","Defend_B","Defend_B","Defend_B","Defend_B","Zap","Dualcast","White Noise","Sunder","Doubt","Fusion","Chaos","Conserve Battery","Auto Shields","Force Field","Turbo"],"relics":["Nuclear Battery","Golden Idol","FossilizedHelix","Cables","Matryoshka"],"potions_floor_usage":[12,14],"damage_taken":[{"damage":1,"enemies":"Cultist","floor":1,"turns":4},{"damage":1,"enemies":"Jaw Worm","floor":2,"turns":4},{"damage":16,"enemies":"Lagavulin","floor":6,"turns":7},{"damage":0,"enemies":"Small Slimes","floor":7,"turns":3},{"damage":0,"enemies":"Gremlin Nob","floor":8,"turns":4},{"damage":13,"enemies":"3 Louse","floor":11,"turns":4},{"damage":12,"enemies":"Gremlin Gang","floor":12,"turns":5},{"damage":0,"enemies":"2 Fungi Beasts","floor":13,"turns":3},{"damage":23,"enemies":"3 Sentries","floor":14,"turns":6}],"seed_played":"1700656125507643282","potions_obtained":[{"floor":2,"key":"Explosive Potion"},{"floor":5,"key":"FairyPotion"},{"floor":5,"key":"SkillPotion"},{"floor":5,"key":"LiquidBronze"},{"floor":11,"key":"AttackPotion"}],"is_trial":false,"path_per_floor":["M","M","?","?","?","E","M","E","T","R","M","M","M","E"],"character_chosen":"DEFECT","items_purchased":[],"campfire_rested":0,"item_purchase_floors":[],"current_hp_per_floor":[74,73,73,55,55,39,39,39,39,39,26,14,14,0],"gold":445,"neow_bonus":"BOSS_RELIC","is_prod":false,"is_daily":false,"chose_seed":false,"campfire_upgraded":0,"win_rate":0,"timestamp":1550556639,"path_taken":["M","?","?","?","?","E","?","E","T","R","M","M","M","E"],"build_version":"2019-01-23","purchased_purges":0,"victory":false,"max_hp_per_floor":[75,75,75,75,75,75,75,75,75,75,75,75,75,75],"card_choices":[{"not_picked":["Barrage","Reinforced Body"],"picked":"White Noise","floor":1},{"not_picked":["Stack","Go for the Eyes"],"picked":"Sunder","floor":2},{"not_picked":["Go for the Eyes","Gash"],"picked":"Fusion","floor":6},{"not_picked":["Sweeping Beam","Stack"],"picked":"Chaos","floor":7},{"not_picked":["Sweeping Beam","Hologram"],"picked":"Conserve Battery","floor":8},{"not_picked":["Self Repair","Rip and Tear"],"picked":"Auto Shields","floor":11},{"not_picked":["Leap","Hello World"],"picked":"Force Field","floor":12},{"not_picked":["Redo","Coolheaded"],"picked":"Turbo","floor":13}],"player_experience":116964,"relics_obtained":[{"floor":6,"key":"FossilizedHelix"},{"floor":8,"key":"Cables"},{"floor":9,"key":"Matryoshka"}],"event_choices":[{"damage_healed":0,"gold_gain":175,"player_choice":"AGREE","damage_taken":0,"max_hp_gain":0,"max_hp_loss":0,"event_name":"Liars Game","floor":3,"gold_loss":0,"cards_obtained":["Doubt"]},{"damage_healed":0,"gold_gain":0,"player_choice":"Take Damage","damage_taken":18,"relics_obtained":["Golden Idol"],"max_hp_gain":0,"max_hp_loss":0,"event_name":"Golden Idol","floor":4,"gold_loss":0},{"damage_healed":0,"gold_gain":0,"player_choice":"Got Potions","damage_taken":0,"max_hp_gain":0,"max_hp_loss":0,"event_name":"Lab","floor":5,"gold_loss":0}],"is_beta":false,"boss_relics":[],"items_purged_floors":[],"is_endless":false,"potions_floor_spawned":[2,11],"killed_by":"3 Sentries","ascension_level":1}