{"path_per_floor":["M","?","?","M","M","R","E","?","T","R","$","M","?","M","R","B",null,"M","$","M","?","$"],"character_chosen":"IRONCLAD","items_purchased":[],"gold_per_floor":[109,109,109,122,140,140,180,130,130,130,55,73,73,96,96,224,224,238,138,152,152,27,27],"floor_reached":23,"campfire_rested":0,"playtime":1195,"current_hp_per_floor":[80,73,53,59,65,65,19,19,19,19,19,25,18,24,24,30,80,83,83,86,86,86,0],"items_purged":["Bash","Strike_R","Strike_R"],"gold":27,"score":264,"play_id":"7bb115a8-07b6-4e03-a810-a43ffb8032d6","local_time":"20180517221446","is_prod":false,"is_daily":false,"chose_seed":false,"is_ascension_mode":false,"campfire_upgraded":3,"timestamp":1526588086,"path_taken":["M","?","?","M","M","R","E","?","T","R","$","?","?","M","R","BOSS","M","$","?","?","$","E"],"build_version":"2018-05-10","seed_source_timestamp":0,"purchased_purges":3,"victory":false,"master_deck":["Strike_R","Strike_R","Defend_R","Defend_R","Defend_R","Defend_R","True Grit","Entrench+1","Body Slam+1","Barricade+1","Feed","Ghostly Armor"],"max_hp_per_floor":[80,80,80,80,80,80,80,80,80,80,80,80,80,80,80,80,80,83,83,86,86,86,86],"relics":["Burning Blood","Thread and Needle","Golden Idol","Paper Frog","Bottled Flame","Bag of Preparation","Black Star"],"card_choices":[{"not_picked":["Pummel","Infernal Blade"],"picked":"True Grit","floor":4.0},{"not_picked":["True Grit","Armaments"],"picked":"Entrench","floor":5.0},{"not_picked":["Searing Blow","Burning Pact"],"picked":"Body Slam","floor":7.0},{"not_picked":["Flex","Shockwave"],"picked":"Barricade","floor":14.0},{"not_picked":["Juggernaut","Immolate"],"picked":"Feed","floor":16.0},{"not_picked":["Thunderclap","Rupture"],"picked":"Ghostly Armor","floor":18.0}],"player_experience":82097,"potions_floor_usage":[23,23,23],"damage_taken":[{"damage":5.0,"enemies":"Small Slimes","floor":1.0,"turns":3.0},{"damage":0.0,"enemies":"2 Louse","floor":4.0,"turns":4.0},{"damage":0.0,"enemies":"Jaw Worm","floor":5.0,"turns":5.0},{"damage":52.0,"enemies":"Lagavulin","floor":7.0,"turns":9.0},{"damage":0.0,"enemies":"Blue Slaver","floor":12.0,"turns":5.0},{"damage":0.0,"enemies":"2 Fungi Beasts","floor":14.0,"turns":4.0},{"damage":0.0,"enemies":"Hexaghost","floor":16.0,"turns":15.0},{"damage":0.0,"enemies":"Chosen","floor":18.0,"turns":13.0},{"damage":0.0,"enemies":"Shell Parasite","floor":20.0,"turns":20.0},{"damage":86,"enemies":"Slavers","floor":23,"turns":8}],"event_choices":[{"event_name":"Golden Wing","player_choice":"Card Removal","floor":2.0,"damage_taken":0.0},{"event_name":"Golden Idol","player_choice":"Take Damage","floor":3.0,"damage_taken":0.0},{"event_name":"The Cleric","player_choice":"Card Removal","floor":8.0,"damage_taken":0.0},{"event_name":"Scrap Ooze","player_choice":"success","floor":13.0,"damage_taken":7.0},{"event_name":"The Library","player_choice":"Heal","floor":21,"damage_taken":0}],"boss_relics":[],"potions_floor_spawned":[1,12,14,18],"seed_played":"2674820806204887601","killed_by":"Slavers","ascension_level":0,"is_trial":false}