{"gold_per_floor":[115,115,115,134,59,78,111,127,127,159,159,169,200,113,113,113],"floor_reached":16,"playtime":817,"items_purged":["Strike_B"],"score":217,"play_id":"067234a1-44d6-4c3e-8f2f-6e54da5fb209","local_time":"20190214135530","is_ascension_mode":true,"campfire_choices":[{"data":"Chill","floor":15,"key":"SMITH"}],"neow_cost":"CURSE","seed_source_timestamp":876628123421596,"circlet_count":0,"master_deck":["AscendersBane","Strike_B","Strike_B","Strike_B","Defend_B","Defend_B","Defend_B","Defend_B","Zap","Dualcast","Chill+1","Ball Lightning","Creative AI","Steam","Steam","Turbo","Finesse"],"relics":["Cracked Core","DataDisk","Darkstone Periapt","Singing Bowl","Question Card","Pantograph","Symbiotic Virus"],"potions_floor_usage":[7,16],"damage_taken":[{"damage":14,"enemies":"Jaw Worm","floor":1,"turns":4},{"damage":0,"enemies":"Cultist","floor":4,"turns":4},{"damage":3,"enemies":"Small Slimes","floor":6,"turns":3},{"damage":13,"enemies":"Gremlin Nob","floor":7,"turns":3},{"damage":0,"enemies":"Exordium Thugs","floor":8,"turns":4},{"damage":9,"enemies":"3 Sentries","floor":10,"turns":7},{"damage":6,"enemies":"2 Fungi Beasts","floor":12,"turns":4},{"damage":8,"enemies":"Lagavulin","floor":13,"turns":6},{"damage":57,"enemies":"Hexaghost","floor":16,"turns":9}],"seed_played":"4047915813623112326","potions_obtained":[{"floor":1,"key":"Poison Potion"},{"floor":10,"key":"Poison Potion"},{"floor":12,"key":"Swift Potion"}],"is_trial":false,"path_per_floor":["M","?","T","M","$","M","E","M","T","E","?","M","E","$","R","B"],"character_chosen":"DEFECT","items_purchased":["Finesse"],"campfire_rested":0,"item_purchase_floors":[14],"current_hp_per_floor":[68,68,68,68,68,65,52,52,52,43,43,37,31,31,31,0],"gold":113,"neow_bonus":"TWENTY_PERCENT_HP_BONUS","is_prod":false,"is_daily":false,"chose_seed":false,"campfire_upgraded":1,"win_rate":0,"timestamp":1550130930,"path_taken":["M","?","?","M","$","?","E","M","T","E","?","?","E","$","R","BOSS"],"build_version":"2019-01-23","purchased_purges":1,"victory":false,"max_hp_per_floor":[89,89,89,89,89,89,89,89,89,89,89,89,91,91,91,91],"card_choices":[{"not_picked":["Stack","Hologram","Barrage"],"picked":"SKIP","floor":1},{"not_picked":["Reinforced Body","Redo"],"picked":"Chill","floor":4},{"not_picked":["Double Energy","Streamline"],"picked":"Ball Lightning","floor":6},{"not_picked":["Turbo","Sweeping Beam"],"picked":"Creative AI","floor":7},{"not_picked":["Gash","Rebound"],"picked":"Steam","floor":8},{"not_picked":["Compile Driver","Aggregate"],"picked":"Steam","floor":10},{"not_picked":["Stack","Creative AI","Lockon"],"picked":"Turbo","floor":12},{"not_picked":["Ball Lightning","Hologram","Stack","Rip and Tear"],"picked":"Singing Bowl","floor":13}],"player_experience":803544,"relics_obtained":[{"floor":3,"key":"DataDisk"},{"floor":7,"key":"Darkstone Periapt"},{"floor":9,"key":"Singing Bowl"},{"floor":10,"key":"Question Card"},{"floor":13,"key":"Symbiotic Virus"}],"event_choices":[{"cards_removed":["Injury"],"damage_healed":0,"gold_gain":0,"player_choice":"Forget","damage_taken":0,"max_hp_gain":0,"max_hp_loss":0,"event_name":"Living Wall","floor":2,"gold_loss":0},{"damage_healed":0,"gold_gain":0,"player_choice":"Gave Potion","damage_taken":0,"relics_obtained":["Pantograph"],"max_hp_gain":0,"max_hp_loss":0,"event_name":"WeMeetAgain","floor":11,"gold_loss":0}],"is_beta":false,"boss_relics":[],"items_purged_floors":[5],"is_endless":false,"potions_floor_spawned":[1,10,12],"killed_by":"Hexaghost","ascension_level":12}