{"gold_per_floor":[114,125,125,200,150,180,199,233,257,273,273,353,363,378,378,378],"floor_reached":16,"playtime":479,"items_purged":[],"score":212,"play_id":"9bec8f12-cd9e-428a-9d12-9dade75d221f","local_time":"20190205175158","is_ascension_mode":true,"campfire_choices":[{"data":"Armaments","floor":11,"key":"SMITH"},{"data":"Entrench","floor":15,"key":"SMITH"}],"neow_cost":"NONE","seed_source_timestamp":318218991039681,"circlet_count":0,"master_deck":["AscendersBane","Strike_R","Strike_R","Strike_R","Strike_R","Defend_R","Defend_R","Defend_R","Defend_R","Bash","Clothesline","Spot Weakness","Whirlwind","Armaments+1","Intimidate","Entrench+1"],"relics":["Burning Blood","NeowsBlessing","Strawberry","Red Skull","Dream Catcher","Bottled Lightning"],"potions_floor_usage":[16,16],"damage_taken":[{"damage":0,"enemies":"Small Slimes","floor":1,"turns":2},{"damage":0,"enemies":"Jaw Worm","floor":2,"turns":1},{"damage":0,"enemies":"Gremlin Nob","floor":6,"turns":1},{"damage":0,"enemies":"2 Louse","floor":7,"turns":2},{"damage":40,"enemies":"Lagavulin","floor":8,"turns":7},{"damage":5,"enemies":"Blue Slaver","floor":10,"turns":5},{"damage":1,"enemies":"2 Fungi Beasts","floor":13,"turns":3},{"damage":17,"enemies":"Exordium Wildlife","floor":14,"turns":4},{"damage":54,"enemies":"Slime Boss","floor":16,"turns":9}],"seed_played":"7838675076286350292","potions_obtained":[{"floor":2,"key":"Fire Potion"},{"floor":6,"key":"Explosive Potion"},{"floor":14,"key":"SkillPotion"}],"is_trial":false,"path_per_floor":["M","M","?","?","?","E","M","E","T","M","R","T","M","M","R","B"],"character_chosen":"IRONCLAD","items_purchased":[],"campfire_rested":0,"item_purchase_floors":[],"current_hp_per_floor":[78,80,85,74,74,87,92,58,58,59,59,59,64,53,53,0],"gold":378,"neow_bonus":"THREE_ENEMY_KILL","is_prod":false,"is_daily":false,"chose_seed":false,"campfire_upgraded":2,"win_rate":0,"timestamp":1549381918,"path_taken":["M","M","?","?","?","E","M","E","T","M","R","?","M","?","R","BOSS"],"build_version":"2019-01-23","purchased_purges":0,"victory":false,"max_hp_per_floor":[80,80,85,85,85,92,92,92,92,92,92,92,92,92,92,92],"card_choices":[{"not_picked":["Havoc","Burning Pact"],"picked":"Clothesline","floor":1},{"not_picked":["Warcry","Hemokinesis"],"picked":"Spot Weakness","floor":2},{"not_picked":["Clothesline","Anger"],"picked":"Whirlwind","floor":6},{"not_picked":["Shrug It Off","Cleave"],"picked":"Armaments","floor":7},{"not_picked":["Feed","Pommel Strike"],"picked":"Intimidate","floor":8},{"not_picked":["Headbutt","Blood for Blood","Rampage"],"picked":"SKIP","floor":10},{"not_picked":["Searing Blow","Perfected Strike","Combust"],"picked":"SKIP","floor":13},{"not_picked":["Perfected Strike","Uppercut"],"picked":"Entrench","floor":14}],"player_experience":170422,"relics_obtained":[{"floor":6,"key":"Strawberry"},{"floor":8,"key":"Red Skull"},{"floor":9,"key":"Dream Catcher"},{"floor":12,"key":"Bottled Lightning"}],"event_choices":[{"damage_healed":0,"gold_gain":0,"player_choice":"Donut","damage_taken":0,"max_hp_gain":5,"max_hp_loss":0,"event_name":"Big Fish","floor":3,"gold_loss":0},{"damage_healed":0,"gold_gain":75,"player_choice":"Gather Gold","damage_taken":11,"max_hp_gain":0,"max_hp_loss":0,"event_name":"World of Goop","floor":4,"gold_loss":0},{"cards_removed":["Strike_R"],"damage_healed":0,"gold_gain":0,"player_choice":"Card Removal","damage_taken":0,"max_hp_gain":0,"max_hp_loss":0,"event_name":"The Cleric","floor":5,"gold_loss":50}],"is_beta":false,"boss_relics":[],"items_purged_floors":[],"is_endless":false,"potions_floor_spawned":[2,6,8,14],"killed_by":"Slime Boss","ascension_level":11}