{"gold_per_floor":[113,113,85,85,97,124,124,149,149,183,200,35,35,63,63,134,134,149,149,149,164,179,207,221,221,221,250,350,362,387,402,402,480,480,496,510,530,546,596,621,632,657,682,710,754,779,791,834,846,858,870],"floor_reached":52,"playtime":1637,"items_purged":[],"score":2649,"play_id":"2271a167-0612-464d-b4c5-1efbf072694b","local_time":"20190212151221","is_ascension_mode":true,"campfire_choices":[{"data":"Perfected Strike","floor":7,"key":"SMITH"},{"floor":13,"key":"REST"},{"data":"Double Tap","floor":15,"key":"SMITH"},{"floor":32,"key":"DIG"},{"floor":47,"key":"DIG"},{"floor":49,"key":"REST"}],"neow_cost":"NONE","seed_source_timestamp":502977810496600,"circlet_count":0,"master_deck":["AscendersBane","Strike_R","Strike_R+1","Strike_R","Strike_R","Strike_R","Defend_R","Defend_R","Defend_R","Defend_R","Bash","Perfected Strike+1","Perfected Strike+1","Carnage","Perfected Strike","Double Tap+1","Immolate+1","Perfected Strike","Perfected Strike+1","Perfected Strike","Bludgeon","Impervious","Perfected Strike+1","Dual Wield+1","Perfected Strike","Perfected Strike+1","Burning Pact+1"],"relics":["Snecko Eye","Blood Vial","Ice Cream","Frozen Egg 2","Matryoshka","Anchor","Meat on the Bone","Black Star","Strawberry","Centennial Puzzle","Omamori","Turnip","Pantograph","Kunai","Pocketwatch","Dodecahedron","Shovel","Calipers","Lantern","Sozu","Bronze Scales","Letter Opener","Gremlin Horn","Champion Belt","Sundial","MawBank","The Courier","Whetstone","Torii","Boot","Pen Nib"],"potions_floor_usage":[27,33,51],"damage_taken":[{"damage":9,"enemies":"Jaw Worm","floor":1,"turns":4},{"damage":0,"enemies":"2 Louse","floor":5,"turns":2},{"damage":30,"enemies":"3 Sentries","floor":6,"turns":6},{"damage":10,"enemies":"Lagavulin","floor":8,"turns":3},{"damage":10,"enemies":"3 Sentries","floor":10,"turns":5},{"damage":7,"enemies":"Small Slimes","floor":11,"turns":2},{"damage":0,"enemies":"Gremlin Nob","floor":14,"turns":2},{"damage":0,"enemies":"Slime Boss","floor":16,"turns":2},{"damage":3,"enemies":"3 Byrds","floor":18,"turns":3},{"damage":0,"enemies":"Spheric Guardian","floor":21,"turns":1},{"damage":12,"enemies":"Cultist and Chosen","floor":22,"turns":3},{"damage":13,"enemies":"Slavers","floor":23,"turns":3},{"damage":0,"enemies":"Sentry and Sphere","floor":24,"turns":2},{"damage":0,"enemies":"Gremlin Leader","floor":27,"turns":2},{"damage":7,"enemies":"Colosseum Slavers","floor":28,"turns":2},{"damage":0,"enemies":"Colosseum Nobs","floor":28,"turns":2},{"damage":0,"enemies":"Centurion and Healer","floor":29,"turns":2},{"damage":0,"enemies":"Book of Stabbing","floor":30,"turns":2},{"damage":0,"enemies":"Snecko","floor":31,"turns":2},{"damage":0,"enemies":"Collector","floor":33,"turns":2},{"damage":0,"enemies":"Orb Walker","floor":35,"turns":2},{"damage":0,"enemies":"3 Shapes","floor":36,"turns":2},{"damage":0,"enemies":"Transient","floor":37,"turns":6},{"damage":0,"enemies":"3 Darklings","floor":38,"turns":2},{"damage":0,"enemies":"Reptomancer","floor":40,"turns":2},{"damage":0,"enemies":"Maw","floor":41,"turns":2},{"damage":3,"enemies":"Giant Head","floor":42,"turns":3},{"damage":0,"enemies":"Jaw Worm Horde","floor":44,"turns":1},{"damage":0,"enemies":"Reptomancer","floor":45,"turns":1},{"damage":0,"enemies":"Spire Growth","floor":46,"turns":2},{"damage":14,"enemies":"Giant Head","floor":48,"turns":4},{"damage":13,"enemies":"Donu and Deca","floor":50,"turns":3},{"damage":81,"enemies":"Awakened One","floor":51,"turns":6}],"seed_played":"5337281996419934607","potions_obtained":[{"floor":8,"key":"FearPotion"},{"floor":11,"key":"Weak Potion"},{"floor":18,"key":"Strength Potion"},{"floor":29,"key":"SpeedPotion"},{"floor":30,"key":"AttackPotion"}],"is_trial":false,"path_per_floor":["M","?","$","?","M","E","R","E","T","E","M","$","R","E","R","B",null,"M","?","?","M","M","E","M","$","T","E","?","M","E","M","R","B",null,"M","M","M","M","?","E","M","E","T","M","E","M","R","E","R","B","B",null],"character_chosen":"IRONCLAD","items_purchased":["Perfected Strike","Anchor"],"campfire_rested":2,"item_purchase_floors":[3,12],"current_hp_per_floor":[59,36,36,61,61,31,31,23,23,15,10,10,32,34,34,48,68,67,67,67,69,59,55,57,57,57,59,56,58,60,62,62,82,82,82,82,82,82,74,76,78,77,77,79,81,82,82,68,82,69,13],"gold":882,"neow_bonus":"BOSS_RELIC","is_prod":false,"is_daily":false,"chose_seed":false,"campfire_upgraded":2,"win_rate":0,"timestamp":1549980741,"path_taken":["M","?","$","?","M","E","R","E","T","E","M","$","R","E","R","BOSS","M","?","?","M","?","E","M","$","T","E","?","M","E","M","R","BOSS","M","M","M","M","?","E","M","E","T","M","E","?","R","E","R","BOSS","BOSS"],"build_version":"2019-01-23","purchased_purges":0,"victory":true,"max_hp_per_floor":[75,75,75,75,75,75,75,75,75,75,75,75,75,75,75,75,75,75,75,75,75,75,82,82,82,82,82,82,82,82,82,82,82,82,82,82,82,82,82,82,82,82,82,82,82,82,82,82,82,82,82],"card_choices":[{"not_picked":["Warcry","Feel No Pain"],"picked":"Perfected Strike","floor":1},{"not_picked":["True Grit","Flex","Rupture"],"picked":"SKIP","floor":5},{"not_picked":["Warcry","Second Wind","Inflame"],"picked":"SKIP","floor":6},{"not_picked":["Entrench","Rupture","Infernal Blade"],"picked":"SKIP","floor":8},{"not_picked":["Sentinel","Heavy Blade"],"picked":"Carnage","floor":10},{"not_picked":["Battle Trance","Headbutt"],"picked":"Perfected Strike","floor":11},{"not_picked":["Intimidate","Headbutt"],"picked":"Double Tap","floor":14},{"not_picked":["Barricade+1","Juggernaut+1"],"picked":"Immolate","floor":16},{"not_picked":["Iron Wave","Thunderclap"],"picked":"Perfected Strike","floor":18},{"not_picked":["Inflame+1","Wild Strike","Havoc"],"picked":"SKIP","floor":21},{"not_picked":["Headbutt","Cleave","Sentinel"],"picked":"SKIP","floor":22},{"not_picked":["Headbutt","Cleave","Sentinel"],"picked":"SKIP","floor":22},{"not_picked":["Sword Boomerang","Rage+1"],"picked":"Perfected Strike","floor":23},{"not_picked":["Hemokinesis","Twin Strike"],"picked":"Bludgeon","floor":24},{"not_picked":["Cleave","Armaments+1","Entrench"],"picked":"SKIP","floor":27},{"not_picked":["Sever Soul","Thunderclap","Anger"],"picked":"SKIP","floor":29},{"not_picked":["Sword Boomerang","Combust+1","Wild Strike"],"picked":"SKIP","floor":30},{"not_picked":["Sentinel","Infernal Blade","Heavy Blade"],"picked":"SKIP","floor":31},{"not_picked":["Exhume","Reaper"],"picked":"Impervious","floor":33},{"not_picked":["Seeing Red","Battle Trance"],"picked":"Perfected Strike+1","floor":35},{"not_picked":["Warcry+1","Twin Strike","Intimidate"],"picked":"SKIP","floor":36},{"not_picked":["Disarm","Berserk+1","True Grit"],"picked":"SKIP","floor":37},{"not_picked":["Wild Strike","Intimidate","Infernal Blade"],"picked":"SKIP","floor":38},{"not_picked":["True Grit","Sever Soul"],"picked":"Dual Wield+1","floor":40},{"not_picked":["Cleave","Ghostly Armor"],"picked":"Perfected Strike","floor":41},{"not_picked":["Metallicize+1","Feel No Pain+1","Cleave"],"picked":"SKIP","floor":42},{"not_picked":["Clash+1","Dropkick"],"picked":"Perfected Strike","floor":44},{"not_picked":["Headbutt","Spot Weakness","Burning Pact+1"],"picked":"SKIP","floor":45},{"not_picked":["Headbutt","Spot Weakness"],"picked":"Burning Pact+1","floor":45},{"not_picked":["Bloodletting+1","Corruption+1","Sever Soul"],"picked":"SKIP","floor":46},{"not_picked":["Pommel Strike","Whirlwind","Metallicize+1"],"picked":"SKIP","floor":48}],"player_experience":376281,"relics_obtained":[{"floor":6,"key":"Blood Vial"},{"floor":8,"key":"Ice Cream"},{"floor":9,"key":"Frozen Egg 2"},{"floor":10,"key":"Matryoshka"},{"floor":14,"key":"Meat on the Bone"},{"floor":23,"key":"Strawberry"},{"floor":23,"key":"Centennial Puzzle"},{"floor":26,"key":"Omamori"},{"floor":26,"key":"Turnip"},{"floor":27,"key":"Pantograph"},{"floor":27,"key":"Kunai"},{"floor":28,"key":"Pocketwatch"},{"floor":28,"key":"Dodecahedron"},{"floor":30,"key":"Shovel"},{"floor":30,"key":"Calipers"},{"floor":32,"key":"Lantern"},{"floor":40,"key":"Bronze Scales"},{"floor":40,"key":"Letter Opener"},{"floor":42,"key":"Gremlin Horn"},{"floor":42,"key":"Champion Belt"},{"floor":43,"key":"Sundial"},{"floor":43,"key":"MawBank"},{"floor":45,"key":"The Courier"},{"floor":45,"key":"Whetstone"},{"floor":47,"key":"Torii"},{"floor":48,"key":"Boot"},{"floor":48,"key":"Pen Nib"}],"event_choices":[{"damage_healed":0,"gold_gain":0,"player_choice":"Entered Light","damage_taken":23,"max_hp_gain":0,"max_hp_loss":0,"event_name":"Shining Light","floor":2,"gold_loss":0,"cards_upgraded":["Perfected Strike","Strike_R"]},{"damage_healed":25,"gold_gain":0,"player_choice":"Banana","damage_taken":0,"max_hp_gain":0,"max_hp_loss":0,"event_name":"Big Fish","floor":4,"gold_loss":0},{"damage_healed":0,"gold_gain":0,"player_choice":"Ignored","damage_taken":0,"max_hp_gain":0,"max_hp_loss":0,"event_name":"Beggar","floor":19,"gold_loss":0},{"damage_healed":0,"gold_gain":0,"player_choice":"Copied","damage_taken":0,"max_hp_gain":0,"max_hp_loss":0,"event_name":"Duplicator","floor":20,"gold_loss":0,"cards_obtained":["Perfected Strike"]},{"damage_healed":0,"gold_gain":0,"player_choice":"Fight","damage_taken":0,"max_hp_gain":0,"max_hp_loss":0,"event_name":"Colosseum","floor":28,"gold_loss":0},{"damage_healed":0,"gold_gain":0,"player_choice":"Fought Nobs","damage_taken":0,"max_hp_gain":0,"max_hp_loss":0,"event_name":"Colosseum","floor":28,"gold_loss":0},{"damage_healed":0,"gold_gain":50,"player_choice":"Touch","damage_taken":8,"max_hp_gain":0,"max_hp_loss":0,"event_name":"FaceTrader","floor":39,"gold_loss":0}],"is_beta":false,"boss_relics":[{"not_picked":["Lizard Tail","Tiny House"],"picked":"Black Star"},{"not_picked":["Pandora\u0027s Box","White Beast Statue"],"picked":"Sozu"}],"items_purged_floors":[],"is_endless":false,"potions_floor_spawned":[8,11,16,18,21,24,29,30,31,36,37,38,44,46],"ascension_level":20}