{"gold_per_floor":[117,134,146,163,174,174,206,206,206,237,251,221,22,56,56,56],"floor_reached":16,"playtime":936,"items_purged":["Strike_G"],"score":267,"play_id":"5e267f58-5239-44ac-b718-4de874fd00f4","local_time":"20190217022747","is_ascension_mode":true,"campfire_choices":[{"data":"Neutralize","floor":6,"key":"SMITH"},{"floor":15,"key":"REST"}],"neow_cost":"NONE","seed_source_timestamp":0,"circlet_count":0,"master_deck":["AscendersBane","Defend_G","Defend_G","Defend_G","Defend_G","Defend_G","Strike_G","Strike_G","Strike_G","Strike_G","Survivor","Neutralize+1","Footwork","Corpse Explosion","Cloak And Dagger","Deadly Poison+1","Sucker Punch","Deflect+1","Backstab","Doppelganger+1","Dodge and Roll+1"],"special_seed":0,"relics":["Ring of the Snake","Bronze Scales","Toxic Egg 2","Smiling Mask","Tingsha"],"potions_floor_usage":[5,7,10,11,16],"damage_taken":[{"damage":2,"enemies":"Cultist","floor":1,"turns":5},{"damage":1,"enemies":"Jaw Worm","floor":2,"turns":8},{"damage":0,"enemies":"2 Louse","floor":3,"turns":4},{"damage":4,"enemies":"Red Slaver","floor":4,"turns":7},{"damage":12,"enemies":"Exordium Thugs","floor":5,"turns":3},{"damage":22,"enemies":"3 Sentries","floor":7,"turns":4},{"damage":11,"enemies":"Gremlin Nob","floor":10,"turns":4},{"damage":0,"enemies":"Gremlin Gang","floor":11,"turns":2},{"damage":14,"enemies":"Lagavulin","floor":14,"turns":6},{"damage":28,"enemies":"Slime Boss","floor":16,"turns":12}],"seed_played":"-9071908577568583420","potions_obtained":[{"floor":1,"key":"SteroidPotion"},{"floor":3,"key":"Poison Potion"},{"floor":5,"key":"SteroidPotion"},{"floor":10,"key":"SpeedPotion"},{"floor":12,"key":"GamblersBrew"},{"floor":12,"key":"SteroidPotion"}],"is_trial":false,"path_per_floor":["M","M","M","M","M","R","E","?","T","E","M","?","$","E","R","B"],"character_chosen":"THE_SILENT","items_purchased":["Doppelganger+1"],"campfire_rested":1,"item_purchase_floors":[13],"current_hp_per_floor":[68,67,67,63,51,51,29,29,29,18,18,18,18,4,27,0],"gold":56,"neow_bonus":"TEN_PERCENT_HP_BONUS","is_prod":false,"is_daily":false,"chose_seed":false,"campfire_upgraded":1,"win_rate":0,"timestamp":1550366867,"path_taken":["M","?","M","M","M","R","E","?","T","E","M","?","$","E","R","BOSS"],"build_version":"2019-01-23","purchased_purges":1,"victory":false,"max_hp_per_floor":[77,77,77,77,77,77,77,77,77,77,77,77,77,77,77,77],"card_choices":[{"not_picked":["Flying Knee","Sucker Punch"],"picked":"Footwork","floor":1},{"not_picked":["Backflip","Poisoned Stab"],"picked":"Corpse Explosion","floor":2},{"not_picked":["Catalyst","Dodge and Roll"],"picked":"Cloak And Dagger","floor":3},{"not_picked":["Outmaneuver","Footwork"],"picked":"Deadly Poison","floor":4},{"not_picked":["Backflip","Deflect"],"picked":"Sucker Punch","floor":5},{"not_picked":["Reflex","Flechettes","Terror"],"picked":"SKIP","floor":7},{"not_picked":["Infinite Blades","Footwork"],"picked":"Deflect+1","floor":10},{"not_picked":["Flying Knee","All Out Attack"],"picked":"Backstab","floor":11},{"not_picked":["Dagger Spray","Distraction+1"],"picked":"Dodge and Roll+1","floor":14}],"player_experience":450212,"relics_obtained":[{"floor":7,"key":"Bronze Scales"},{"floor":9,"key":"Toxic Egg 2"},{"floor":10,"key":"Smiling Mask"},{"floor":14,"key":"Tingsha"}],"event_choices":[{"damage_healed":0,"gold_gain":0,"player_choice":"Grow","damage_taken":0,"max_hp_gain":0,"max_hp_loss":0,"event_name":"Living Wall","floor":8,"gold_loss":0,"cards_upgraded":["Deadly Poison"]},{"damage_healed":0,"gold_gain":0,"player_choice":"Bought 2 Potions","damage_taken":0,"max_hp_gain":0,"max_hp_loss":0,"event_name":"The Woman in Blue","floor":12,"gold_loss":0}],"is_beta":false,"boss_relics":[],"items_purged_floors":[13],"is_endless":false,"potions_floor_spawned":[1,3,4,5,10],"killed_by":"Slime Boss","ascension_level":11}