{"gold_per_floor":[110,127,143,143,23,153,153,168,240,240,271,271,284,299,299,401,501,519,509,525,536,536,563,563,563,563,597,597,613],"floor_reached":29,"playtime":2316,"items_purged":["Strike_R"],"score":275,"play_id":"bc3a2a4d-c4c8-432e-b963-af1a8ef85b69","local_time":"20190117005648","is_ascension_mode":false,"campfire_choices":[{"data":"True Grit","floor":7,"key":"SMITH"},{"data":"Havoc","floor":15,"key":"SMITH"},{"floor":25,"key":"REST"},{"data":"ReplayTheSpireMod:Echoes of Time","floor":28,"key":"SMITH"}],"neow_cost":"NONE","seed_source_timestamp":554872778864725,"circlet_count":0,"master_deck":["Strike_R+1","Strike_R+1","Strike_R","Defend_R","Defend_R","Defend_R","Bash","Body Slam+1","ReplayReversal","True Grit+1","Ghostly Armor","Armaments","True Grit","Iron Wave","Havoc+1","Warcry","Demon Form","Clothesline+1","Havoc","Body Slam","Replay:Undeath\u0027s Touch","ReplayTheSpireMod:Splinters","ReplayTheSpireMod:Echoes of Time+1","Havoc+1","Whirlwind"],"relics":["Burning Blood","Centennial Puzzle","Replay:Accelerometer","Ancient Tea Set","Durian","Replay:Wanted Poster","Smiling Mask","Lantern","Simple Rune","infinitespire:Midas Blood"],"potions_floor_usage":[6,16,16,23,27,29],"damage_taken":[{"damage":5,"enemies":"Cultist","floor":1,"turns":4},{"damage":5,"enemies":"Small Slimes","floor":2,"turns":4},{"damage":8,"enemies":"Jaw Worm","floor":3,"turns":5},{"damage":40,"enemies":"Gremlin Nob","floor":6,"turns":6},{"damage":0,"enemies":"Exordium Wildlife","floor":8,"turns":4},{"damage":11,"enemies":"Lagavulin","floor":11,"turns":10},{"damage":0,"enemies":"3 Louse","floor":13,"turns":4},{"damage":0,"enemies":"Large Slime","floor":14,"turns":9},{"damage":48,"enemies":"Slime Boss","floor":16,"turns":21},{"damage":6,"enemies":"Chosen","floor":18,"turns":6},{"damage":3,"enemies":"2 Thieves","floor":19,"turns":4},{"damage":14,"enemies":"Centurion and Healer","floor":20,"turns":8},{"damage":17,"enemies":"Sentry and Sphere","floor":21,"turns":8},{"damage":44,"enemies":"Nightmare","floor":23,"turns":10},{"damage":9,"enemies":"Book of Stabbing","floor":27,"turns":6},{"damage":4,"enemies":"Colosseum Slavers","floor":29,"turns":5},{"damage":45,"enemies":"Colosseum Nobs","floor":29,"turns":4}],"seed_played":"-3301929173758162644","potions_obtained":[{"floor":3,"key":"LifebloodPotion"},{"floor":6,"key":"FearPotion"},{"floor":8,"key":"Block Potion"},{"floor":11,"key":"AttackPotion"},{"floor":13,"key":"LifebloodPotion"},{"floor":16,"key":"Energy Potion"},{"floor":20,"key":"Swift Potion"}],"is_trial":false,"path_per_floor":["M","M","M","?","$","E","R","M","T","?","E","?","M","M","R","B",null,"M","M","M","M","?","NM","?","R","T","E","R","?"],"character_chosen":"IRONCLAD","items_purchased":["True Grit"],"campfire_rested":1,"item_purchase_floors":[5],"current_hp_per_floor":[80,80,78,78,78,44,44,50,50,47,47,47,53,59,59,17,85,85,85,77,66,66,28,12,39,39,36,36,0],"gold":613,"neow_bonus":"REMOVE_CARD","is_prod":false,"is_daily":false,"chose_seed":false,"campfire_upgraded":3,"win_rate":0,"timestamp":1547679408,"path_taken":["M","M","M","?","?","E","R","M","T","?","E","?","M","M","R","BOSS","M","M","M","?","?","NM","?","R","T","E","R","?"],"build_version":"2019-01-10","purchased_purges":1,"victory":false,"max_hp_per_floor":[80,80,80,80,80,80,80,80,80,80,85,85,85,85,85,85,85,85,85,85,85,85,85,90,90,90,90,90,90],"card_choices":[{"not_picked":["Carnage","Wild Strike","Cleave"],"picked":"SKIP","floor":1},{"not_picked":["Headbutt","Sentinel"],"picked":"Body Slam","floor":2},{"not_picked":["Thunderclap","ReplayTheSpireMod:Stacked"],"picked":"ReplayReversal","floor":3},{"not_picked":["Havoc","Eclipse"],"picked":"Ghostly Armor","floor":6},{"not_picked":["Shrug It Off","True Grit"],"picked":"Armaments","floor":8},{"not_picked":["Perfected Strike","Corruption"],"picked":"True Grit","floor":11},{"not_picked":["Armaments","Bloodletting"],"picked":"Havoc","floor":13},{"not_picked":["Heavy Blade","Headbutt"],"picked":"Warcry","floor":14},{"not_picked":["Feed","Brutality"],"picked":"Demon Form","floor":16},{"not_picked":["Sword Boomerang","True Grit"],"picked":"Clothesline+1","floor":18},{"not_picked":["Sword Boomerang","Heavy Blade"],"picked":"Havoc","floor":19},{"not_picked":["Entrench","Perfected Strike"],"picked":"Body Slam","floor":20},{"not_picked":["Armaments","Run Through"],"picked":"Replay:Undeath\u0027s Touch","floor":21},{"not_picked":["infinitespire:FutureSight","infinitespire:Punishment"],"picked":"ReplayTheSpireMod:Echoes of Time","floor":23},{"not_picked":["Armaments","Dual Wield"],"picked":"Havoc+1","floor":23},{"not_picked":["Perfected Strike+1","Berserk"],"picked":"Whirlwind","floor":27}],"player_experience":113356,"relics_obtained":[{"floor":6,"key":"Centennial Puzzle"},{"floor":9,"key":"Replay:Accelerometer"},{"floor":11,"key":"Durian"},{"floor":23,"key":"Lantern"},{"floor":26,"key":"Simple Rune"},{"floor":27,"key":"infinitespire:Midas Blood"}],"event_choices":[{"damage_healed":0,"gold_gain":0,"player_choice":"Forge","damage_taken":0,"max_hp_gain":0,"max_hp_loss":0,"event_name":"Accursed Blacksmith","floor":4,"gold_loss":0,"cards_upgraded":["Body Slam"]},{"damage_healed":0,"gold_gain":0,"player_choice":"Success","damage_taken":3,"relics_obtained":["Ancient Tea Set"],"max_hp_gain":0,"max_hp_loss":0,"event_name":"Scrap Ooze","floor":10,"gold_loss":0},{"cards_removed":["Defend_R"],"damage_healed":0,"gold_gain":0,"player_choice":"Took Card","damage_taken":0,"max_hp_gain":0,"max_hp_loss":0,"event_name":"NoteForYourself","floor":12,"gold_loss":0,"cards_obtained":["Iron Wave"]},{"damage_healed":0,"gold_gain":0,"player_choice":"Shed Blood","damage_taken":21,"max_hp_gain":5,"max_hp_loss":0,"event_name":"Forgotten Altar","floor":24,"gold_loss":0},{"damage_healed":0,"gold_gain":0,"player_choice":"Fight","damage_taken":0,"max_hp_gain":0,"max_hp_loss":0,"event_name":"Colosseum","floor":29,"gold_loss":0},{"damage_healed":0,"gold_gain":0,"player_choice":"Fought Nobs","damage_taken":0,"max_hp_gain":0,"max_hp_loss":0,"event_name":"Colosseum","floor":29,"gold_loss":0}],"is_beta":false,"boss_relics":[{"not_picked":["Coffee Dripper","Runic Cube"],"picked":"Replay:Wanted Poster"}],"items_purged_floors":[5],"is_endless":true,"potions_floor_spawned":[3,6,8,11,13,16,20,21],"killed_by":"Colosseum Nobs","ascension_level":0}