{"gold_per_floor":[118,118,118,142,67,106,106,121,121,142,167,183,258,274,274,398,398,413,413,429,111,135,135,135,174,223,114,114,114,127,152,152,277,277,290,290,68,68,44,44,57,57,57,73,73,97,97,120,120,120],"floor_reached":50,"playtime":2556,"items_purged":["Pain"],"score":568,"play_id":"ac1728ed-6fd0-4fc7-9eac-89e3626960e6","local_time":"20190130215625","is_ascension_mode":true,"campfire_choices":[{"floor":7,"key":"REST"},{"floor":15,"key":"REST"},{"floor":23,"key":"REST"},{"floor":29,"key":"REST"},{"floor":32,"key":"REST"},{"data":"Apotheosis","floor":40,"key":"SMITH"},{"data":"Discovery","floor":42,"key":"SMITH"},{"floor":49,"key":"REST"}],"neow_cost":"NONE","seed_source_timestamp":1088403502900479,"circlet_count":0,"master_deck":["Defend_G","Strike_G","Strike_G","Strike_G","Strike_G","Strike_G","Survivor","Neutralize","Accuracy+1","After Image+1","Corpse Explosion+1","Bouncing Flask","Blade Dance","Distraction","Infinite Blades","Blade Dance+1","Deadly Poison","Poisoned Stab","Infinite Blades","Bullet Time","Dagger Throw+1","PiercingWail","Noxious Fumes","Secret Weapon","Bandage Up","Deadly Poison+1","Backstab","Masterful Stab+1","Blade Dance","Cloak And Dagger+1","Dash","After Image","Dodge and Roll+1","Blind","Discovery+1","Apotheosis+1","Deadly Poison","Sucker Punch+1","Dagger Throw+1","PiercingWail","Outmaneuver+1"],"relics":["Astrolabe","Golden Idol","WarpedTongs","Pantograph","Meat on the Bone","Lizard Tail","Boot","Ancient Tea Set","Oddly Smooth Stone","White Beast Statue","MealTicket","War Paint"],"potions_floor_usage":[16,44,45,45,45,50,50],"damage_taken":[{"damage":9,"enemies":"Cultist","floor":1,"turns":4},{"damage":13,"enemies":"Jaw Worm","floor":4,"turns":3},{"damage":19,"enemies":"3 Sentries","floor":6,"turns":4},{"damage":8,"enemies":"2 Louse","floor":8,"turns":2},{"damage":35,"enemies":"Exordium Wildlife","floor":10,"turns":4},{"damage":4,"enemies":"Gremlin Gang","floor":11,"turns":3},{"damage":12,"enemies":"2 Fungi Beasts","floor":12,"turns":3},{"damage":14,"enemies":"Exordium Thugs","floor":14,"turns":4},{"damage":30,"enemies":"Slime Boss","floor":16,"turns":8},{"damage":10,"enemies":"3 Byrds","floor":18,"turns":3},{"damage":20,"enemies":"Chosen","floor":20,"turns":5},{"damage":27,"enemies":"Snecko","floor":22,"turns":5},{"damage":50,"enemies":"Book of Stabbing","floor":25,"turns":6},{"damage":10,"enemies":"Cultist and Chosen","floor":30,"turns":5},{"damage":24,"enemies":"Sentry and Sphere","floor":31,"turns":5},{"damage":68,"enemies":"Champ","floor":33,"turns":11},{"damage":18,"enemies":"Orb Walker","floor":35,"turns":4},{"damage":8,"enemies":"3 Darklings","floor":41,"turns":3},{"damage":0,"enemies":"Jaw Worm Horde","floor":44,"turns":1},{"damage":12,"enemies":"Reptomancer","floor":45,"turns":2},{"damage":0,"enemies":"Maw","floor":46,"turns":7},{"damage":57,"enemies":"4 Shapes","floor":48,"turns":4},{"damage":99,"enemies":"Donu and Deca","floor":50,"turns":6}],"seed_played":"8636155601298021147","potions_obtained":[{"floor":4,"key":"SteroidPotion"},{"floor":11,"key":"Weak Potion"},{"floor":16,"key":"Ancient Potion"},{"floor":25,"key":"LiquidBronze"},{"floor":31,"key":"Dexterity Potion"},{"floor":33,"key":"SmokeBomb"},{"floor":35,"key":"Explosive Potion"},{"floor":41,"key":"SneckoOil"},{"floor":44,"key":"Swift Potion"},{"floor":46,"key":"Poison Potion"},{"floor":48,"key":"Energy Potion"}],"is_trial":false,"path_per_floor":["M","?","?","M","$","E","R","M","T","M","M","M","?","M","R","B",null,"M","?","M","$","M","R","?","E","T","$","?","R","M","M","R","B",null,"M","?","$","?","$","R","M","R","T","M","E","M","?","M","R","B"],"character_chosen":"THE_SILENT","items_purchased":["Noxious Fumes","Secret Weapon","Bandage Up","Blade Dance","Bandage Up","Deadly Poison","MealTicket","Flying Knee"],"campfire_rested":6,"item_purchase_floors":[21,21,21,27,27,37,37,39],"current_hp_per_floor":[61,61,61,48,48,29,50,42,42,19,27,27,16,14,35,42,70,60,60,40,40,29,50,50,16,16,16,16,37,47,41,62,22,70,56,46,46,70,70,70,66,66,66,66,54,58,58,13,34,0],"gold":120,"neow_bonus":"BOSS_RELIC","is_prod":false,"is_daily":false,"chose_seed":false,"campfire_upgraded":2,"win_rate":0,"timestamp":1548856585,"path_taken":["M","?","?","M","$","E","R","M","T","?","M","M","?","M","R","BOSS","M","?","M","$","?","R","?","E","T","?","?","R","?","M","R","BOSS","M","?","$","?","$","R","M","R","T","?","E","M","?","M","R","BOSS"],"build_version":"2019-01-23","purchased_purges":1,"victory":false,"max_hp_per_floor":[70,70,70,70,70,70,70,70,70,70,70,70,70,70,70,70,70,70,70,70,70,70,70,70,70,70,70,70,70,70,70,70,70,70,70,70,70,70,70,70,70,70,70,70,70,70,70,70,70,70],"card_choices":[{"not_picked":["Flying Knee","Dagger Spray"],"picked":"Bouncing Flask","floor":1},{"not_picked":["Acrobatics","Deadly Poison"],"picked":"Blade Dance","floor":4},{"not_picked":["Deadly Poison","Riddle With Holes"],"picked":"Distraction","floor":6},{"not_picked":["Flechettes","All Out Attack"],"picked":"Infinite Blades","floor":8},{"not_picked":["Sucker Punch","Cloak And Dagger"],"picked":"Blade Dance","floor":10},{"not_picked":["Acrobatics","Backflip"],"picked":"Deadly Poison","floor":11},{"not_picked":["Dash","Blade Dance"],"picked":"Poisoned Stab","floor":12},{"not_picked":["Flechettes","Flying Knee"],"picked":"Infinite Blades","floor":14},{"not_picked":["Corpse Explosion","After Image"],"picked":"Bullet Time","floor":16},{"not_picked":["Slice","Dodge and Roll"],"picked":"Dagger Throw+1","floor":18},{"not_picked":["Bane+1","Setup"],"picked":"PiercingWail","floor":20},{"not_picked":["Footwork","Outmaneuver"],"picked":"Deadly Poison","floor":22},{"not_picked":["Finisher","Prepared"],"picked":"Masterful Stab+1","floor":25},{"not_picked":["Backstab","Well Laid Plans"],"picked":"Cloak And Dagger+1","floor":30},{"not_picked":["Finisher","Dagger Throw"],"picked":"Dash","floor":31},{"not_picked":["Wraith Form v2","Doppelganger"],"picked":"After Image","floor":33},{"not_picked":["Prepared","Heel Hook"],"picked":"Dodge and Roll+1","floor":35},{"not_picked":["HandOfGreed","Enlightenment"],"picked":"Blind","floor":36},{"not_picked":["Panacea","Purity"],"picked":"Discovery","floor":36},{"not_picked":["Flash of Steel","Secret Weapon"],"picked":"Apotheosis","floor":36},{"not_picked":["Poisoned Stab","Underhanded Strike"],"picked":"Sucker Punch+1","floor":41},{"not_picked":["Poisoned Stab+1","Dodge and Roll+1"],"picked":"Dagger Throw+1","floor":44},{"not_picked":["Masterful Stab+1","Poisoned Stab"],"picked":"PiercingWail","floor":46},{"not_picked":["Caltrops","Leg Sweep"],"picked":"Outmaneuver+1","floor":48}],"player_experience":76891,"relics_obtained":[{"floor":6,"key":"Pantograph"},{"floor":9,"key":"Meat on the Bone"},{"floor":25,"key":"Ancient Tea Set"},{"floor":26,"key":"Oddly Smooth Stone"},{"floor":43,"key":"War Paint"}],"event_choices":[{"damage_healed":0,"gold_gain":0,"player_choice":"Take Wound","damage_taken":0,"relics_obtained":["Golden Idol"],"max_hp_gain":0,"max_hp_loss":0,"event_name":"Golden Idol","floor":2,"gold_loss":0,"cards_obtained":["Injury"]},{"damage_healed":0,"gold_gain":0,"player_choice":"Rummage","damage_taken":0,"relics_obtained":["WarpedTongs"],"max_hp_gain":0,"max_hp_loss":0,"event_name":"Accursed Blacksmith","floor":3,"gold_loss":0,"cards_obtained":["Pain"]},{"damage_healed":0,"gold_gain":75,"player_choice":"Gather Gold","damage_taken":11,"max_hp_gain":0,"max_hp_loss":0,"event_name":"World of Goop","floor":13,"gold_loss":0},{"damage_healed":0,"gold_gain":0,"player_choice":"Gave Potion","damage_taken":0,"relics_obtained":["Boot"],"max_hp_gain":0,"max_hp_loss":0,"event_name":"WeMeetAgain","floor":19,"gold_loss":0},{"damage_healed":0,"gold_gain":0,"cards_transformed":["Defend_G"],"player_choice":"Transformed","damage_taken":0,"max_hp_gain":0,"max_hp_loss":0,"event_name":"Transmorgrifier","floor":24,"gold_loss":0,"cards_obtained":["Backstab"]},{"cards_removed":["Injury"],"damage_healed":0,"gold_gain":0,"player_choice":"Removed Curses","damage_taken":0,"max_hp_gain":0,"max_hp_loss":0,"event_name":"Fountain of Cleansing","floor":28,"gold_loss":0},{"damage_healed":0,"gold_gain":0,"player_choice":"Memory 3","damage_taken":10,"max_hp_gain":0,"max_hp_loss":0,"event_name":"SensoryStone","floor":36,"gold_loss":0},{"cards_removed":["Bandage Up"],"damage_healed":24,"gold_gain":0,"player_choice":"Offered Uncommon","damage_taken":0,"max_hp_gain":0,"max_hp_loss":0,"event_name":"Bonfire Elementals","floor":38,"gold_loss":0},{"cards_removed":["Flying Knee"],"damage_healed":0,"gold_gain":0,"player_choice":"Removed Attack","damage_taken":0,"max_hp_gain":0,"max_hp_loss":0,"event_name":"Falling","floor":47,"gold_loss":0}],"is_beta":false,"boss_relics":[{"not_picked":["Fusion Hammer","Velvet Choker"],"picked":"Lizard Tail"},{"not_picked":["Tiny House","Sozu"],"picked":"White Beast Statue"}],"items_purged_floors":[5],"is_endless":false,"potions_floor_spawned":[4,11,16,25,31,33,35,41,44,45,46,48],"killed_by":"Donu and Deca","ascension_level":2}