{"gold_per_floor":[110,21,21,40,56,56,87,87,87,87],"floor_reached":10,"playtime":195,"items_purged":[],"score":122,"play_id":"5da3b2ed-ae97-4566-b1c0-f8e334a274e0","local_time":"20190202160755","is_ascension_mode":true,"campfire_choices":[{"data":"Feel No Pain","floor":6,"key":"SMITH"}],"neow_cost":"NONE","seed_source_timestamp":426746081158400,"circlet_count":0,"master_deck":["AscendersBane","Strike_R","Strike_R","Strike_R","Strike_R","Strike_R","Defend_R","Defend_R","Defend_R","Defend_R","Bash","Feel No Pain","Evolve+1","Battle Trance","Feel No Pain+1","Pummel"],"relics":["Burning Blood","NeowsBlessing","Bottled Tornado","FaceOfCleric","Smiling Mask"],"potions_floor_usage":[],"damage_taken":[{"damage":0,"enemies":"Jaw Worm","floor":1,"turns":1},{"damage":0,"enemies":"Cultist","floor":4,"turns":1},{"damage":0,"enemies":"Small Slimes","floor":5,"turns":1},{"damage":56,"enemies":"Lagavulin","floor":7,"turns":8},{"damage":6,"enemies":"2 Fungi Beasts","floor":10,"turns":4}],"seed_played":"-7958905627504706104","potions_obtained":[{"floor":4,"key":"SpeedPotion"},{"floor":7,"key":"Ancient Potion"}],"is_trial":false,"path_per_floor":["M","$","?","M","M","R","E","?","T","M"],"character_chosen":"IRONCLAD","items_purchased":["Evolve"],"campfire_rested":0,"item_purchase_floors":[2],"current_hp_per_floor":[74,74,74,75,75,75,25,25,25,19],"gold":87,"neow_bonus":"THREE_ENEMY_KILL","is_prod":false,"is_daily":false,"chose_seed":false,"campfire_upgraded":1,"win_rate":0,"timestamp":1549120075,"path_taken":["M","$","?","?","M","R","E","?","T","M"],"build_version":"2019-01-23","purchased_purges":0,"victory":false,"max_hp_per_floor":[75,75,75,75,75,75,75,75,75,75],"card_choices":[{"not_picked":["Warcry","Power Through"],"picked":"Feel No Pain","floor":1},{"not_picked":["Thunderclap","Blood for Blood"],"picked":"Battle Trance","floor":4},{"not_picked":["Flame Barrier","Intimidate"],"picked":"Feel No Pain","floor":5},{"not_picked":["Battle Trance","Warcry"],"picked":"Pummel","floor":7}],"player_experience":308182,"relics_obtained":[{"floor":7,"key":"Bottled Tornado"},{"floor":9,"key":"Smiling Mask"}],"event_choices":[{"damage_healed":0,"gold_gain":0,"player_choice":"Forge","damage_taken":0,"max_hp_gain":0,"max_hp_loss":0,"event_name":"Accursed Blacksmith","floor":3,"gold_loss":0,"cards_upgraded":["Evolve"]},{"damage_healed":0,"gold_gain":0,"player_choice":"Trade","damage_taken":0,"relics_obtained":["FaceOfCleric"],"max_hp_gain":0,"max_hp_loss":0,"event_name":"FaceTrader","floor":8,"gold_loss":0}],"is_beta":false,"boss_relics":[],"items_purged_floors":[],"is_endless":false,"potions_floor_spawned":[4,7],"killed_by":"2 Fungi Beasts","ascension_level":17}