{"gold_per_floor":[15,32,307,318,338,369,369],"floor_reached":7,"playtime":267,"items_purged":[],"score":106,"play_id":"8c558069-50d1-4d63-b3e1-cea4d51887c8","local_time":"20190219053210","is_ascension_mode":true,"campfire_choices":[],"neow_cost":"NO_GOLD","seed_source_timestamp":494245306012000,"circlet_count":0,"master_deck":["AscendersBane","Defend_G","Defend_G","Defend_G","Defend_G","Defend_G","Strike_G","Strike_G","Strike_G","Strike_G","Strike_G","Survivor","Neutralize","Predator","Deadly Poison","Regret","PiercingWail","Calculated Gamble","Cloak And Dagger+1"],"relics":["Ring of the Snake","The Specimen","Toxic Egg 2"],"potions_floor_usage":[5,6,6],"damage_taken":[{"damage":7,"enemies":"Small Slimes","floor":1,"turns":6},{"damage":7,"enemies":"Cultist","floor":2,"turns":4},{"damage":10,"enemies":"Jaw Worm","floor":4,"turns":3},{"damage":8,"enemies":"Looter","floor":5,"turns":3},{"damage":35,"enemies":"Gremlin Nob","floor":6,"turns":6},{"damage":7,"enemies":"Exordium Wildlife","floor":7,"turns":1}],"seed_played":"1992815572102964293","potions_obtained":[{"floor":1,"key":"Block Potion"},{"floor":4,"key":"Regen Potion"},{"floor":5,"key":"Ancient Potion"}],"is_trial":false,"path_per_floor":["M","M","?","M","M","E","M"],"character_chosen":"THE_SILENT","items_purchased":[],"campfire_rested":0,"item_purchase_floors":[],"current_hp_per_floor":[52,45,45,35,39,4,0],"gold":369,"neow_bonus":"ONE_RARE_RELIC","is_prod":false,"is_daily":false,"chose_seed":false,"campfire_upgraded":0,"win_rate":0,"timestamp":1550550730,"path_taken":["M","M","?","?","M","E","M"],"build_version":"2019-01-23","purchased_purges":0,"victory":false,"max_hp_per_floor":[66,66,66,66,66,66,66],"card_choices":[{"not_picked":["Footwork","Underhanded Strike"],"picked":"Predator","floor":1},{"not_picked":["Cloak And Dagger","Backflip"],"picked":"Deadly Poison","floor":2},{"not_picked":["Quick Slash","Dodge and Roll"],"picked":"PiercingWail","floor":4},{"not_picked":["Blade Dance","Tactician"],"picked":"Calculated Gamble","floor":5},{"not_picked":["Acrobatics","Deadly Poison"],"picked":"Cloak And Dagger","floor":6}],"player_experience":508217,"relics_obtained":[{"floor":6,"key":"Toxic Egg 2"}],"event_choices":[{"damage_healed":0,"gold_gain":275,"player_choice":"Desecrate","damage_taken":0,"max_hp_gain":0,"max_hp_loss":0,"event_name":"Golden Shrine","floor":3,"gold_loss":0,"cards_obtained":["Regret"]}],"is_beta":false,"boss_relics":[],"items_purged_floors":[],"is_endless":false,"potions_floor_spawned":[1,4,5],"killed_by":"Exordium Wildlife","ascension_level":20}