{"gold_per_floor":[15,15,31,50,50,85,102,102,102,160,160,171,186,220,220,296,296,311,322,322,180,31,60,60,92,92,92,122,122,122,122,122,122],"floor_reached":33,"playtime":1195,"items_purged":["Defend_R","Defend_R"],"score":571,"play_id":"d0c1ea00-3014-416b-a593-65c3ea12011f","local_time":"20190129084036","is_ascension_mode":true,"campfire_choices":[{"data":"Perfected Strike","floor":8,"key":"SMITH"},{"data":"Perfected Strike","floor":11,"key":"SMITH"},{"floor":15,"key":"REST"},{"data":"Offering","floor":24,"key":"SMITH"},{"floor":30,"key":"REST"},{"floor":32,"key":"REST"}],"neow_cost":"NO_GOLD","seed_source_timestamp":53302530921800,"circlet_count":0,"master_deck":["AscendersBane","Strike_R","Strike_R","Strike_R","Defend_R","Defend_R","Bash","Perfected Strike+1","Perfected Strike+1","Pommel Strike","Pommel Strike","Offering+1","Offering","Perfected Strike+1","Wild Strike","Enlightenment","Battle Trance","Twin Strike+1","Twin Strike"],"relics":["Burning Blood","Mercury Hourglass","Pear","Gremlin Horn","Darkstone Periapt","Runic Pyramid","Potion Belt","Letter Opener","Dream Catcher","GremlinMask","Juzu Bracelet"],"potions_floor_usage":[6,14,14,16,19,23,25],"damage_taken":[{"damage":11,"enemies":"Jaw Worm","floor":1,"turns":4},{"damage":6,"enemies":"Cultist","floor":3,"turns":4},{"damage":2,"enemies":"2 Louse","floor":4,"turns":3},{"damage":32,"enemies":"Gremlin Nob","floor":6,"turns":4},{"damage":13,"enemies":"Exordium Wildlife","floor":7,"turns":5},{"damage":20,"enemies":"3 Sentries","floor":10,"turns":6},{"damage":17,"enemies":"Exordium Thugs","floor":12,"turns":3},{"damage":8,"enemies":"Large Slime","floor":13,"turns":3},{"damage":21,"enemies":"Lagavulin","floor":14,"turns":6},{"damage":34,"enemies":"Slime Boss","floor":16,"turns":6},{"damage":19,"enemies":"Shell Parasite","floor":18,"turns":2},{"damage":4,"enemies":"3 Byrds","floor":19,"turns":3},{"damage":11,"enemies":"Book of Stabbing","floor":23,"turns":2},{"damage":28,"enemies":"Slavers","floor":25,"turns":3},{"damage":6,"enemies":"Gremlin Leader","floor":28,"turns":2},{"damage":110,"enemies":"Automaton","floor":33,"turns":6}],"seed_played":"5651326291392147400","potions_obtained":[{"floor":1,"key":"PowerPotion"},{"floor":2,"key":"PowerPotion"},{"floor":6,"key":"GamblersBrew"},{"floor":13,"key":"BloodPotion"},{"floor":14,"key":"Explosive Potion"},{"floor":16,"key":"LiquidBronze"},{"floor":19,"key":"SkillPotion"},{"floor":25,"key":"Explosive Potion"}],"is_trial":false,"path_per_floor":["M","?","M","M","$","E","M","R","T","?","R","M","M","E","R","B",null,"M","M","?","$","$","E","R","E","T","?","E","?","R","?","R","B"],"character_chosen":"IRONCLAD","items_purchased":["Battle Trance","Energy Potion"],"campfire_rested":3,"item_purchase_floors":[21,22],"current_hp_per_floor":[63,63,63,67,67,41,34,34,44,30,30,19,17,10,35,7,66,53,55,55,55,55,50,50,28,28,28,28,28,53,37,64,0],"gold":122,"neow_bonus":"TRANSFORM_TWO_CARDS","is_prod":false,"is_daily":false,"chose_seed":false,"campfire_upgraded":3,"win_rate":0,"timestamp":1548747636,"path_taken":["M","?","?","?","?","E","M","R","T","?","R","M","?","E","R","BOSS","M","M","?","?","$","E","R","E","T","?","E","?","R","?","R","BOSS"],"build_version":"2019-01-23","purchased_purges":2,"victory":false,"max_hp_per_floor":[75,75,75,75,75,75,75,75,85,85,85,85,85,85,85,85,85,85,85,85,85,85,85,85,85,85,85,85,85,85,90,90,90],"card_choices":[{"not_picked":["Rampage","Rage","Havoc"],"picked":"SKIP","floor":1},{"not_picked":["Twin Strike","Cleave"],"picked":"Pommel Strike","floor":3},{"not_picked":["Thunderclap","Cleave","Seeing Red"],"picked":"SKIP","floor":4},{"not_picked":["Iron Wave","Sentinel","Disarm"],"picked":"SKIP","floor":6},{"not_picked":["Flex","Clash","Reaper"],"picked":"SKIP","floor":7},{"not_picked":["Shrug It Off","Feel No Pain"],"picked":"Pommel Strike","floor":10},{"not_picked":["Clash","Rupture","Cleave"],"picked":"SKIP","floor":12},{"not_picked":["Sentinel","Warcry"],"picked":"Offering","floor":13},{"not_picked":["Iron Wave","Metallicize","Evolve"],"picked":"SKIP","floor":14},{"not_picked":["Juggernaut","Limit Break"],"picked":"Offering","floor":16},{"not_picked":["Warcry","Flame Barrier"],"picked":"Perfected Strike+1","floor":18},{"not_picked":["Heavy Blade","Cleave"],"picked":"Wild Strike","floor":19},{"not_picked":["Power Through","Havoc"],"picked":"Twin Strike+1","floor":23},{"not_picked":["Sword Boomerang","Clothesline","Headbutt"],"picked":"SKIP","floor":25},{"not_picked":["Ghostly Armor","Bludgeon","Sword Boomerang"],"picked":"SKIP","floor":28},{"not_picked":["Havoc","Warcry"],"picked":"Twin Strike","floor":30}],"player_experience":267346,"relics_obtained":[{"floor":6,"key":"Mercury Hourglass"},{"floor":9,"key":"Pear"},{"floor":10,"key":"Gremlin Horn"},{"floor":14,"key":"Darkstone Periapt"},{"floor":23,"key":"Potion Belt"},{"floor":25,"key":"Letter Opener"},{"floor":26,"key":"Dream Catcher"},{"floor":28,"key":"Juzu Bracelet"}],"event_choices":[{"damage_healed":0,"gold_gain":0,"player_choice":"Got Potions","damage_taken":0,"max_hp_gain":0,"max_hp_loss":0,"event_name":"Lab","floor":2,"gold_loss":0},{"damage_healed":0,"gold_gain":0,"player_choice":"Searched \u00272\u0027 times","damage_taken":0,"max_hp_gain":0,"max_hp_loss":0,"event_name":"Dead Adventurer","floor":10,"gold_loss":0},{"damage_healed":0,"gold_gain":0,"player_choice":"1 cards matched","damage_taken":0,"max_hp_gain":0,"max_hp_loss":0,"event_name":"Match and Keep!","floor":20,"gold_loss":0,"cards_obtained":["Enlightenment"]},{"damage_healed":0,"gold_gain":0,"player_choice":"Trade","damage_taken":0,"relics_obtained":["GremlinMask"],"max_hp_gain":0,"max_hp_loss":0,"event_name":"FaceTrader","floor":27,"gold_loss":0},{"damage_healed":0,"gold_gain":0,"player_choice":"Ignored","damage_taken":0,"max_hp_gain":0,"max_hp_loss":0,"event_name":"Vampires","floor":29,"gold_loss":0},{"damage_healed":0,"gold_gain":0,"player_choice":"Shed Blood","damage_taken":21,"max_hp_gain":5,"max_hp_loss":0,"event_name":"Forgotten Altar","floor":31,"gold_loss":0}],"is_beta":false,"boss_relics":[{"not_picked":["Black Star","Snecko Eye"],"picked":"Runic Pyramid"}],"items_purged_floors":[21,22],"is_endless":false,"potions_floor_spawned":[1,6,13,14,16,19,25],"killed_by":"Automaton","ascension_level":14}