{"path_per_floor":["M","?","$","M","$","R","M","M","T","E","R","?","?","?","R","B",null,"M","$","?","$","?","R","M","R","T","R","M","R","?","M","R"],"character_chosen":"IRONCLAD","items_purchased":["Searing Blow"],"gold_per_floor":[117,117,78,90,15,15,32,46,69,97,97,57,57,57,57,153,153,153,53,53,53,53,53,53,53,53,53,53,53,53,53,53,53],"floor_reached":33,"campfire_rested":0,"playtime":3778,"current_hp_per_floor":[76,69,69,62,62,62,67,60,60,36,36,36,36,62,62,24,66,72,72,57,57,57,57,47,47,47,47,45,45,51,31,31,0],"items_purged":["Strike_R","Defend_R"],"gold":53,"score":399,"play_id":"93a7d764-3539-4ba4-8788-8c842e760885","local_time":"20180521211619","is_prod":false,"is_daily":false,"chose_seed":false,"is_ascension_mode":true,"campfire_upgraded":8,"timestamp":1526930179,"campfire_choices":[{"data":"Searing Blow","floor":6,"key":"SMITH"},{"data":"Searing Blow+1","floor":11,"key":"SMITH"},{"data":"Searing Blow+2","floor":15,"key":"SMITH"},{"data":"Searing Blow+3","floor":23,"key":"SMITH"},{"data":"Searing Blow+4","floor":25,"key":"SMITH"},{"data":"Searing Blow+5","floor":27,"key":"SMITH"},{"data":"Searing Blow+6","floor":29,"key":"SMITH"},{"data":"Searing Blow+7","floor":32,"key":"SMITH"}],"path_taken":["M","?","$","?","?","R","M","?","T","E","R","?","?","?","R","BOSS","M","$","?","$","?","R","M","R","T","R","M","R","?","M","R","BOSS"],"build_version":"2018-05-17","seed_source_timestamp":169430747023448,"purchased_purges":2,"victory":false,"master_deck":["Strike_R","Strike_R","Strike_R","Defend_R","Defend_R","Bash","AscendersBane","Thunderclap","Searing Blow+8","Headbutt","Metallicize"],"max_hp_per_floor":[80,80,80,80,80,80,80,80,80,80,80,80,80,80,80,80,80,80,80,85,85,85,85,85,85,85,85,85,85,85,85,85,85],"relics":["Burning Blood","Happy Flower","Pen Nib","Ectoplasm","Boot","Red Mask"],"card_choices":[{"not_picked":["Corruption","Combust"],"picked":"Thunderclap","floor":1},{"not_picked":["Body Slam","Thunderclap","Clash"],"picked":"SKIP","floor":4},{"not_picked":["Body Slam","Second Wind","Clothesline"],"picked":"SKIP","floor":7},{"not_picked":["Exhume","Thunderclap","Armaments"],"picked":"SKIP","floor":8},{"not_picked":["Clash","Perfected Strike"],"picked":"Headbutt","floor":10},{"not_picked":["Perfected Strike","Rupture","Wild Strike"],"picked":"SKIP","floor":18},{"not_picked":["Havoc","Heavy Blade","Clothesline"],"picked":"SKIP","floor":24},{"not_picked":["Anger","Ghostly Armor","True Grit"],"picked":"SKIP","floor":28},{"not_picked":["Twin Strike","Flex"],"picked":"Metallicize","floor":31}],"player_experience":163445,"potions_floor_usage":[10,16,16,33,33],"damage_taken":[{"damage":2,"enemies":"2 Louse","floor":1,"turns":3},{"damage":13,"enemies":"Jaw Worm","floor":4,"turns":4},{"damage":1,"enemies":"Cultist","floor":7,"turns":3},{"damage":13,"enemies":"Red Slaver","floor":8,"turns":3},{"damage":30,"enemies":"3 Sentries","floor":10,"turns":8},{"damage":44,"enemies":"Hexaghost","floor":16,"turns":5},{"damage":0,"enemies":"Chosen","floor":18,"turns":3},{"damage":16,"enemies":"Shell Parasite","floor":24,"turns":3},{"damage":8,"enemies":"Snecko","floor":28,"turns":3},{"damage":0,"enemies":"Masked Bandits","floor":30,"turns":2},{"damage":26,"enemies":"3 Cultists","floor":31,"turns":5},{"damage":49,"enemies":"Collector","floor":33,"turns":3}],"relics_obtained":[{"floor":9,"key":"Happy Flower"},{"floor":10,"key":"Pen Nib"},{"floor":26,"key":"Boot"},{"floor":30,"key":"Red Mask"}],"event_choices":[{"event_name":"Golden Wing","player_choice":"Card Removal","floor":2,"damage_taken":0},{"event_name":"The Woman in Blue","player_choice":"Bought 3 Potions","floor":12,"damage_taken":0},{"event_name":"Purifier","player_choice":"One Purge","floor":13,"damage_taken":0},{"event_name":"Big Fish","player_choice":"Banana","floor":14,"damage_taken":0},{"event_name":"Forgotten Altar","player_choice":"Shed Blood","floor":20,"damage_taken":0},{"event_name":"Beggar","player_choice":"Ignored","floor":22,"damage_taken":0},{"event_name":"Masked Bandits","player_choice":"Fought over 53 gold","floor":30,"damage_taken":0}],"boss_relics":[{"not_picked":["Tiny House","Pandora\u0027s Box"],"picked":"Ectoplasm"}],"potions_floor_spawned":[1,24,28],"seed_played":"-4839039961068727550","killed_by":"Collector","ascension_level":10,"potions_obtained":[{"floor":1,"key":"LiquidBronze"},{"floor":12,"key":"Swift Potion"},{"floor":12,"key":"SmokeBomb"},{"floor":12,"key":"FearPotion"},{"floor":24,"key":"SkillPotion"},{"floor":28,"key":"FearPotion"}],"is_trial":false}