{"gold_per_floor":[118,130,148,161,175,200,3,66,66,126,186,186,220,309,309,403,403,413,328,343,39,39,39],"floor_reached":23,"playtime":1155,"items_purged":["Combust"],"score":362,"play_id":"a8f8a18f-1e84-4a6e-9fbc-3e2857ecb3e9","local_time":"20190129132748","is_ascension_mode":true,"campfire_choices":[{"floor":12,"key":"REST"},{"floor":15,"key":"REST"}],"neow_cost":"NONE","seed_source_timestamp":70574980922100,"circlet_count":0,"master_deck":["AscendersBane","Bash","Shrug It Off","Iron Wave","Iron Wave","HandOfGreed","Uppercut","Shrug It Off","Shockwave","Barricade","Bloodletting","Fire Breathing","Uppercut","Barricade","Pummel","Demon Form","Fire Breathing","Berserk","Havoc","True Grit"],"relics":["Fusion Hammer","War Paint","Tiny Chest","Ancient Tea Set","Bag of Preparation","Pandora\u0027s Box","Blue Candle","Membership Card","Vajra","Regal Pillow"],"potions_floor_usage":[2,8,16],"damage_taken":[{"damage":0,"enemies":"Cultist","floor":1,"turns":3},{"damage":3,"enemies":"2 Louse","floor":2,"turns":3},{"damage":5,"enemies":"Small Slimes","floor":3,"turns":4},{"damage":17,"enemies":"Exordium Wildlife","floor":4,"turns":9},{"damage":6,"enemies":"Looter","floor":5,"turns":3},{"damage":20,"enemies":"3 Sentries","floor":6,"turns":13},{"damage":7,"enemies":"Gremlin Nob","floor":8,"turns":5},{"damage":4,"enemies":"2 Fungi Beasts","floor":11,"turns":4},{"damage":0,"enemies":"3 Louse","floor":13,"turns":2},{"damage":10,"enemies":"3 Sentries","floor":14,"turns":9},{"damage":12,"enemies":"The Guardian","floor":16,"turns":12},{"damage":37,"enemies":"Spheric Guardian","floor":18,"turns":6},{"damage":0,"enemies":"Chosen","floor":20,"turns":4},{"damage":31,"enemies":"Gremlin Leader","floor":23,"turns":5}],"seed_played":"5738826649656290413","potions_obtained":[{"floor":1,"key":"SneckoOil"},{"floor":2,"key":"Weak Potion"},{"floor":11,"key":"FearPotion"},{"floor":14,"key":"BloodPotion"}],"is_trial":false,"path_per_floor":["M","M","M","M","M","E","$","E","T","?","M","R","M","E","R","B",null,"M","?","M","$","?","E"],"character_chosen":"IRONCLAD","items_purchased":["HandOfGreed","Membership Card","Vajra"],"campfire_rested":2,"item_purchase_floors":[7,21,21],"current_hp_per_floor":[68,65,60,43,37,17,17,10,10,10,6,28,28,18,40,28,63,26,26,26,26,26,0],"gold":39,"neow_bonus":"BOSS_RELIC","is_prod":false,"is_daily":false,"chose_seed":false,"campfire_upgraded":0,"win_rate":0,"timestamp":1548764868,"path_taken":["M","M","?","M","M","E","?","E","T","?","M","R","M","E","R","BOSS","M","?","M","$","?","E"],"build_version":"2019-01-23","purchased_purges":1,"victory":false,"max_hp_per_floor":[75,75,75,75,75,75,75,75,75,75,75,75,75,75,75,75,75,75,75,75,75,75,75],"card_choices":[{"not_picked":["Second Wind","Body Slam","Flex"],"picked":"SKIP","floor":1},{"not_picked":["Sentinel","Clash","Seeing Red"],"picked":"SKIP","floor":2},{"not_picked":["Perfected Strike","Burning Pact"],"picked":"Shrug It Off","floor":3},{"not_picked":["Sword Boomerang","Havoc"],"picked":"Iron Wave","floor":4},{"not_picked":["Warcry","Flex","Blood for Blood"],"picked":"SKIP","floor":5},{"not_picked":["Havoc","Armaments"],"picked":"Iron Wave","floor":6},{"not_picked":["Twin Strike","Exhume","Infernal Blade"],"picked":"SKIP","floor":8},{"not_picked":["Perfected Strike","Thunderclap"],"picked":"Uppercut","floor":11},{"not_picked":["Evolve","Hemokinesis"],"picked":"Shrug It Off","floor":13},{"not_picked":["Hemokinesis","Whirlwind"],"picked":"Shockwave","floor":14},{"not_picked":["Exhume","Bludgeon"],"picked":"Barricade","floor":16},{"not_picked":["Body Slam","Clash"],"picked":"Havoc","floor":18},{"not_picked":["Limit Break","Sword Boomerang"],"picked":"True Grit","floor":20}],"player_experience":271190,"relics_obtained":[{"floor":6,"key":"War Paint"},{"floor":8,"key":"Tiny Chest"},{"floor":9,"key":"Ancient Tea Set"},{"floor":14,"key":"Bag of Preparation"}],"event_choices":[{"damage_healed":0,"gold_gain":60,"player_choice":"Gained Gold","damage_taken":0,"max_hp_gain":0,"max_hp_loss":0,"event_name":"Golden Wing","floor":10,"gold_loss":0},{"damage_healed":0,"gold_gain":0,"player_choice":"Obtained Relic","damage_taken":0,"relics_obtained":["Blue Candle"],"max_hp_gain":0,"max_hp_loss":0,"event_name":"Addict","floor":19,"gold_loss":85},{"damage_healed":0,"gold_gain":0,"player_choice":"Opened","damage_taken":0,"relics_obtained":["Regal Pillow"],"max_hp_gain":0,"max_hp_loss":0,"event_name":"The Mausoleum","floor":22,"gold_loss":0}],"is_beta":false,"boss_relics":[{"not_picked":["Tiny House","Velvet Choker"],"picked":"Pandora\u0027s Box"}],"items_purged_floors":[21],"is_endless":false,"potions_floor_spawned":[1,2,11,14],"killed_by":"Gremlin Leader","ascension_level":14}