{"gold_per_floor":[18,18,34,34,34,66,66,131,131,150,150,180,66,79,79,152,152,167,167,167,167,184,211,224,251,251,270,270,270,286,70,70,70],"floor_reached":33,"playtime":1302,"items_purged":[],"score":719,"play_id":"0597957c-6efa-43f3-ae6a-7e4e5c8e4c7c","local_time":"20190205200625","is_ascension_mode":true,"campfire_choices":[{"data":"Rage","floor":7,"key":"SMITH"},{"data":"Perfected Strike","floor":15,"key":"SMITH"},{"floor":29,"key":"DIG"},{"floor":32,"key":"DIG"}],"neow_cost":"NO_GOLD","seed_source_timestamp":699154201913500,"circlet_count":0,"master_deck":["AscendersBane","Strike_R","Strike_R","Strike_R","Strike_R","Strike_R","Defend_R","Defend_R","Bash","Headbutt","Headbutt","Rage+1","Ghostly Armor","Perfected Strike+1","Clash","Feed","Headbutt","Uppercut","Headbutt","Iron Wave","Perfected Strike"],"relics":["Burning Blood","Pocketwatch","Pantograph","Tiny Chest","Paper Frog","Odd Mushroom","Coffee Dripper","Nilry\u0027s Codex","Self Forming Clay","Kunai","Shovel","Singing Bowl","Mercury Hourglass","Bag of Preparation","PrismaticShard","Bottled Flame"],"potions_floor_usage":[12,16,18,23,25,27,33],"damage_taken":[{"damage":4,"enemies":"Jaw Worm","floor":1,"turns":5},{"damage":1,"enemies":"Small Slimes","floor":3,"turns":4},{"damage":34,"enemies":"Lagavulin","floor":6,"turns":6},{"damage":25,"enemies":"3 Sentries","floor":8,"turns":8},{"damage":2,"enemies":"2 Louse","floor":10,"turns":2},{"damage":10,"enemies":"The Mushroom Lair","floor":12,"turns":5},{"damage":1,"enemies":"Looter","floor":14,"turns":2},{"damage":0,"enemies":"Slime Boss","floor":16,"turns":6},{"damage":4,"enemies":"3 Byrds","floor":18,"turns":5},{"damage":0,"enemies":"Chosen","floor":22,"turns":2},{"damage":46,"enemies":"Gremlin Leader","floor":23,"turns":3},{"damage":0,"enemies":"Centurion and Healer","floor":24,"turns":5},{"damage":24,"enemies":"Book of Stabbing","floor":25,"turns":5},{"damage":18,"enemies":"Snake Plant","floor":27,"turns":2},{"damage":8,"enemies":"Shelled Parasite and Fungi","floor":30,"turns":4},{"damage":66,"enemies":"Collector","floor":33,"turns":6}],"seed_played":"7737384507307413872","potions_obtained":[{"floor":1,"key":"Swift Potion"},{"floor":10,"key":"Regen Potion"},{"floor":12,"key":"Explosive Potion"},{"floor":18,"key":"Swift Potion"},{"floor":24,"key":"Strength Potion"},{"floor":25,"key":"Energy Potion"},{"floor":27,"key":"SteroidPotion"}],"is_trial":false,"path_per_floor":["M","?","M","?","?","E","R","E","T","M","$","?","$","M","R","B",null,"M","?","T","T","M","E","M","E","T","M","?","R","M","$","R","B"],"character_chosen":"IRONCLAD","items_purchased":["Perfected Strike","PowerPotion","PrismaticShard"],"campfire_rested":0,"item_purchase_floors":[13,13,31],"current_hp_per_floor":[70,75,80,80,73,45,45,26,26,30,30,38,38,43,43,74,79,83,62,62,62,71,31,40,24,24,12,30,30,33,33,33,0],"gold":70,"neow_bonus":"ONE_RARE_RELIC","is_prod":false,"is_daily":false,"chose_seed":false,"campfire_upgraded":2,"win_rate":0,"timestamp":1549393585,"path_taken":["M","?","M","?","?","E","R","E","T","M","$","?","?","M","R","BOSS","M","?","?","?","M","E","?","E","T","M","?","R","M","?","R","BOSS"],"build_version":"2019-01-23","purchased_purges":0,"victory":false,"max_hp_per_floor":[75,80,80,80,80,80,80,80,80,80,80,80,80,80,80,80,80,83,83,83,83,86,86,89,91,91,91,91,91,96,96,96,96],"card_choices":[{"not_picked":["Shockwave","Armaments"],"picked":"Headbutt","floor":1},{"not_picked":["Entrench","Body Slam"],"picked":"Headbutt","floor":3},{"not_picked":["Anger","Cleave","Body Slam"],"picked":"SKIP","floor":6},{"not_picked":["Anger","Pummel","Offering"],"picked":"SKIP","floor":8},{"not_picked":["Iron Wave","Warcry"],"picked":"Ghostly Armor","floor":10},{"not_picked":["Intimidate","Havoc"],"picked":"Clash","floor":14},{"not_picked":["Brutality","Impervious"],"picked":"Feed","floor":16},{"not_picked":["Warcry+1","Iron Wave"],"picked":"Headbutt","floor":18},{"not_picked":["Battle Trance","Headbutt"],"picked":"Uppercut","floor":22},{"not_picked":["Twin Strike","Reckless Charge"],"picked":"Headbutt","floor":23},{"not_picked":["Corruption+1","Twin Strike"],"picked":"Iron Wave","floor":24},{"not_picked":["Heavy Blade+1","Clash","Entrench"],"picked":"Singing Bowl","floor":25},{"not_picked":["Burning Pact","Demon Form"],"picked":"Perfected Strike","floor":27},{"not_picked":["Anger","Metallicize+1","Corruption"],"picked":"Singing Bowl","floor":30}],"player_experience":338239,"relics_obtained":[{"floor":6,"key":"Pantograph"},{"floor":8,"key":"Tiny Chest"},{"floor":9,"key":"Paper Frog"},{"floor":12,"key":"Odd Mushroom"},{"floor":19,"key":"Nilry\u0027s Codex"},{"floor":20,"key":"Self Forming Clay"},{"floor":21,"key":"Kunai"},{"floor":23,"key":"Shovel"},{"floor":25,"key":"Singing Bowl"},{"floor":26,"key":"Mercury Hourglass"},{"floor":29,"key":"Bag of Preparation"},{"floor":32,"key":"Bottled Flame"}],"event_choices":[{"damage_healed":0,"gold_gain":0,"player_choice":"Donut","damage_taken":0,"max_hp_gain":5,"max_hp_loss":0,"event_name":"Big Fish","floor":2,"gold_loss":0},{"damage_healed":0,"gold_gain":0,"cards_transformed":["Defend_R"],"player_choice":"Change","damage_taken":0,"max_hp_gain":0,"max_hp_loss":0,"event_name":"Living Wall","floor":4,"gold_loss":0,"cards_obtained":["Rage"]},{"cards_removed":["Defend_R"],"damage_healed":0,"gold_gain":0,"player_choice":"Card Removal","damage_taken":7,"max_hp_gain":0,"max_hp_loss":0,"event_name":"Golden Wing","floor":5,"gold_loss":0},{"damage_healed":0,"gold_gain":0,"player_choice":"Fought Mushrooms","damage_taken":0,"max_hp_gain":0,"max_hp_loss":0,"event_name":"Mushrooms","floor":12,"gold_loss":0},{"damage_healed":0,"gold_gain":0,"player_choice":"Obtained Book","damage_taken":21,"max_hp_gain":0,"max_hp_loss":0,"event_name":"Cursed Tome","floor":19,"gold_loss":0},{"damage_healed":18,"gold_gain":0,"player_choice":"Heal","damage_taken":0,"max_hp_gain":0,"max_hp_loss":0,"event_name":"The Library","floor":28,"gold_loss":0}],"is_beta":false,"boss_relics":[{"not_picked":["Velvet Choker","Pandora\u0027s Box"],"picked":"Coffee Dripper"}],"items_purged_floors":[],"is_endless":false,"potions_floor_spawned":[1,10,12,18,24,25,27],"killed_by":"Collector","ascension_level":19}