{"gold_per_floor":[117,117,117,41,88,113,128,128,128,14,14,69,80,93,93,193,193,208,123,123,45,55,90,90,90,120,120,133,38,38],"floor_reached":30,"playtime":944,"items_purged":[],"score":354,"play_id":"000fbe33-2527-4b86-bd8c-d8cfb46e02ad","local_time":"20190129182803","is_ascension_mode":true,"campfire_choices":[{"floor":11,"key":"REST"},{"data":"Strike_R","floor":15,"key":"PURGE"},{"data":"Limit Break","floor":24,"key":"SMITH"},{"floor":27,"key":"REST"}],"neow_cost":"PERCENT_DAMAGE","seed_source_timestamp":202940572529954,"circlet_count":0,"master_deck":["Strike_R","Strike_R","Defend_R","Defend_R","Defend_R","Defend_R","Bash","Warcry","Whirlwind","True Grit","Inflame","Shrug It Off","Entrench","Body Slam","Limit Break+1","Dual Wield","J.A.X.","Ghostly Armor","Seeing Red","Impervious","Combust","Clothesline+1","Finesse"],"relics":["Burning Blood","StoneCalendar","Bag of Preparation","Centennial Puzzle","Mercury Hourglass","Peace Pipe","Boot","Mark of Pain","Mango","Molten Egg 2","Tiny Chest"],"potions_floor_usage":[30],"damage_taken":[{"damage":2,"enemies":"2 Louse","floor":1,"turns":3},{"damage":40,"enemies":"Gremlin Nob","floor":6,"turns":5},{"damage":3,"enemies":"Small Slimes","floor":7,"turns":3},{"damage":0,"enemies":"Jaw Worm","floor":13,"turns":3},{"damage":0,"enemies":"Exordium Thugs","floor":14,"turns":4},{"damage":20,"enemies":"Slime Boss","floor":16,"turns":7},{"damage":3,"enemies":"Shell Parasite","floor":18,"turns":7},{"damage":1,"enemies":"3 Byrds","floor":22,"turns":3},{"damage":67,"enemies":"Gremlin Leader","floor":23,"turns":7},{"damage":44,"enemies":"Centurion and Healer","floor":28,"turns":7},{"damage":27,"enemies":"Sentry and Sphere","floor":30,"turns":5}],"seed_played":"-8437313883300734644","potions_obtained":[{"floor":13,"key":"FearPotion"},{"floor":18,"key":"SteroidPotion"},{"floor":23,"key":"Ancient Potion"},{"floor":28,"key":"Regen Potion"}],"is_trial":false,"path_per_floor":["M","?","?","$","T","E","M","?","T","$","R","T","M","M","R","B",null,"M","?","?","$","M","E","R","?","T","R","M","$","M"],"character_chosen":"IRONCLAD","items_purchased":["Whirlwind","Inflame","Shrug It Off","Ghostly Armor","Finesse"],"campfire_rested":2,"item_purchase_floors":[4,10,10,21,29],"current_hp_per_floor":[55,48,41,41,41,7,10,10,10,10,34,34,40,46,46,32,68,71,85,85,85,90,29,29,29,29,57,19,19,0],"gold":38,"neow_bonus":"ONE_RARE_RELIC","is_prod":false,"is_daily":false,"chose_seed":false,"campfire_upgraded":1,"win_rate":0,"timestamp":1548782883,"path_taken":["M","?","?","$","?","E","?","?","T","?","R","?","M","M","R","BOSS","M","?","?","?","M","E","R","?","T","R","M","$","M"],"build_version":"2019-01-23","purchased_purges":0,"victory":false,"max_hp_per_floor":[80,80,80,80,80,80,80,80,80,80,80,80,80,80,80,80,80,80,94,94,94,94,94,94,94,94,94,94,94,94],"card_choices":[{"not_picked":["Second Wind","Sever Soul"],"picked":"Warcry","floor":1},{"not_picked":["Heavy Blade","Berserk","Reckless Charge"],"picked":"SKIP","floor":6},{"not_picked":["Iron Wave","Intimidate"],"picked":"True Grit","floor":7},{"not_picked":["Seeing Red","Intimidate"],"picked":"Entrench","floor":13},{"not_picked":["Carnage","Fire Breathing"],"picked":"Body Slam","floor":14},{"not_picked":["Reaper","Juggernaut"],"picked":"Limit Break","floor":16},{"not_picked":["Burning Pact","Perfected Strike"],"picked":"Dual Wield","floor":18},{"not_picked":["Perfected Strike","Wild Strike"],"picked":"Seeing Red","floor":22},{"not_picked":["Wild Strike+1","Fire Breathing"],"picked":"Impervious","floor":23},{"not_picked":["Cleave+1","Sever Soul+1"],"picked":"Clothesline+1","floor":28}],"player_experience":157219,"relics_obtained":[{"floor":5,"key":"Centennial Puzzle"},{"floor":6,"key":"Mercury Hourglass"},{"floor":9,"key":"Peace Pipe"},{"floor":12,"key":"Boot"},{"floor":23,"key":"Molten Egg 2"},{"floor":26,"key":"Tiny Chest"}],"event_choices":[{"damage_healed":0,"gold_gain":0,"player_choice":"Success","damage_taken":7,"relics_obtained":["Bag of Preparation"],"max_hp_gain":0,"max_hp_loss":0,"event_name":"Scrap Ooze","floor":2,"gold_loss":0},{"cards_removed":["Strike_R"],"damage_healed":0,"gold_gain":0,"player_choice":"Card Removal","damage_taken":7,"max_hp_gain":0,"max_hp_loss":0,"event_name":"Golden Wing","floor":3,"gold_loss":0},{"damage_healed":0,"gold_gain":0,"player_choice":"Bought 0 Potions","damage_taken":0,"max_hp_gain":0,"max_hp_loss":0,"event_name":"The Woman in Blue","floor":8,"gold_loss":0},{"damage_healed":0,"gold_gain":0,"player_choice":"Obtained Relic","damage_taken":0,"relics_obtained":["Mango"],"max_hp_gain":0,"max_hp_loss":0,"event_name":"Addict","floor":19,"gold_loss":85},{"damage_healed":0,"gold_gain":0,"player_choice":"Obtain J.A.X.","damage_taken":0,"max_hp_gain":0,"max_hp_loss":0,"event_name":"Drug Dealer","floor":20,"gold_loss":0,"cards_obtained":["J.A.X."]},{"damage_healed":0,"gold_gain":0,"cards_transformed":["Strike_R"],"player_choice":"Transformed","damage_taken":0,"max_hp_gain":0,"max_hp_loss":0,"event_name":"Transmorgrifier","floor":25,"gold_loss":0,"cards_obtained":["Combust"]}],"is_beta":false,"boss_relics":[{"not_picked":["Black Star","Runic Cube"],"picked":"Mark of Pain"}],"items_purged_floors":[],"is_endless":false,"potions_floor_spawned":[13,18,23,28],"killed_by":"Sentry and Sphere","ascension_level":9}