{"gold_per_floor":[109,123,140,159,159,159,159,159,185,185],"floor_reached":10,"playtime":315,"items_purged":[],"score":113,"play_id":"d662ca6f-abb4-4199-be8b-7e5c9cb7191c","local_time":"20190206223018","is_ascension_mode":true,"campfire_choices":[{"floor":6,"key":"REST"},{"data":"Searing Blow","floor":8,"key":"SMITH"}],"neow_cost":"CURSE","seed_source_timestamp":0,"circlet_count":0,"master_deck":["AscendersBane","Strike_R","Strike_R","Strike_R","Strike_R","Strike_R","Defend_R+1","Defend_R+1","Defend_R","Defend_R","Bash","Injury","Searing Blow+1","Headbutt"],"special_seed":0,"relics":["Burning Blood","StoneCalendar","War Paint"],"potions_floor_usage":[4,10],"damage_taken":[{"damage":8,"enemies":"2 Louse","floor":1,"turns":3},{"damage":15,"enemies":"Small Slimes","floor":2,"turns":5},{"damage":14,"enemies":"Jaw Worm","floor":3,"turns":4},{"damage":40,"enemies":"Gremlin Gang","floor":4,"turns":6},{"damage":66,"enemies":"Gremlin Nob","floor":10,"turns":4}],"seed_played":"-4002898640706936581","potions_obtained":[{"floor":2,"key":"SpeedPotion"},{"floor":3,"key":"Block Potion"},{"floor":4,"key":"SkillPotion"}],"is_trial":false,"path_per_floor":["M","M","M","M","?","R","?","R","T","E"],"character_chosen":"IRONCLAD","items_purchased":[],"campfire_rested":1,"item_purchase_floors":[],"current_hp_per_floor":[66,57,49,15,15,37,37,37,37,0],"gold":185,"neow_bonus":"ONE_RARE_RELIC","is_prod":false,"is_daily":false,"chose_seed":false,"campfire_upgraded":1,"win_rate":0,"timestamp":1549488618,"path_taken":["M","M","M","M","?","R","?","R","T","E"],"build_version":"2019-01-23","purchased_purges":0,"victory":false,"max_hp_per_floor":[75,75,75,75,75,75,75,75,75,75],"card_choices":[{"not_picked":["Second Wind","Spot Weakness"],"picked":"Searing Blow","floor":1},{"not_picked":["Corruption","Twin Strike","Dropkick"],"picked":"SKIP","floor":2},{"not_picked":["Corruption","Body Slam"],"picked":"Headbutt","floor":3},{"not_picked":["Sever Soul","Pummel","Reckless Charge"],"picked":"SKIP","floor":4}],"player_experience":339541,"relics_obtained":[{"floor":9,"key":"War Paint"}],"event_choices":[{"damage_healed":0,"gold_gain":0,"player_choice":"Ignored","damage_taken":0,"max_hp_gain":0,"max_hp_loss":0,"event_name":"Shining Light","floor":5,"gold_loss":0},{"damage_healed":0,"gold_gain":0,"player_choice":"Ignored","damage_taken":0,"max_hp_gain":0,"max_hp_loss":0,"event_name":"Liars Game","floor":7,"gold_loss":0}],"is_beta":false,"boss_relics":[],"items_purged_floors":[],"is_endless":false,"potions_floor_spawned":[2,3,4],"killed_by":"Gremlin Nob","ascension_level":19}