{"path_per_floor":["M","?","M","M","M","R","?","M","T","M","M","?","R","E","R","B",null,"M","M","M","$","M"],"character_chosen":"THE_SILENT","items_purchased":["Thread and Needle","Prepared"],"gold_per_floor":[119,119,138,150,163,163,238,254,254,273,286,461,461,489,489,590,590,610,535,546,222,241],"floor_reached":23,"campfire_rested":2,"playtime":2915,"current_hp_per_floor":[58,44,40,37,35,56,45,44,58,39,38,38,63,55,55,35,84,59,55,42,42,42],"items_purged":[],"gold":241,"play_id":"c946f123-7480-453b-ac37-858e138c2fcb","is_prod":false,"is_daily":false,"campfire_rituals":0,"campfire_upgraded":1,"is_hardmode":false,"path_taken":["M","?","M","M","M","R","?","M","T","M","?","?","R","E","R","BOSS","M","M","M","$","M","E"],"build_version":"2018-01-11-PROD1","purchased_purges":0,"victory":false,"master_deck":["Defend_G","Defend_G","Defend_G","Strike_G","Strike_G","Strike_G","Strike_G","Survivor","Neutralize","Well Laid Plans","Distraction","Sucker Punch","Sucker Punch","Malaise","Dagger Throw","Terror","Flechettes","Doubt","Endless Agony","Venomology","Deadly Poison","Wraith Form","Malaise","Leg Sweep","Escape Plan","Backflip","Prepared","Noxious Fumes"],"max_hp_per_floor":[70,70,70,70,70,70,70,70,84,84,84,84,84,84,84,84,84,84,84,84,84,84],"relics":["Ring of the Snake","Mango","Ornamental Fan","Astrolabe","Thread and Needle"],"campfire_meditates":0,"card_choices":[{"not_picked":["Poisoned Stab","Deflect"],"picked":"Well Laid Plans"},{"not_picked":["Underhanded Strike","Flying Knee"],"picked":"Distraction"},{"not_picked":["Finisher","Eviscerate"],"picked":"Sucker Punch"},{"not_picked":["Deflect","Prepared"],"picked":"Sucker Punch"},{"not_picked":["Accuracy","Underhanded Strike"],"picked":"Malaise"},{"not_picked":["Cloak And Dagger","Reflex"],"picked":"Dagger Throw"},{"not_picked":["Bane","PiercingWail"],"picked":"Terror"},{"not_picked":["Catalyst","Bane"],"picked":"Flechettes"},{"not_picked":["Poisoned Stab","Dash"],"picked":"Endless Agony"},{"not_picked":["Bullet Time","A Thousand Cuts"],"picked":"Venomology"},{"not_picked":["PiercingWail","Prepared"],"picked":"Leg Sweep"},{"not_picked":["Poisoned Stab","Cloak And Dagger"],"picked":"Escape Plan"},{"not_picked":["Escape Plan","Dodge and Roll"],"picked":"Backflip"},{"not_picked":["Quick Slash","Backstab"],"picked":"Noxious Fumes"}],"player_experience":33930,"potions_floor_usage":[14,18,19,19,20,22,23,23],"damage_taken":[{"damage":12,"enemies":"Cultist","floor":1,"turns":5},{"damage":4,"enemies":"Blue Slaver","floor":3,"turns":6},{"damage":3,"enemies":"Jaw Worm","floor":4,"turns":3},{"damage":2,"enemies":"Exordium Wildlife","floor":5,"turns":4},{"damage":1,"enemies":"2 Fungi Beasts","floor":8,"turns":5},{"damage":19,"enemies":"Lots of Slimes","floor":10,"turns":6},{"damage":1,"enemies":"Exordium Wildlife","floor":11,"turns":6},{"damage":23,"enemies":"Lagavulin","floor":14,"turns":8},{"damage":20,"enemies":"The Guardian","floor":16,"turns":13},{"damage":25,"enemies":"Spheric Guardian","floor":18,"turns":7},{"damage":13,"enemies":"2 Thieves","floor":19,"turns":5},{"damage":13,"enemies":"Centurion and Healer","floor":20,"turns":9},{"damage":0,"enemies":"Chosen and Byrds","floor":22,"turns":9},{"damage":43,"enemies":"Slavers","floor":23,"turns":6}],"event_choices":[{"event_name":"Shining Light","player_choice":"Entered Light","floor":2,"damage_taken":0},{"event_name":"World of Goop","player_choice":"Gather Gold","floor":7,"damage_taken":0},{"event_name":"Liars Game","player_choice":"agreed","floor":12,"damage_taken":0}],"boss_relics":[{"not_picked":["Tiny House","Ectoplasm"],"picked":"Astrolabe"}],"potions_floor_spawned":[4,5,8,11,18,22],"seed_played":"-2048478556979598541","killed_by":"Slavers","is_trial":false}