{"gold_per_floor":[109,124,124,135,85,111,111,126,126,136,136,168,168,1,1,96,96,114,133,133,133,94,94,119,133,133,153,163,163,179,179],"floor_reached":31,"playtime":5820,"items_purged":[],"score":307,"play_id":"32f2bce8-ab9d-4325-8a52-ec13ff914c28","local_time":"20181027010956","is_ascension_mode":true,"campfire_choices":[{"floor":11,"key":"REST"},{"data":"Defragment","floor":13,"key":"SMITH"},{"data":"Leap","floor":15,"key":"SMITH"},{"data":"Recycle","floor":23,"key":"SMITH"},{"floor":29,"key":"REST"}],"neow_cost":"NONE","seed_source_timestamp":1818578535302332,"circlet_count":0,"master_deck":["Strike_B","Defend_B","Defend_B","Defend_B","Zap","Dualcast","Turbo","Redo+1","Turbo","Leap+1","Defragment+1","Cold Snap","Rebound","Echo Form","Coolheaded","Echo Form","Recycle+1","Double Energy+1","Heatsinks","FTL","FTL","Glacier","Conserve Battery","Leap","Creative AI+1","Cold Snap"],"relics":["Cracked Core","Happy Flower","Blood Vial","Pear","Nuclear Battery","Nloth\u0027s Gift","Emotion Chip","Frozen Egg 2"],"potions_floor_usage":[12,19,24,27,28,28],"damage_taken":[{"damage":0,"enemies":"Cultist","floor":1,"turns":3},{"damage":0,"enemies":"2 Louse","floor":2,"turns":1},{"damage":2,"enemies":"Jaw Worm","floor":4,"turns":2},{"damage":28,"enemies":"Gremlin Nob","floor":6,"turns":4},{"damage":7,"enemies":"Exordium Wildlife","floor":8,"turns":3},{"damage":3,"enemies":"Looter","floor":10,"turns":3},{"damage":6,"enemies":"Lagavulin","floor":12,"turns":6},{"damage":18,"enemies":"The Guardian","floor":16,"turns":15},{"damage":9,"enemies":"Shell Parasite","floor":18,"turns":6},{"damage":6,"enemies":"3 Byrds","floor":19,"turns":5},{"damage":40,"enemies":"Gremlin Leader","floor":24,"turns":11},{"damage":13,"enemies":"Shelled Parasite and Fungi","floor":25,"turns":11},{"damage":19,"enemies":"Cultist and Chosen","floor":27,"turns":9},{"damage":6,"enemies":"Centurion and Healer","floor":28,"turns":18},{"damage":14,"enemies":"Snecko","floor":30,"turns":6},{"damage":22,"enemies":"Shelled Parasite and Fungi","floor":31,"turns":2}],"seed_played":"-133138311627902487","potions_obtained":[{"floor":4,"key":"Strength Potion"},{"floor":6,"key":"PowerPotion"},{"floor":12,"key":"Fire Potion"},{"floor":18,"key":"Explosive Potion"},{"floor":24,"key":"Fire Potion"},{"floor":25,"key":"SpeedPotion"}],"is_trial":false,"path_per_floor":["M","M","?","M","?","E","?","M","T","M","R","E","R","$","R","B",null,"M","M","?","?","$","R","E","M","T","M","M","R","M"],"character_chosen":"DEFECT","items_purchased":["Echo Form","Coolheaded","FTL"],"campfire_rested":2,"item_purchase_floors":[14,14,22],"current_hp_per_floor":[75,75,75,73,73,45,45,38,38,37,59,65,65,65,65,49,85,76,72,72,72,72,72,34,23,23,6,2,27,15,0],"gold":179,"neow_bonus":"RANDOM_COMMON_RELIC","is_prod":false,"is_daily":false,"chose_seed":false,"campfire_upgraded":3,"win_rate":0,"timestamp":1540570196,"path_taken":["M","M","?","M","?","E","?","M","T","?","R","E","R","?","R","BOSS","M","M","?","?","?","R","E","?","T","M","M","R","M","M"],"build_version":"2018-10-25v2","purchased_purges":0,"victory":false,"max_hp_per_floor":[75,75,75,75,75,75,75,75,75,75,75,85,85,85,85,85,85,85,85,85,85,85,85,85,85,85,85,85,85,85,85],"card_choices":[{"not_picked":["Rip and Tear","Reinforced Body"],"picked":"Turbo","floor":1},{"not_picked":["Gash","Chill"],"picked":"Redo","floor":2},{"not_picked":["Chaos","Barrage"],"picked":"Turbo","floor":4},{"not_picked":["Hologram","Sweeping Beam"],"picked":"Leap","floor":6},{"not_picked":["Rebound","Beam Cell"],"picked":"Defragment","floor":8},{"not_picked":["Sweeping Beam","Biased Cognition"],"picked":"Cold Snap","floor":10},{"not_picked":["Sweeping Beam","Melter"],"picked":"Rebound","floor":12},{"not_picked":["Thunder Strike","Hyperbeam"],"picked":"Echo Form","floor":16},{"not_picked":["Turbo","Sweeping Beam"],"picked":"Recycle","floor":18},{"not_picked":["Beam Cell","Stack"],"picked":"Double Energy+1","floor":19},{"not_picked":["Beam Cell","Fission"],"picked":"Glacier","floor":24},{"not_picked":["Turbo","Reprogram+1"],"picked":"Conserve Battery","floor":25},{"not_picked":["Gash","Turbo"],"picked":"Leap","floor":27},{"not_picked":["Conserve Battery","Genetic Algorithm+1"],"picked":"Creative AI+1","floor":28},{"not_picked":["Conserve Battery","Go for the Eyes"],"picked":"Cold Snap","floor":30}],"player_experience":223380,"relics_obtained":[{"floor":6,"key":"Omamori"},{"floor":9,"key":"Blood Vial"},{"floor":12,"key":"Pear"},{"floor":24,"key":"Emotion Chip"},{"floor":26,"key":"Frozen Egg 2"}],"event_choices":[{"damage_healed":0,"gold_gain":0,"player_choice":"Grow","damage_taken":0,"max_hp_gain":0,"max_hp_loss":0,"event_name":"Living Wall","floor":3,"gold_loss":0,"cards_upgraded":["Redo"]},{"cards_removed":["Strike_B"],"damage_healed":0,"gold_gain":0,"player_choice":"Card Removal","damage_taken":0,"max_hp_gain":0,"max_hp_loss":0,"event_name":"The Cleric","floor":5,"gold_loss":50},{"cards_removed":["Defend_B"],"damage_healed":0,"gold_gain":0,"player_choice":"Purged","damage_taken":0,"max_hp_gain":0,"max_hp_loss":0,"event_name":"Purifier","floor":7,"gold_loss":0},{"damage_healed":0,"gold_gain":0,"cards_transformed":["Strike_B","Strike_B"],"player_choice":"Became Test Subject","damage_taken":0,"max_hp_gain":0,"max_hp_loss":0,"event_name":"Drug Dealer","floor":20,"gold_loss":0,"cards_obtained":["Heatsinks","FTL"]},{"damage_healed":0,"gold_gain":0,"player_choice":"Traded Relic","damage_taken":0,"relics_obtained":["Nloth\u0027s Gift"],"max_hp_gain":0,"max_hp_loss":0,"event_name":"N\u0027loth","floor":21,"relics_lost":["Omamori"],"gold_loss":0}],"is_beta":false,"boss_relics":[{"not_picked":["Coffee Dripper","Orrery"],"picked":"Nuclear Battery"}],"items_purged_floors":[],"is_endless":false,"potions_floor_spawned":[4,6,12,18,24,25],"killed_by":"Shelled Parasite and Fungi","ascension_level":3}