{"gold_per_floor":[110,110,121,121,121,156,156,173,228,153,166,166,201,217,217,315,315,325,340,354,379,256,256,256,256],"floor_reached":25,"playtime":2454,"items_purged":["Strike_R","Strike_R"],"score":248,"play_id":"b650712f-647a-4f6a-9a3f-dd05df1e0b61","local_time":"20190216004930","is_ascension_mode":true,"campfire_choices":[{"data":"Ghostly Armor","floor":7,"key":"SMITH"},{"data":"Flame Barrier","floor":12,"key":"SMITH"},{"data":"Shrug It Off","floor":15,"key":"SMITH"},{"floor":23,"key":"REST"}],"neow_cost":"NONE","seed_source_timestamp":140533367100868,"circlet_count":0,"master_deck":["Strike_R","Strike_R","Defend_R","Defend_R","Defend_R","Defend_R","Bash","Ghostly Armor+1","Flame Barrier+1","Pommel Strike","Shrug It Off+1","Reaper","True Grit"],"relics":["Burning Blood","NeowsBlessing","PreservedInsect","Blue Candle","Strawberry","Self Forming Clay","Mark of Pain","Red Mask"],"potions_floor_usage":[16,16,21,25],"damage_taken":[{"damage":0,"enemies":"Jaw Worm","floor":1,"turns":1},{"damage":0,"enemies":"Small Slimes","floor":3,"turns":1},{"damage":0,"enemies":"3 Sentries","floor":6,"turns":2},{"damage":2,"enemies":"Cultist","floor":8,"turns":6},{"damage":6,"enemies":"Exordium Wildlife","floor":11,"turns":8},{"damage":15,"enemies":"Lagavulin","floor":13,"turns":10},{"damage":2,"enemies":"2 Fungi Beasts","floor":14,"turns":4},{"damage":41,"enemies":"The Guardian","floor":16,"turns":15},{"damage":29,"enemies":"Spheric Guardian","floor":18,"turns":10},{"damage":6,"enemies":"Shell Parasite","floor":19,"turns":10},{"damage":25,"enemies":"Snecko","floor":20,"turns":9},{"damage":36,"enemies":"Masked Bandits","floor":21,"turns":10},{"damage":87,"enemies":"Gremlin Leader","floor":25,"turns":10}],"seed_played":"-6809595388597456455","potions_obtained":[{"floor":1,"key":"Strength Potion"},{"floor":6,"key":"Block Potion"},{"floor":8,"key":"EssenceOfSteel"},{"floor":14,"key":"Ancient Potion"},{"floor":16,"key":"Dexterity Potion"},{"floor":20,"key":"Strength Potion"},{"floor":21,"key":"PowerPotion"}],"is_trial":false,"path_per_floor":["M","?","M","?","?","E","R","M","T","$","M","R","E","M","R","B",null,"M","M","M","?","$","R","?","E"],"character_chosen":"IRONCLAD","items_purchased":["True Grit"],"campfire_rested":1,"item_purchase_floors":[22],"current_hp_per_floor":[80,73,79,84,84,85,85,85,92,92,92,92,83,87,87,52,92,69,69,56,37,37,64,64,0],"gold":256,"neow_bonus":"THREE_ENEMY_KILL","is_prod":false,"is_daily":false,"chose_seed":false,"campfire_upgraded":3,"win_rate":0,"timestamp":1550245770,"path_taken":["M","?","M","?","?","E","R","M","T","$","M","R","E","M","R","BOSS","M","M","?","?","$","R","?","E"],"build_version":"2019-01-23","purchased_purges":2,"victory":false,"max_hp_per_floor":[80,80,80,85,85,85,85,85,92,92,92,92,92,92,92,92,92,92,92,92,92,92,92,92,92],"card_choices":[{"not_picked":["Clothesline","Rupture","Clash"],"picked":"SKIP","floor":1},{"not_picked":["Dropkick","Anger"],"picked":"Ghostly Armor","floor":3},{"not_picked":["Clothesline","Searing Blow","Havoc"],"picked":"SKIP","floor":6},{"not_picked":["Perfected Strike","Thunderclap"],"picked":"Flame Barrier","floor":8},{"not_picked":["Power Through","Shrug It Off"],"picked":"Pommel Strike","floor":11},{"not_picked":["Fiend Fire","Sentinel"],"picked":"Shrug It Off","floor":13},{"not_picked":["Thunderclap","Blood for Blood","Flex"],"picked":"SKIP","floor":14},{"not_picked":["Brutality","Bludgeon"],"picked":"Reaper","floor":16},{"not_picked":["Reckless Charge","Iron Wave","Anger"],"picked":"SKIP","floor":18},{"not_picked":["Armaments+1","Rupture","Sever Soul"],"picked":"SKIP","floor":19},{"not_picked":["Hemokinesis","Anger+1","Heavy Blade"],"picked":"SKIP","floor":20}],"player_experience":47270,"relics_obtained":[{"floor":6,"key":"Blue Candle"},{"floor":9,"key":"Strawberry"},{"floor":13,"key":"Self Forming Clay"},{"floor":21,"key":"Red Mask"}],"event_choices":[{"cards_removed":["Strike_R"],"damage_healed":0,"gold_gain":0,"player_choice":"Card Removal","damage_taken":7,"max_hp_gain":0,"max_hp_loss":0,"event_name":"Golden Wing","floor":2,"gold_loss":0},{"damage_healed":0,"gold_gain":0,"player_choice":"Donut","damage_taken":0,"max_hp_gain":5,"max_hp_loss":0,"event_name":"Big Fish","floor":4,"gold_loss":0},{"damage_healed":0,"gold_gain":0,"player_choice":"Gave Potion","damage_taken":0,"relics_obtained":["PreservedInsect"],"max_hp_gain":0,"max_hp_loss":0,"event_name":"WeMeetAgain","floor":5,"gold_loss":0},{"damage_healed":0,"gold_gain":0,"player_choice":"Fought Bandits","damage_taken":0,"max_hp_gain":0,"max_hp_loss":0,"event_name":"Masked Bandits","floor":21,"gold_loss":0},{"damage_healed":0,"gold_gain":0,"player_choice":"Ignored","damage_taken":0,"max_hp_gain":0,"max_hp_loss":0,"event_name":"Ghosts","floor":24,"gold_loss":0}],"is_beta":false,"boss_relics":[{"not_picked":["Astrolabe","Tiny House"],"picked":"Mark of Pain"}],"items_purged_floors":[10,22],"is_endless":false,"potions_floor_spawned":[1,6,8,14,16,20,21],"killed_by":"Gremlin Leader","ascension_level":1}