{"gold_per_floor":[144,189,234,279,324,414,459,459,459,72,162,207,252,297,297,597,597,642,642,687,732,777,867,912,912,937,937,39,84,129,174,186,498,510,567,624,681,738,19,94,94,139,214,259,334,424,469,514,514,514],"floor_reached":51,"playtime":3531,"items_purged":[],"score":952,"play_id":"2affaf14-59ca-49c3-9f68-b93eb95967c0","local_time":"20190218015333","daily_mods":["Draft","Vintage","Midas"],"is_ascension_mode":false,"campfire_choices":[{"floor":8,"key":"REST"},{"floor":15,"key":"REST"},{"floor":25,"key":"REST"},{"floor":27,"key":"REST"},{"floor":32,"key":"REST"},{"floor":41,"key":"REST"},{"floor":49,"key":"REST"}],"neow_cost":"","seed_source_timestamp":0,"circlet_count":0,"master_deck":["Headbutt","Twin Strike+1","Twin Strike","Iron Wave","Thunderclap","Shrug It Off","Whirlwind+1","True Grit","Heavy Blade","Shockwave","Shrug It Off","Headbutt","Seeing Red+1","Shrug It Off","Shrug It Off+1","Trip+1","Anger","Impervious+1","Metallicize","Exhume+1","Secret Technique+1","Mayhem","Impatience+1","Whirlwind+1"],"special_seed":17945,"relics":["Burning Blood","Vajra","Bottled Lightning","Juzu Bracelet","Happy Flower","Bag of Marbles","Toxic Egg 2","Omamori","Self Forming Clay","Red Skull","Whetstone","Ancient Tea Set","Incense Burner","Bottled Flame","StoneCalendar","Busted Crown","The Courier","Torii","Blood Vial","Bronze Scales","Oddly Smooth Stone","Strawberry","Centennial Puzzle","Frozen Eye","War Paint","Potion Belt","Dodecahedron","Mango","Dead Branch","Bird Faced Urn","MawBank","Black Star","Boot","Ornamental Fan","Pen Nib","Anchor","Chemical X","Sundial","Tiny Chest","Shuriken","Kunai","Lantern","Blue Candle","Ice Cream","Meat on the Bone","Mercury Hourglass","Magic Flower"],"potions_floor_usage":[4,13,16,16,33,36,37,50],"damage_taken":[{"damage":0,"enemies":"Cultist","floor":1,"turns":2},{"damage":0,"enemies":"Jaw Worm","floor":2,"turns":2},{"damage":0,"enemies":"2 Louse","floor":3,"turns":2},{"damage":11,"enemies":"Exordium Wildlife","floor":4,"turns":5},{"damage":0,"enemies":"Looter","floor":5,"turns":2},{"damage":5,"enemies":"Lagavulin","floor":6,"turns":5},{"damage":6,"enemies":"3 Louse","floor":7,"turns":2},{"damage":6,"enemies":"3 Sentries","floor":11,"turns":3},{"damage":0,"enemies":"Lots of Slimes","floor":12,"turns":1},{"damage":4,"enemies":"Large Slime","floor":13,"turns":3},{"damage":9,"enemies":"Red Slaver","floor":14,"turns":2},{"damage":16,"enemies":"The Guardian","floor":16,"turns":7},{"damage":0,"enemies":"Chosen","floor":18,"turns":3},{"damage":0,"enemies":"3 Byrds","floor":20,"turns":2},{"damage":3,"enemies":"Snake Plant","floor":21,"turns":3},{"damage":8,"enemies":"Centurion and Healer","floor":22,"turns":5},{"damage":0,"enemies":"Slavers","floor":23,"turns":1},{"damage":1,"enemies":"Shelled Parasite and Fungi","floor":24,"turns":3},{"damage":0,"enemies":"Snake Plant","floor":29,"turns":1},{"damage":0,"enemies":"Centurion and Healer","floor":30,"turns":2},{"damage":0,"enemies":"3 Cultists","floor":31,"turns":1},{"damage":15,"enemies":"Champ","floor":33,"turns":8},{"damage":0,"enemies":"Orb Walker","floor":35,"turns":1},{"damage":0,"enemies":"3 Shapes","floor":36,"turns":1},{"damage":2,"enemies":"Writhing Mass","floor":37,"turns":3},{"damage":27,"enemies":"4 Shapes","floor":38,"turns":1},{"damage":0,"enemies":"Transient","floor":40,"turns":5},{"damage":1,"enemies":"Writhing Mass","floor":42,"turns":3},{"damage":0,"enemies":"Spire Growth","floor":44,"turns":3},{"damage":0,"enemies":"Giant Head","floor":46,"turns":5},{"damage":0,"enemies":"4 Shapes","floor":47,"turns":1},{"damage":1,"enemies":"Maw","floor":48,"turns":5},{"damage":0,"enemies":"Donu and Deca","floor":50,"turns":5}],"seed_played":"-8239529163417230353","potions_obtained":[{"floor":1,"key":"GamblersBrew"},{"floor":2,"key":"GamblersBrew"},{"floor":3,"key":"SkillPotion"},{"floor":12,"key":"Strength Potion"},{"floor":14,"key":"Ancient Potion"},{"floor":21,"key":"Weak Potion"},{"floor":22,"key":"Dexterity Potion"},{"floor":31,"key":"Explosive Potion"},{"floor":33,"key":"Block Potion"},{"floor":35,"key":"LiquidBronze"},{"floor":37,"key":"LiquidBronze"},{"floor":38,"key":"Block Potion"}],"is_trial":false,"path_per_floor":["M","M","M","M","M","E","M","R","T","$","E","M","M","M","R","B",null,"M","?","M","M","M","E","M","R","T","R","$","M","M","M","R","B",null,"M","M","M","M","$","M","R","M","T","M","T","E","M","M","R","B",null],"character_chosen":"IRONCLAD","items_purchased":["Red Skull","Whetstone","Trip+1","Frozen Eye","War Paint","Potion Belt","Dodecahedron","Mango","Metallicize","Chemical X","Sundial","Secret Technique+1","Mayhem","Impatience+1"],"campfire_rested":7,"item_purchase_floors":[10,10,10,28,28,28,28,28,28,39,39,39,39,39],"current_hp_per_floor":[80,80,80,75,80,80,80,80,80,80,80,80,80,77,80,70,80,80,72,78,80,78,80,87,87,87,87,101,101,101,101,101,92,101,101,101,101,80,80,92,101,101,101,101,101,101,101,101,101,101],"gold":514,"neow_bonus":"","is_prod":false,"is_daily":true,"chose_seed":false,"campfire_upgraded":0,"win_rate":0,"timestamp":1550454813,"path_taken":["M","M","M","M","M","E","M","R","T","$","E","M","M","M","R","BOSS","M","?","M","M","M","E","M","R","T","R","$","M","M","M","R","BOSS","M","M","M","M","$","M","R","M","T","M","?","E","M","M","R","BOSS"],"build_version":"2019-01-23","purchased_purges":0,"victory":true,"max_hp_per_floor":[80,80,80,80,80,80,80,80,80,80,80,80,80,80,80,80,80,80,80,80,80,80,80,87,87,87,87,101,101,101,101,101,101,101,101,101,101,101,101,101,101,101,101,101,101,101,101,101,101,101],"card_choices":[{"not_picked":["Flex","Perfected Strike"],"picked":"Headbutt","floor":0},{"not_picked":["Hemokinesis","Havoc"],"picked":"Twin Strike","floor":0},{"not_picked":["Wild Strike","Rupture"],"picked":"Twin Strike","floor":0},{"not_picked":["Perfected Strike","Second Wind"],"picked":"Iron Wave","floor":0},{"not_picked":["Carnage","Warcry"],"picked":"Thunderclap","floor":0},{"not_picked":["Warcry","Twin Strike"],"picked":"Shrug It Off","floor":0},{"not_picked":["Cleave","Twin Strike"],"picked":"Whirlwind","floor":0},{"not_picked":["Sword Boomerang","Pommel Strike"],"picked":"True Grit","floor":0},{"not_picked":["Wild Strike","Cleave"],"picked":"Heavy Blade","floor":0},{"not_picked":["Reckless Charge","Evolve"],"picked":"Shockwave","floor":0},{"not_picked":["Iron Wave","Metallicize"],"picked":"Shrug It Off","floor":0},{"not_picked":["Pommel Strike","Twin Strike"],"picked":"Headbutt","floor":0},{"not_picked":["Pommel Strike","Evolve"],"picked":"Seeing Red","floor":0},{"not_picked":["True Grit","Bloodletting"],"picked":"Shrug It Off","floor":0},{"not_picked":["Headbutt","Iron Wave"],"picked":"Shrug It Off","floor":0},{"not_picked":["Pummel","Thunderclap","Power Through"],"picked":"SKIP","floor":6},{"not_picked":["Perfected Strike","Combust"],"picked":"Anger","floor":11},{"not_picked":["Dark Embrace","Fiend Fire"],"picked":"Impervious+1","floor":16},{"not_picked":["Rupture"],"picked":"SKIP","floor":23},{"not_picked":[],"picked":"Exhume+1","floor":33},{"not_picked":[],"picked":"Whirlwind+1","floor":46}],"player_experience":143368,"relics_obtained":[{"floor":1,"key":"Vajra"},{"floor":2,"key":"Bottled Lightning"},{"floor":3,"key":"Juzu Bracelet"},{"floor":4,"key":"Happy Flower"},{"floor":5,"key":"Bag of Marbles"},{"floor":6,"key":"Toxic Egg 2"},{"floor":7,"key":"Omamori"},{"floor":9,"key":"Self Forming Clay"},{"floor":11,"key":"Ancient Tea Set"},{"floor":12,"key":"Incense Burner"},{"floor":13,"key":"Bottled Flame"},{"floor":14,"key":"StoneCalendar"},{"floor":18,"key":"The Courier"},{"floor":20,"key":"Torii"},{"floor":21,"key":"Blood Vial"},{"floor":22,"key":"Bronze Scales"},{"floor":23,"key":"Oddly Smooth Stone"},{"floor":24,"key":"Strawberry"},{"floor":26,"key":"Centennial Puzzle"},{"floor":29,"key":"Dead Branch"},{"floor":30,"key":"Bird Faced Urn"},{"floor":31,"key":"MawBank"},{"floor":35,"key":"Boot"},{"floor":36,"key":"Ornamental Fan"},{"floor":37,"key":"Pen Nib"},{"floor":38,"key":"Anchor"},{"floor":40,"key":"Tiny Chest"},{"floor":42,"key":"Shuriken"},{"floor":43,"key":"Kunai"},{"floor":44,"key":"Lantern"},{"floor":45,"key":"Blue Candle"},{"floor":46,"key":"Ice Cream"},{"floor":46,"key":"Meat on the Bone"},{"floor":47,"key":"Mercury Hourglass"},{"floor":48,"key":"Magic Flower"}],"event_choices":[{"damage_healed":0,"gold_gain":0,"player_choice":"Damaged","damage_taken":8,"max_hp_gain":0,"max_hp_loss":0,"event_name":"Wheel of Change","floor":19,"gold_loss":0}],"is_beta":false,"boss_relics":[{"not_picked":["Orrery","Mark of Pain"],"picked":"Busted Crown"},{"not_picked":["Astrolabe","Lizard Tail"],"picked":"Black Star"}],"items_purged_floors":[],"is_endless":false,"potions_floor_spawned":[1,2,3,12,14,21,22,31,33,35,37,38],"ascension_level":0}