{"gold_per_floor":[164,229,17,17,17,17,132,197,197,197,40,40,85,85,85,385,385,470,515,198,263,39,39,104,194,219,219,318,318,318,18,18,318,318,363,428,133,453,453,543,543,212,212,257,257,257,0,0,0,0],"floor_reached":51,"playtime":4024,"items_purged":[],"score":937,"play_id":"3c3284d2-b8f1-4362-92a3-d04e57f6d624","local_time":"20190102025210","daily_mods":["Allstar","Hoarder","Midas"],"is_ascension_mode":false,"campfire_choices":[{"floor":6,"key":"REST"},{"floor":15,"key":"REST"},{"floor":23,"key":"REST"},{"floor":32,"key":"REST"},{"floor":41,"key":"REST"},{"floor":45,"key":"REST"},{"floor":49,"key":"REST"}],"neow_cost":"","seed_source_timestamp":0,"circlet_count":0,"master_deck":["Strike_R","Strike_R","Strike_R","Strike_R","Defend_R","Defend_R","Defend_R","Defend_R","Bandage Up","Bandage Up","Bandage Up","Jack Of All Trades","Jack Of All Trades","Jack Of All Trades","HandOfGreed","HandOfGreed","HandOfGreed","Chrysalis","Chrysalis","Finesse","Finesse","Finesse","Cleave","Cleave","Cleave","Havoc","Havoc","Havoc","True Grit","True Grit","True Grit","Double Tap","Double Tap","Double Tap","Headbutt","Headbutt","Headbutt","Impervious","Impervious","Impervious","Warcry","Warcry","Reaper","Reaper","Reaper","Dual Wield+1","Dual Wield+1","Violence+1","Violence+1","Violence+1","Corruption+1","Shrug It Off+1","Shrug It Off+1","Shrug It Off+1","Feel No Pain","Feel No Pain","Feel No Pain","Finesse","Finesse","Finesse","Feel No Pain","Feel No Pain","Feel No Pain","PanicButton","PanicButton","PanicButton","Iron Wave","Iron Wave","Iron Wave","Heavy Blade","Heavy Blade","Heavy Blade","Dark Embrace","Dark Embrace","Dark Embrace","Wild Strike+1","Wild Strike+1","Wild Strike+1","Ghostly Armor","Ghostly Armor","Ghostly Armor","Jack Of All Trades","Jack Of All Trades","Jack Of All Trades","Flex+1","Flex+1","Flex+1","Rampage+1","Rampage+1","Rampage+1","Secret Technique","Secret Technique","Secret Technique","Wild Strike+1","Wild Strike+1","Wild Strike+1","Finesse","Finesse","Finesse","Mind Blast+1","Mind Blast+1","Mind Blast+1","Swift Strike+1","Swift Strike+1","Swift Strike+1"],"special_seed":17897,"relics":["Burning Blood","Membership Card","Happy Flower","Kunai","Dodecahedron","Juzu Bracelet","Blood Vial","Astrolabe","Mercury Hourglass","Torii","Lantern","OrangePellets","Paper Frog","Red Skull","Bag of Marbles","ClockworkSouvenir","Molten Egg 2","Empty Cage","Ornamental Fan","MealTicket","Unceasing Top","Ancient Tea Set","Toy Ornithopter","Omamori","Centennial Puzzle","The Courier","Red Mask"],"potions_floor_usage":[50,50],"damage_taken":[{"damage":13,"enemies":"Small Slimes","floor":1,"turns":4},{"damage":1,"enemies":"2 Louse","floor":2,"turns":3},{"damage":26,"enemies":"3 Sentries","floor":7,"turns":6},{"damage":2,"enemies":"Jaw Worm","floor":8,"turns":3},{"damage":0,"enemies":"Blue Slaver","floor":13,"turns":1},{"damage":39,"enemies":"Slime Boss","floor":16,"turns":7},{"damage":24,"enemies":"2 Thieves","floor":18,"turns":5},{"damage":3,"enemies":"3 Byrds","floor":19,"turns":3},{"damage":8,"enemies":"Snecko","floor":21,"turns":11},{"damage":7,"enemies":"Snake Plant","floor":24,"turns":6},{"damage":62,"enemies":"Gremlin Leader","floor":25,"turns":13},{"damage":83,"enemies":"Collector","floor":33,"turns":18},{"damage":39,"enemies":"3 Darklings","floor":35,"turns":8},{"damage":11,"enemies":"3 Shapes","floor":36,"turns":3},{"damage":37,"enemies":"Mind Bloom Boss Battle","floor":38,"turns":10},{"damage":44,"enemies":"Nemesis","floor":40,"turns":15},{"damage":21,"enemies":"Jaw Worm Horde","floor":44,"turns":4},{"damage":7,"enemies":"Donu and Deca","floor":50,"turns":7}],"seed_played":"2052676809091822558","potions_obtained":[{"floor":2,"key":"SpeedPotion"},{"floor":7,"key":"BloodPotion"},{"floor":8,"key":"FearPotion"},{"floor":19,"key":"GamblersBrew"},{"floor":35,"key":"SkillPotion"}],"is_trial":false,"path_per_floor":["M","M","$","?","?","R","E","M","T","T","$","?","M","?","R","B",null,"M","M","$","M","$","R","M","E","T","?","?","?","?","$","R","B",null,"M","M","$","?","?","E","R","$","T","M","R","?","?","?","R","B",null],"character_chosen":"IRONCLAD","items_purchased":["Membership Card","True Grit","Blood Vial","Impervious","Mercury Hourglass","Torii","Finesse","Lantern","OrangePellets","PanicButton","Bag of Marbles","ClockworkSouvenir","Molten Egg 2","Ornamental Fan","MealTicket","SkillPotion","Jack Of All Trades","Toy Ornithopter","Omamori","Centennial Puzzle","Secret Technique"],"campfire_rested":7,"item_purchase_floors":[3,3,11,11,20,20,20,22,22,22,31,31,31,37,37,37,37,42,42,42,42],"current_hp_per_floor":[80,80,80,73,66,80,70,78,78,78,78,83,85,85,85,64,85,83,85,85,83,83,85,85,47,47,31,31,31,90,90,90,21,90,61,66,66,45,45,38,63,73,73,70,85,75,75,75,85,85],"gold":0,"neow_bonus":"","is_prod":false,"is_daily":true,"chose_seed":false,"campfire_upgraded":0,"win_rate":0,"timestamp":1546390330,"path_taken":["M","M","$","?","?","R","E","M","T","?","?","?","M","?","R","BOSS","M","M","$","M","$","R","M","E","T","?","?","?","?","?","R","BOSS","M","M","$","?","?","E","R","$","T","M","R","?","?","?","R","BOSS"],"build_version":"2018-12-20","purchased_purges":0,"victory":true,"max_hp_per_floor":[80,80,80,80,80,80,80,80,80,80,80,85,85,85,85,85,85,85,85,85,85,85,85,85,85,85,90,90,90,90,90,90,90,90,90,90,90,90,85,85,85,85,85,85,85,85,85,85,85,85],"card_choices":[{"not_picked":["Battle Trance","Warcry"],"picked":"Cleave","floor":1},{"not_picked":["Bloodletting","Warcry"],"picked":"Havoc","floor":2},{"not_picked":["Hemokinesis","Iron Wave"],"picked":"Double Tap","floor":7},{"not_picked":["Sword Boomerang","Pummel"],"picked":"Headbutt","floor":8},{"not_picked":["Body Slam","Clothesline"],"picked":"Warcry","floor":13},{"not_picked":["Limit Break","Offering"],"picked":"Reaper","floor":16},{"not_picked":["Sever Soul","Clash+1"],"picked":"Shrug It Off+1","floor":18},{"not_picked":["Seeing Red","Combust+1"],"picked":"Feel No Pain","floor":19},{"not_picked":["Headbutt","Havoc+1"],"picked":"Feel No Pain","floor":21},{"not_picked":["Wild Strike","Body Slam"],"picked":"Iron Wave","floor":24},{"not_picked":["Disarm","Reckless Charge"],"picked":"Heavy Blade","floor":25},{"not_picked":["Brutality","Impervious"],"picked":"Dark Embrace","floor":33},{"not_picked":["Anger+1","Twin Strike+1"],"picked":"Wild Strike+1","floor":35},{"not_picked":["True Grit+1","Shockwave+1"],"picked":"Ghostly Armor","floor":36},{"not_picked":["Perfected Strike+1","Spot Weakness+1"],"picked":"Flex+1","floor":38},{"not_picked":["Twin Strike+1","Headbutt+1"],"picked":"Rampage+1","floor":40},{"not_picked":["Intimidate+1","Battle Trance"],"picked":"Wild Strike+1","floor":44},{"not_picked":["Transmutation","Dramatic Entrance+1"],"picked":"Finesse","floor":46},{"not_picked":["Finesse","Panache"],"picked":"Mind Blast+1","floor":46},{"not_picked":["Madness","Deep Breath"],"picked":"Swift Strike+1","floor":46}],"player_experience":41175,"relics_obtained":[{"floor":7,"key":"Kunai"},{"floor":9,"key":"Dodecahedron"},{"floor":10,"key":"Juzu Bracelet"},{"floor":25,"key":"Paper Frog"},{"floor":26,"key":"Red Skull"},{"floor":38,"key":"Unceasing Top"},{"floor":40,"key":"Ancient Tea Set"},{"floor":43,"key":"The Courier"}],"event_choices":[{"damage_healed":0,"gold_gain":0,"player_choice":"Success","damage_taken":7,"relics_obtained":["Happy Flower"],"max_hp_gain":0,"max_hp_loss":0,"event_name":"Scrap Ooze","floor":4,"gold_loss":0},{"cards_removed":["Strike_R"],"damage_healed":0,"gold_gain":0,"player_choice":"Card Removal","damage_taken":7,"max_hp_gain":0,"max_hp_loss":0,"event_name":"Golden Wing","floor":5,"gold_loss":0},{"damage_healed":0,"gold_gain":0,"player_choice":"Donut","damage_taken":0,"max_hp_gain":5,"max_hp_loss":0,"event_name":"Big Fish","floor":12,"gold_loss":0},{"damage_healed":0,"gold_gain":0,"player_choice":"Ignored","damage_taken":0,"max_hp_gain":0,"max_hp_loss":0,"event_name":"Liars Game","floor":14,"gold_loss":0},{"damage_healed":0,"gold_gain":0,"player_choice":"Shed Blood","damage_taken":21,"max_hp_gain":5,"max_hp_loss":0,"event_name":"Forgotten Altar","floor":27,"gold_loss":0},{"damage_healed":0,"gold_gain":99,"player_choice":"Stole From Cult","damage_taken":0,"max_hp_gain":0,"max_hp_loss":0,"event_name":"Nest","floor":28,"gold_loss":0},{"damage_healed":0,"gold_gain":0,"player_choice":"Bought 0 Potions","damage_taken":0,"max_hp_gain":0,"max_hp_loss":0,"event_name":"The Woman in Blue","floor":29,"gold_loss":0},{"cards_removed":["Dual Wield"],"damage_healed":59,"gold_gain":0,"player_choice":"Offered Uncommon","damage_taken":0,"max_hp_gain":0,"max_hp_loss":0,"event_name":"Bonfire Elementals","floor":30,"gold_loss":0},{"damage_healed":0,"gold_gain":0,"player_choice":"Fight","damage_taken":0,"max_hp_gain":0,"max_hp_loss":0,"event_name":"MindBloom","floor":38,"gold_loss":0},{"damage_healed":0,"gold_gain":0,"player_choice":"Max HP","damage_taken":0,"max_hp_gain":0,"max_hp_loss":5,"event_name":"Winding Halls","floor":39,"gold_loss":0},{"damage_healed":0,"gold_gain":0,"player_choice":"Memory 3","damage_taken":10,"max_hp_gain":0,"max_hp_loss":0,"event_name":"SensoryStone","floor":46,"gold_loss":0},{"damage_healed":0,"gold_gain":0,"player_choice":"Paid","damage_taken":0,"relics_obtained":["Red Mask"],"max_hp_gain":0,"max_hp_loss":0,"event_name":"Tomb of Lord Red Mask","floor":47,"gold_loss":257},{"damage_healed":0,"gold_gain":0,"player_choice":"Ignored","damage_taken":0,"max_hp_gain":0,"max_hp_loss":0,"event_name":"SecretPortal","floor":48,"gold_loss":0}],"is_beta":false,"boss_relics":[{"not_picked":["Tiny House","Sozu"],"picked":"Astrolabe"},{"not_picked":["Coffee Dripper","Runic Pyramid"],"picked":"Empty Cage"}],"items_purged_floors":[],"is_endless":false,"potions_floor_spawned":[2,7,8,18,19,24,25,35,40,44],"ascension_level":0}