{"gold_per_floor":[109,40,40,55,67,402,402,253,253,93,118,129,145,162,162,261,261,276,176,196,196,196,196],"floor_reached":23,"playtime":1245,"items_purged":["Defend_R","Defend_R"],"score":191,"play_id":"9131cc1e-e316-493a-bfae-b4aa40a84b88","local_time":"20190215064051","is_ascension_mode":false,"campfire_choices":[{"floor":7,"key":"REST"},{"floor":15,"key":"REST"}],"neow_cost":"NONE","seed_source_timestamp":76419666468375,"circlet_count":0,"master_deck":["Strike_R","Strike_R","Strike_R","Strike_R","Strike_R","Defend_R","Defend_R+1","Bash","Shrug It Off","Whirlwind+1","Evolve","Warcry","Dual Wield","Limit Break","Battle Trance","Perfected Strike","Exhume","Wild Strike"],"relics":["Burning Blood","Old Coin","Darkstone Periapt","Odd Mushroom","Cursed Key","MutagenicStrength"],"potions_floor_usage":[12,16,16],"damage_taken":[{"damage":8,"enemies":"Cultist","floor":1,"turns":5},{"damage":1,"enemies":"Jaw Worm","floor":4,"turns":4},{"damage":5,"enemies":"2 Louse","floor":5,"turns":2},{"damage":40,"enemies":"Lagavulin","floor":6,"turns":9},{"damage":15,"enemies":"The Mushroom Lair","floor":11,"turns":3},{"damage":19,"enemies":"Exordium Thugs","floor":12,"turns":6},{"damage":13,"enemies":"Blue Slaver","floor":13,"turns":4},{"damage":4,"enemies":"2 Fungi Beasts","floor":14,"turns":3},{"damage":30,"enemies":"Slime Boss","floor":16,"turns":8},{"damage":30,"enemies":"2 Thieves","floor":18,"turns":3},{"damage":0,"enemies":"Chosen","floor":20,"turns":4},{"damage":72,"enemies":"Book of Stabbing","floor":23,"turns":5}],"seed_played":"1434108056079140349","potions_obtained":[{"floor":4,"key":"Energy Potion"},{"floor":5,"key":"Explosive Potion"},{"floor":11,"key":"Dexterity Potion"},{"floor":20,"key":"Dexterity Potion"}],"is_trial":false,"path_per_floor":["M","$","?","M","M","E","R","$","T","$","?","M","M","M","R","B",null,"M","$","M","?","?","E"],"character_chosen":"IRONCLAD","items_purchased":["Whirlwind","Dual Wield","Limit Break"],"campfire_rested":2,"item_purchase_floors":[2,8,10],"current_hp_per_floor":[86,86,68,73,74,40,66,66,66,66,57,44,37,39,65,41,88,64,64,70,70,70,0],"gold":196,"neow_bonus":"TEN_PERCENT_HP_BONUS","is_prod":false,"is_daily":false,"chose_seed":false,"campfire_upgraded":0,"win_rate":0.0,"timestamp":1550180451,"path_taken":["M","?","?","M","M","E","R","$","T","$","?","M","M","M","R","BOSS","M","$","M","?","?","E"],"build_version":"2019-01-23","purchased_purges":2,"victory":false,"max_hp_per_floor":[88,88,88,88,88,88,88,88,88,88,88,88,88,88,88,88,88,88,88,88,88,88,88],"card_choices":[{"not_picked":["True Grit","Armaments"],"picked":"Shrug It Off","floor":1},{"not_picked":["True Grit","Anger"],"picked":"Evolve","floor":4},{"not_picked":["Reckless Charge","Iron Wave","Sentinel"],"picked":"SKIP","floor":5},{"not_picked":["Fire Breathing","Thunderclap"],"picked":"Warcry","floor":6},{"not_picked":["Demon Form","Searing Blow"],"picked":"Battle Trance","floor":12},{"not_picked":["Wild Strike","Second Wind"],"picked":"Perfected Strike","floor":13},{"not_picked":["Flex","Thunderclap","Body Slam"],"picked":"SKIP","floor":14},{"not_picked":["Feed","Barricade"],"picked":"Exhume","floor":16},{"not_picked":["Rupture","Armaments"],"picked":"Wild Strike","floor":18},{"not_picked":["Burning Pact+1","Heavy Blade","True Grit+1"],"picked":"SKIP","floor":20}],"player_experience":31281,"relics_obtained":[{"floor":6,"key":"Old Coin"},{"floor":9,"key":"Darkstone Periapt"},{"floor":11,"key":"Odd Mushroom"}],"event_choices":[{"damage_healed":0,"gold_gain":0,"player_choice":"Entered Light","damage_taken":18,"max_hp_gain":0,"max_hp_loss":0,"event_name":"Shining Light","floor":3,"gold_loss":0,"cards_upgraded":["Defend_R","Whirlwind"]},{"damage_healed":0,"gold_gain":0,"player_choice":"Fought Mushrooms","damage_taken":0,"max_hp_gain":0,"max_hp_loss":0,"event_name":"Mushrooms","floor":11,"gold_loss":0},{"damage_healed":0,"gold_gain":0,"player_choice":"Ignored","damage_taken":0,"max_hp_gain":0,"max_hp_loss":0,"event_name":"Ghosts","floor":21,"gold_loss":0},{"damage_healed":0,"gold_gain":0,"player_choice":"Inject Mutagens","damage_taken":0,"relics_obtained":["MutagenicStrength"],"max_hp_gain":0,"max_hp_loss":0,"event_name":"Drug Dealer","floor":22,"gold_loss":0}],"is_beta":false,"boss_relics":[{"not_picked":["Tiny House","Orrery"],"picked":"Cursed Key"}],"items_purged_floors":[8,19],"is_endless":false,"potions_floor_spawned":[4,5,11,20],"killed_by":"Book of Stabbing","ascension_level":0}