{"path_per_floor":["M","?","$","M","?","E","R","E","T","R","?","M","M","$","R","B",null,"M","?","M","?","$","R","E","M","T","E","M","M","M","$","R","B",null,"M","$","?","M","M","E","?"],"character_chosen":"IRONCLAD","items_purchased":["Thread and Needle","Oddly Smooth Stone","Offering","Matryoshka","Mummified Hand"],"gold_per_floor":[366,316,4,16,91,116,116,143,143,143,200,210,223,148,148,243,243,255,255,270,193,48,48,374,386,411,442,456,476,495,176,176,277,277,287,38,0,12,28,91,91,91],"floor_reached":42,"campfire_rested":0,"playtime":2600,"current_hp_per_floor":[72,72,72,72,61,25,25,28,28,28,27,33,37,37,37,17,72,58,50,50,50,50,50,39,12,12,50,54,15,39,39,39,26,56,56,56,56,52,31,10,5,0],"items_purged":["Bash"],"gold":91,"score":576,"play_id":"1614283a-7693-41af-b1ae-b1563b8675f9","local_time":"20180515170310","is_prod":false,"is_daily":false,"chose_seed":false,"is_ascension_mode":true,"campfire_upgraded":5,"timestamp":1526396590,"path_taken":["M","?","$","M","?","E","R","E","T","R","?","M","?","$","R","BOSS","M","?","?","?","$","R","E","M","T","E","M","M","M","$","R","BOSS","M","$","?","M","M","E","?","E"],"build_version":"2018-05-10","seed_source_timestamp":0,"purchased_purges":3,"victory":false,"master_deck":["Defend_R","Defend_R","Defend_R","Juggernaut+1","Demon Form+1","Thunderclap+1","Reaper","Bite","Bite","Bite","Bite","Bite","Shrug It Off+1","J.A.X.","Entrench+1","True Grit+1","Offering","Impervious","Clumsy","Parasite","Decay","Heavy Blade+1","Offering","Body Slam+1","Apotheosis","Madness"],"max_hp_per_floor":[72,72,72,72,72,72,72,72,72,72,72,72,72,72,72,72,72,72,50,50,50,50,50,50,50,50,52,54,54,56,56,56,56,56,56,56,56,56,56,58,58,58],"relics":["Burning Blood","Thread and Needle","Red Skull","Gambling Chip","Ornamental Fan","Bottled Lightning","Black Star","Oddly Smooth Stone","Unceasing Top","Old Coin","Singing Bowl","Centennial Puzzle","Paper Frog","Matryoshka","Calling Bell","Bronze Scales","Toolbox","Sundial","Mummified Hand","Red Mask","Ancient Tea Set","Tiny Chest"],"card_choices":[{"not_picked":["Warcry","Disarm"],"picked":"Juggernaut","floor":6.0},{"not_picked":["Armaments","Wild Strike"],"picked":"Demon Form","floor":8.0},{"not_picked":["Iron Wave","Anger"],"picked":"Thunderclap","floor":11.0},{"not_picked":["Fiend Fire","Berserk"],"picked":"Reaper","floor":16.0},{"not_picked":["Blood for Blood","Twin Strike"],"picked":"Shrug It Off","floor":20.0},{"not_picked":["Warcry","Armaments"],"picked":"Entrench","floor":24.0},{"not_picked":["Warcry","Clash"],"picked":"True Grit","floor":29},{"not_picked":["Demon Form","Exhume"],"picked":"Impervious","floor":33},{"not_picked":["Thunderclap","Cleave"],"picked":"Heavy Blade","floor":35},{"not_picked":["Intimidate","Entrench"],"picked":"Offering","floor":38},{"not_picked":["Cleave","Anger"],"picked":"Body Slam","floor":39},{"not_picked":["Swift Strike","Finesse"],"picked":"Apotheosis","floor":41},{"not_picked":["Trip","Finesse"],"picked":"Madness","floor":41}],"player_experience":60447,"potions_floor_usage":[30,33,40,40,42],"damage_taken":[{"damage":2.0,"enemies":"Small Slimes","floor":1.0,"turns":4.0},{"damage":3.0,"enemies":"Jaw Worm","floor":4.0,"turns":4.0},{"damage":42.0,"enemies":"Lagavulin","floor":6.0,"turns":8.0},{"damage":3.0,"enemies":"3 Sentries","floor":8.0,"turns":6.0},{"damage":7.0,"enemies":"3 Sentries","floor":11.0,"turns":6.0},{"damage":0.0,"enemies":"2 Louse","floor":12.0,"turns":1.0},{"damage":2.0,"enemies":"Blue Slaver","floor":13.0,"turns":3.0},{"damage":26.0,"enemies":"Slime Boss","floor":16.0,"turns":6.0},{"damage":22.0,"enemies":"3 Byrds","floor":18.0,"turns":6.0},{"damage":6.0,"enemies":"Chosen","floor":20.0,"turns":4.0},{"damage":49.0,"enemies":"Slavers","floor":24.0,"turns":7.0},{"damage":52.0,"enemies":"Snake Plant","floor":25.0,"turns":5.0},{"damage":16.0,"enemies":"Gremlin Leader","floor":27.0,"turns":6.0},{"damage":13.0,"enemies":"Snecko","floor":28.0,"turns":5.0},{"damage":58,"enemies":"3 Cultists","floor":29,"turns":6},{"damage":7,"enemies":"Snake Plant","floor":30,"turns":5},{"damage":35,"enemies":"Collector","floor":33,"turns":9},{"damage":32,"enemies":"3 Darklings","floor":35,"turns":7},{"damage":28,"enemies":"Orb Walker","floor":38,"turns":7},{"damage":53,"enemies":"Maw","floor":39,"turns":6},{"damage":65,"enemies":"Giant Head","floor":40,"turns":10},{"damage":10,"enemies":"2 Orb Walkers","floor":42,"turns":2}],"event_choices":[{"event_name":"The Cleric","player_choice":"Card Removal","floor":2.0,"damage_taken":0.0},{"event_name":"World of Goop","player_choice":"Gather Gold","floor":5.0,"damage_taken":0.0},{"event_name":"Dead Adventurer","player_choice":"Searched \u00271\u0027 times","floor":11.0,"damage_taken":0.0},{"event_name":"Vampires","player_choice":"Became a vampire","floor":19.0,"damage_taken":0.0},{"event_name":"Drug Dealer","player_choice":"Got JAXXED","floor":21.0,"damage_taken":0.0},{"event_name":"Tomb of Lord Red Mask","player_choice":"Paid","floor":37,"damage_taken":0},{"event_name":"SensoryStone","player_choice":"Memory 2","floor":41,"damage_taken":0}],"boss_relics":[{"not_picked":["Runic Dome","Black Blood"],"picked":"Calling Bell"}],"potions_floor_spawned":[4,8,11,12,18,27,29,30,35,38],"seed_played":"-2286540093210137767","killed_by":"2 Orb Walkers","ascension_level":1,"is_trial":false}