{"path_per_floor":["M","?","M","?","?","R","E","R","T","?","?","$","M","M","R","B",null,"M","M","$","M","$","E","R","?","T","M","R","?","M","?","R"],"character_chosen":"IRONCLAD","items_purchased":["Deep Breath","Deep Breath"],"gold_per_floor":[113,113,123,123,123,123,159,159,159,109,184,109,122,146,146,271,271,296,309,103,121,16,51,51,1,28,53,53,53,72,72,72,72],"floor_reached":33,"campfire_rested":1,"playtime":932,"current_hp_per_floor":[78,71,79,76,61,61,67,67,67,67,56,56,62,56,56,20,70,45,42,42,32,32,20,64,64,64,72,72,72,44,44,44,0],"items_purged":["Defend_R","Defend_R"],"gold":72,"score":443,"play_id":"d08329ff-df1a-4778-9aa4-6ffef973bfaa","local_time":"20180519232034","is_prod":false,"is_daily":false,"chose_seed":false,"is_ascension_mode":true,"campfire_upgraded":5,"timestamp":1526764834,"campfire_choices":[{"data":"Whirlwind","floor":6,"key":"SMITH"},{"data":"Flex","floor":8,"key":"SMITH"},{"data":"Pommel Strike","floor":15,"key":"SMITH"},{"floor":24,"key":"REST"},{"data":"Dropkick","floor":28,"key":"SMITH"},{"data":"Bite","floor":32,"key":"SMITH"}],"path_taken":["M","?","?","?","?","R","E","R","T","?","?","$","?","M","R","BOSS","M","M","$","M","$","E","R","?","T","M","R","?","M","?","R","BOSS"],"build_version":"2018-05-17","seed_source_timestamp":6929246060411,"purchased_purges":2,"victory":false,"master_deck":["Defend_R+1","Bash","Whirlwind+1","Flex+1","Pommel Strike+1","Double Tap+1","Thunderclap","Battle Trance+1","Deep Breath+1","Deep Breath+1","Dropkick+1","Bite+1","Bite","Bite","Bite","Bite"],"max_hp_per_floor":[80,80,82,76,76,76,76,76,76,76,76,76,76,78,78,78,84,86,88,88,90,90,90,92,92,92,94,94,94,96,67,67,67],"relics":["Burning Blood","NeowsBlessing","Singing Bowl","Golden Idol","Dream Catcher","Toxic Egg 2","Orrery","Regal Pillow","Orichalcum"],"card_choices":[{"not_picked":["Disarm","Body Slam"],"picked":"Whirlwind","floor":1},{"not_picked":["True Grit","Ghostly Armor","Armaments"],"picked":"Singing Bowl","floor":3},{"not_picked":["Hemokinesis","Twin Strike"],"picked":"Flex","floor":7},{"not_picked":["Corruption","Shrug It Off+1"],"picked":"Pommel Strike","floor":13},{"not_picked":["Power Through+1","Wild Strike","Metallicize"],"picked":"Singing Bowl","floor":14},{"not_picked":["Immolate","Feed"],"picked":"Double Tap+1","floor":16},{"not_picked":["Headbutt","Sword Boomerang"],"picked":"Thunderclap","floor":17},{"not_picked":["Heavy Blade","Body Slam"],"picked":"Battle Trance+1","floor":17},{"not_picked":["Wild Strike","Dual Wield+1","Body Slam"],"picked":"Singing Bowl","floor":17},{"not_picked":["Thunderclap","Clash","Warcry+1"],"picked":"Singing Bowl","floor":17},{"not_picked":["Warcry+1","Bludgeon","Perfected Strike"],"picked":"Singing Bowl","floor":17},{"not_picked":["Iron Wave+1","Shrug It Off+1","Feel No Pain"],"picked":"Singing Bowl","floor":18},{"not_picked":["Perfected Strike","Infernal Blade+1","Heavy Blade"],"picked":"Singing Bowl","floor":19},{"not_picked":["Wild Strike","Thunderclap","Evolve"],"picked":"Singing Bowl","floor":21},{"not_picked":["Perfected Strike+1","Twin Strike+1"],"picked":"Dropkick","floor":23},{"not_picked":["Juggernaut","Wild Strike","Thunderclap"],"picked":"Singing Bowl","floor":24},{"not_picked":["Pommel Strike","Dual Wield+1","Shrug It Off+1"],"picked":"Singing Bowl","floor":27},{"not_picked":["Twin Strike+1","Clothesline+1","Clash"],"picked":"Singing Bowl","floor":30}],"player_experience":122040,"potions_floor_usage":[14,16,16],"damage_taken":[{"damage":0,"enemies":"Jaw Worm","floor":1,"turns":1},{"damage":0,"enemies":"Small Slimes","floor":3,"turns":1},{"damage":0,"enemies":"Lagavulin","floor":7,"turns":1},{"damage":0,"enemies":"Cultist","floor":13,"turns":2},{"damage":14,"enemies":"Lots of Slimes","floor":14,"turns":2},{"damage":42,"enemies":"The Guardian","floor":16,"turns":8},{"damage":33,"enemies":"2 Thieves","floor":18,"turns":3},{"damage":11,"enemies":"Spheric Guardian","floor":19,"turns":3},{"damage":18,"enemies":"Snecko","floor":21,"turns":3},{"damage":18,"enemies":"Gremlin Leader","floor":23,"turns":4},{"damage":0,"enemies":"Centurion and Healer","floor":27,"turns":2},{"damage":36,"enemies":"Snake Plant","floor":30,"turns":3},{"damage":82,"enemies":"Champ","floor":33,"turns":7}],"relics_obtained":[{"floor":7,"key":"Dream Catcher"},{"floor":9,"key":"Toxic Egg 2"},{"floor":23,"key":"Regal Pillow"},{"floor":26,"key":"Orichalcum"}],"event_choices":[{"event_name":"Scrap Ooze","player_choice":"success","floor":2,"damage_taken":7},{"event_name":"Golden Idol","player_choice":"Lose Max HP","floor":4,"damage_taken":0},{"event_name":"Shining Light","player_choice":"Entered Light","floor":5,"damage_taken":0},{"event_name":"The Cleric","player_choice":"Card Removal","floor":10,"damage_taken":0},{"event_name":"World of Goop","player_choice":"Gather Gold","floor":11,"damage_taken":0},{"event_name":"The Joust","player_choice":"Bet on Murderer","floor":25,"damage_taken":0},{"event_name":"Ghosts","player_choice":"Ignored","floor":29,"damage_taken":0},{"event_name":"Vampires","player_choice":"Became a vampire","floor":31,"damage_taken":0}],"boss_relics":[{"not_picked":["Runic Pyramid","Tiny House"],"picked":"Orrery"}],"potions_floor_spawned":[1,13,14,16,21],"seed_played":"8394863305175350014","killed_by":"Champ","ascension_level":9,"potions_obtained":[{"floor":1,"key":"Poison Potion"},{"floor":13,"key":"Weak Potion"},{"floor":14,"key":"LiquidBronze"},{"floor":16,"key":"Dexterity Potion"},{"floor":21,"key":"Dexterity Potion"}],"is_trial":false}