{"path_per_floor":["M","?","M","M","M","R","M","R","T","?","?","M","M"],"character_chosen":"IRONCLAD","items_purchased":[],"gold_per_floor":[110,110,125,142,155,155,173,173,221,221,221,239,250,250],"floor_reached":14,"campfire_rested":1,"playtime":483,"item_purchase_floors":[],"current_hp_per_floor":[33,38,38,43,37,62,34,34,34,34,34,38,10,0],"items_purged":[],"gold":250,"score":126,"play_id":"4f321a86-ae63-438e-af65-373cdc8e4887","local_time":"20180529033105","is_prod":false,"is_daily":false,"chose_seed":false,"is_ascension_mode":true,"campfire_upgraded":1,"win_rate":0,"timestamp":1527557465,"campfire_choices":[{"floor":6,"key":"REST"},{"data":"Bash","floor":8,"key":"SMITH"}],"path_taken":["M","?","?","M","M","R","M","R","T","?","?","M","?","E"],"build_version":"2018-05-24","seed_source_timestamp":0,"purchased_purges":0,"victory":false,"master_deck":["Strike_R","Strike_R","Strike_R","Strike_R","Defend_R+1","Defend_R+1","Bash+1","AscendersBane","Headbutt","Seeing Red","Headbutt"],"max_hp_per_floor":[80,85,85,85,85,85,85,85,85,85,85,85,85,85],"relics":["Burning Blood","War Paint","Mummified Hand"],"card_choices":[{"not_picked":["Uppercut","Perfected Strike","Pommel Strike"],"picked":"SKIP","floor":1},{"not_picked":["Pommel Strike","Carnage"],"picked":"Headbutt","floor":3},{"not_picked":["Clash","True Grit","Perfected Strike"],"picked":"SKIP","floor":4},{"not_picked":["Warcry","Armaments","Rupture"],"picked":"SKIP","floor":5},{"not_picked":["Reaper","Heavy Blade","Clothesline"],"picked":"SKIP","floor":7},{"not_picked":["Body Slam","Burning Pact","True Grit"],"picked":"SKIP","floor":12},{"not_picked":["Twin Strike","Flex"],"picked":"Headbutt","floor":13}],"player_experience":201319,"potions_floor_usage":[7,14,14],"damage_taken":[{"damage":9,"enemies":"Jaw Worm","floor":1,"turns":6},{"damage":6,"enemies":"2 Louse","floor":3,"turns":3},{"damage":1,"enemies":"Cultist","floor":4,"turns":3},{"damage":12,"enemies":"Looter","floor":5,"turns":3},{"damage":34,"enemies":"Gremlin Gang","floor":7,"turns":8},{"damage":2,"enemies":"Exordium Wildlife","floor":12,"turns":3},{"damage":34,"enemies":"Large Slime","floor":13,"turns":6},{"damage":22,"enemies":"Lagavulin","floor":14,"turns":3}],"relics_obtained":[{"floor":9,"key":"War Paint"}],"event_choices":[{"event_name":"Big Fish","player_choice":"Donut","floor":2,"damage_taken":0},{"event_name":"Dead Adventurer","player_choice":"Searched \u00271\u0027 times","floor":10,"damage_taken":0},{"event_name":"Transmorgrifier","player_choice":"Transform","floor":11,"damage_taken":0}],"boss_relics":[],"items_purged_floors":[],"potions_floor_spawned":[1,7,13],"seed_played":"-2613107195074194029","killed_by":"Lagavulin","ascension_level":10,"potions_obtained":[{"floor":1,"key":"Block Potion"},{"floor":7,"key":"AttackPotion"},{"floor":13,"key":"Weak Potion"}],"is_trial":false}