{"path_per_floor":["M","M","$","M","M","E","$","E","T","R","M","?","R","M","R","B",null,"M","M","?","M","M","E","M"],"character_chosen":"THE_SILENT","items_purchased":["Prepared","Bouncing Flask"],"gold_per_floor":[112,128,101,113,130,162,125,158,182,182,200,200,200,213,213,311,311,285,301,216,232,244,273,283],"floor_reached":25,"campfire_rested":2,"playtime":2322,"current_hp_per_floor":[69,65,65,63,61,35,35,25,25,48,42,39,62,60,60,36,77,64,62,62,58,41,32,3],"items_purged":[],"gold":283,"play_id":"d0189180-f467-430f-b106-38b5a771f34f","is_prod":false,"is_daily":false,"campfire_rituals":0,"campfire_upgraded":1,"is_hardmode":false,"path_taken":["M","M","$","M","M","E","$","E","T","R","M","?","R","M","R","BOSS","M","M","?","?","M","E","M","M"],"build_version":"2018-01-11-PROD1","purchased_purges":0,"victory":false,"master_deck":["Defend_G","Defend_G","Defend_G","Defend_G","Defend_G","Strike_G","Strike_G","Strike_G","Strike_G","Strike_G","Survivor","Neutralize","Cloak And Dagger","Escape Plan","Prepared","Choke","Cloak And Dagger","Caltrops","Bouncing Flask","Leg Sweep","Blur","Slice","Adrenaline","Bouncing Flask","Flying Knee","Dagger Throw","Quick Slash","Deadly Poison","Blade Dance"],"max_hp_per_floor":[70,70,70,70,70,70,70,77,77,77,77,77,77,77,77,77,77,77,77,77,77,77,77,77],"relics":["Ring of the Snake","Ancient Tea Set","Tough Bandages","Strawberry","Toxic Egg","War Paint","White Beast Statue","Orichalcum","Bronze Scales"],"campfire_meditates":0,"card_choices":[{"not_picked":["Venomology","Poisoned Stab"],"picked":"Cloak And Dagger"},{"not_picked":["Underhanded Strike","Catalyst"],"picked":"Escape Plan"},{"not_picked":["Masterful Stab","Underhanded Strike"],"picked":"Choke"},{"not_picked":["PiercingWail","Footwork"],"picked":"Cloak And Dagger"},{"not_picked":["Skewer","Crippling Poison"],"picked":"Caltrops"},{"not_picked":["Adrenaline","Predator"],"picked":"Leg Sweep"},{"not_picked":["Malaise","Deadly Poison"],"picked":"Blur"},{"not_picked":["Skewer","Prepared"],"picked":"Slice"},{"not_picked":["Venomology","Envenom"],"picked":"Adrenaline"},{"not_picked":["Predator","Eviscerate"],"picked":"Bouncing Flask"},{"not_picked":["Dagger Throw","Outmaneuver"],"picked":"Flying Knee"},{"not_picked":["Dagger Spray","Glass Knife"],"picked":"Dagger Throw"},{"not_picked":["Skewer","Flying Knee"],"picked":"Quick Slash"},{"not_picked":["Caltrops","Slice"],"picked":"Deadly Poison"},{"not_picked":["Flying Knee","Dodge and Roll"],"picked":"Blade Dance"}],"player_experience":44372,"potions_floor_usage":[16,18,21,23,23,23,24,25],"damage_taken":[{"damage":1,"enemies":"Cultist","floor":1,"turns":4},{"damage":4,"enemies":"Jaw Worm","floor":2,"turns":5},{"damage":2,"enemies":"Small Slimes","floor":4,"turns":4},{"damage":2,"enemies":"Looter","floor":5,"turns":3},{"damage":26,"enemies":"Lagavulin","floor":6,"turns":8},{"damage":17,"enemies":"Gremlin Nob","floor":8,"turns":5},{"damage":6,"enemies":"2 Fungi Beasts","floor":11,"turns":4},{"damage":2,"enemies":"Gremlin Gang","floor":14,"turns":6},{"damage":39,"enemies":"Hexaghost","floor":16,"turns":10},{"damage":13,"enemies":"2 Thieves","floor":18,"turns":5},{"damage":2,"enemies":"Chosen","floor":19,"turns":6},{"damage":4,"enemies":"Snake Plant","floor":21,"turns":6},{"damage":17,"enemies":"Centurion and Healer","floor":22,"turns":7},{"damage":9,"enemies":"Gremlin Leader","floor":23,"turns":7},{"damage":38,"enemies":"Chosen and Byrds","floor":24,"turns":6},{"damage":8,"enemies":"Snake Plant","floor":25,"turns":2}],"event_choices":[{"event_name":"Scrap Ooze","player_choice":"success","floor":12,"damage_taken":3},{"event_name":"Addict","player_choice":"Obtained Relic","floor":20,"damage_taken":0}],"boss_relics":[{"not_picked":["Snecko Eye","Lizard Tail"],"picked":"White Beast Statue"}],"potions_floor_spawned":[1,5,11,14,16,18,19,21,22,23,24],"seed_played":"6781385564176378155","killed_by":"Snake Plant","is_trial":false}