{"gold_per_floor":[114,125,125,142,67,93,93,123,150,150],"floor_reached":10,"playtime":384,"items_purged":["Strike_R"],"score":118,"play_id":"2636c4c9-9cfd-4dcd-93af-69747187a50b","local_time":"20190206010036","is_ascension_mode":true,"campfire_choices":[{"data":"Limit Break","floor":7,"key":"SMITH"}],"neow_cost":"NONE","seed_source_timestamp":332069466527372,"circlet_count":0,"master_deck":["AscendersBane","Strike_R","Strike_R","Strike_R","Defend_R","Defend_R","Defend_R","Defend_R","Bash","True Grit","True Grit","Inflame","Limit Break+1"],"relics":["Burning Blood","Vajra","PreservedInsect","Dream Catcher"],"potions_floor_usage":[6],"damage_taken":[{"damage":10,"enemies":"Small Slimes","floor":1,"turns":6},{"damage":8,"enemies":"Cultist","floor":2,"turns":5},{"damage":0,"enemies":"Jaw Worm","floor":4,"turns":5},{"damage":33,"enemies":"Lagavulin","floor":6,"turns":5},{"damage":41,"enemies":"Gremlin Nob","floor":8,"turns":5},{"damage":11,"enemies":"Gremlin Gang","floor":10,"turns":2}],"seed_played":"1577749385743960965","potions_obtained":[{"floor":2,"key":"Strength Potion"},{"floor":4,"key":"AttackPotion"}],"is_trial":false,"path_per_floor":["M","M","?","M","$","E","R","E","T","M"],"character_chosen":"IRONCLAD","items_purchased":[],"campfire_rested":0,"item_purchase_floors":[],"current_hp_per_floor":[76,74,67,73,73,46,46,11,11,0],"gold":150,"neow_bonus":"TEN_PERCENT_HP_BONUS","is_prod":false,"is_daily":false,"chose_seed":false,"campfire_upgraded":1,"win_rate":0,"timestamp":1549407636,"path_taken":["M","M","?","M","$","E","R","E","T","M"],"build_version":"2019-01-23","purchased_purges":1,"victory":false,"max_hp_per_floor":[88,88,88,88,88,88,88,88,88,88],"card_choices":[{"not_picked":["Anger","Shockwave"],"picked":"True Grit","floor":1},{"not_picked":["Pommel Strike","Iron Wave"],"picked":"True Grit","floor":2},{"not_picked":["Clash","Armaments"],"picked":"Inflame","floor":4},{"not_picked":["Wild Strike","Shrug It Off"],"picked":"Limit Break","floor":6},{"not_picked":["Shockwave","Berserk","Rampage"],"picked":"SKIP","floor":8}],"player_experience":171725,"relics_obtained":[{"floor":6,"key":"Vajra"},{"floor":8,"key":"PreservedInsect"},{"floor":9,"key":"Dream Catcher"}],"event_choices":[{"cards_removed":["Strike_R"],"damage_healed":0,"gold_gain":0,"player_choice":"Card Removal","damage_taken":7,"max_hp_gain":0,"max_hp_loss":0,"event_name":"Golden Wing","floor":3,"gold_loss":0}],"is_beta":false,"boss_relics":[],"items_purged_floors":[5],"is_endless":false,"potions_floor_spawned":[2,4],"killed_by":"Gremlin Gang","ascension_level":11}