{"gold_per_floor":[119,4,4,14,29,29,55,55,128,147,165,179,179,179,179,276,276,289,289,309,28,28,58,74,74,155,174,190,216,226,24,24,128,178,192,92,142,160,160,160,174,174,247,262,21,21,39,49,49,49,49,49,49,82,82],"floor_reached":55,"playtime":4162,"items_purged":["Shame","Strike_B"],"score":686,"play_id":"36cc7947-13c6-45e1-8aa0-2f8f5f45036f","local_time":"20190221080153","is_ascension_mode":false,"campfire_choices":[{"data":"Zap","floor":6,"key":"SMITH"},{"data":"Defend_B","floor":8,"key":"SMITH"},{"data":"Hologram","floor":13,"key":"SMITH"},{"data":"Coolheaded","floor":15,"key":"SMITH"},{"data":"Strike_B","floor":25,"key":"PURGE"},{"floor":32,"key":"REST"},{"data":"Writhe","floor":40,"key":"PURGE"},{"data":"Strike_B","floor":42,"key":"PURGE"},{"floor":49,"key":"RECALL"},{"data":"Strike_B","floor":52,"key":"PURGE"}],"neow_cost":"NONE","seed_source_timestamp":0,"circlet_count":0,"master_deck":["Defend_B","Defend_B+1","Defend_B","Defend_B+1","Zap+1","Dualcast","FTL","Recycle+1","Capacitor","Genetic Algorithm","Rebound","Gash","Hologram+1","Coolheaded+1","All For One","Go for the Eyes+1","BootSequence+1","Streamline+1","Conserve Battery+1","Acrobatics","Feel No Pain+1","Gash","Storm of Steel","Inflame","Fire Breathing+1","Headbutt","Deflect","Flex+1","All For One","Creative AI","Redo+1","Steam+1"],"relics":["Cracked Core","NeowsBlessing","Bag of Preparation","Fusion Hammer","Calipers","PrismaticShard","Nilry\u0027s Codex","Peace Pipe","Bottled Flame","Oddly Smooth Stone","Lantern","Tiny House","Thread and Needle","Blue Candle","Pear"],"potions_floor_usage":[16,23,33,34,54,54,54,54,55,55,55],"damage_taken":[{"damage":0,"enemies":"Small Slimes","floor":1,"turns":1},{"damage":0,"enemies":"Cultist","floor":4,"turns":1},{"damage":0,"enemies":"Jaw Worm","floor":5,"turns":1},{"damage":26,"enemies":"Lagavulin","floor":7,"turns":7},{"damage":0,"enemies":"Looter","floor":10,"turns":2},{"damage":0,"enemies":"Large Slime","floor":11,"turns":4},{"damage":0,"enemies":"Blue Slaver","floor":12,"turns":3},{"damage":4,"enemies":"The Guardian","floor":16,"turns":13},{"damage":3,"enemies":"Spheric Guardian","floor":18,"turns":5},{"damage":0,"enemies":"3 Byrds","floor":20,"turns":6},{"damage":14,"enemies":"Slavers","floor":23,"turns":7},{"damage":3,"enemies":"Sentry and Sphere","floor":24,"turns":4},{"damage":0,"enemies":"Centurion and Healer","floor":27,"turns":5},{"damage":0,"enemies":"Chosen and Byrds","floor":28,"turns":3},{"damage":13,"enemies":"Gremlin Leader","floor":29,"turns":4},{"damage":1,"enemies":"3 Cultists","floor":30,"turns":6},{"damage":18,"enemies":"Automaton","floor":33,"turns":10},{"damage":12,"enemies":"3 Darklings","floor":35,"turns":4},{"damage":28,"enemies":"2 Orb Walkers","floor":37,"turns":4},{"damage":0,"enemies":"3 Shapes","floor":38,"turns":5},{"damage":0,"enemies":"Spire Growth","floor":41,"turns":4},{"damage":0,"enemies":"Sphere and 2 Shapes","floor":44,"turns":4},{"damage":0,"enemies":"Transient","floor":47,"turns":5},{"damage":0,"enemies":"Jaw Worm Horde","floor":48,"turns":4},{"damage":50,"enemies":"Awakened One","floor":50,"turns":17},{"damage":61,"enemies":"Shield and Spear","floor":54,"turns":7},{"damage":84,"enemies":"The Heart","floor":55,"turns":5}],"seed_played":"-7554730940685468872","potions_obtained":[{"floor":1,"key":"Regen Potion"},{"floor":7,"key":"Swift Potion"},{"floor":12,"key":"Strength Potion"},{"floor":24,"key":"PowerPotion"},{"floor":27,"key":"FearPotion"},{"floor":34,"key":"Fruit Juice"},{"floor":35,"key":"FocusPotion"},{"floor":54,"key":"FearPotion"}],"is_trial":false,"path_per_floor":["M","$","?","M","M","R","E","R","T","M","M","M","R","?","R","B",null,"M","?","M","$","?","E","M","R","T","M","M","E","M","$","R","B",null,"M","$","?","M","?","R","M","R","T","M","$","?","M","M","R","B",null,"R","$","E","B"],"character_chosen":"DEFECT","items_purchased":["Recycle","Capacitor","PrismaticShard","Gash","Lantern","All For One","EntropicBrew"],"campfire_rested":1,"item_purchase_floors":[2,2,21,31,31,45,45],"current_hp_per_floor":[75,75,75,75,75,75,49,49,49,49,49,49,49,54,54,50,80,77,77,77,77,61,62,59,59,59,59,59,46,45,45,69,51,90,78,78,50,50,73,73,73,73,73,73,73,73,73,73,73,23,90,90,90,53,0],"gold":82,"neow_bonus":"THREE_ENEMY_KILL","is_prod":false,"is_daily":false,"chose_seed":true,"campfire_upgraded":4,"win_rate":0,"timestamp":1550703713,"path_taken":["M","$","?","M","?","R","E","R","T","M","M","M","R","?","R","BOSS","M","?","M","$","?","E","M","R","T","M","M","E","M","$","R","BOSS","M","$","?","M","?","R","M","R","T","M","$","?","M","M","R","BOSS","R","$","E","BOSS"],"build_version":"2019-01-23","purchased_purges":2,"victory":false,"max_hp_per_floor":[75,75,75,75,75,75,75,75,75,75,75,75,75,80,80,80,80,80,80,80,80,80,80,80,80,80,80,80,80,80,80,80,80,90,90,90,90,90,90,90,90,90,90,90,90,90,90,90,90,90,90,90,90,100,100],"card_choices":[{"not_picked":["Rebound","Redo"],"picked":"FTL","floor":1},{"not_picked":["Ball Lightning","Steam Power"],"picked":"Genetic Algorithm","floor":4},{"not_picked":["Go for the Eyes","Cold Snap"],"picked":"Rebound","floor":5},{"not_picked":["Capacitor","Beam Cell"],"picked":"Gash","floor":7},{"not_picked":["Stack","Force Field","Rip and Tear"],"picked":"SKIP","floor":10},{"not_picked":["Chaos","Rebound"],"picked":"Hologram","floor":11},{"not_picked":["Double Energy","Cold Snap"],"picked":"Coolheaded","floor":12},{"not_picked":["Echo Form","Thunder Strike"],"picked":"All For One","floor":16},{"not_picked":["Steam+1","Recycle"],"picked":"Go for the Eyes+1","floor":18},{"not_picked":["Barrage","Cold Snap"],"picked":"BootSequence+1","floor":20},{"not_picked":["Multi-Cast","Perfected Strike"],"picked":"Streamline+1","floor":23},{"not_picked":["Clothesline","Ball Lightning","Streamline"],"picked":"SKIP","floor":24},{"not_picked":["Sword Boomerang","Compile Driver+1"],"picked":"Conserve Battery+1","floor":27},{"not_picked":["Go for the Eyes","PiercingWail"],"picked":"Acrobatics","floor":28},{"not_picked":["Prepared+1","Capacitor"],"picked":"Feel No Pain+1","floor":29},{"not_picked":["Turbo","Cleave","Redo"],"picked":"SKIP","floor":30},{"not_picked":["Rainbow","Barricade"],"picked":"Storm of Steel","floor":33},{"not_picked":["Noxious Fumes","Bandage Up"],"picked":"Inflame","floor":34},{"not_picked":["Headbutt","Force Field"],"picked":"Fire Breathing+1","floor":35},{"not_picked":["Flying Knee","Concentrate"],"picked":"Headbutt","floor":38},{"not_picked":["Cleave+1","Stack+1"],"picked":"Deflect","floor":41},{"not_picked":["Gash","Bane"],"picked":"Flex+1","floor":44},{"not_picked":["Loop+1","Armaments","Storm"],"picked":"SKIP","floor":47},{"not_picked":["Distraction+1","Pommel Strike"],"picked":"Redo+1","floor":48},{"not_picked":["Dagger Throw","Transmutation"],"picked":"Steam+1","floor":54}],"player_experience":460276,"relics_obtained":[{"floor":7,"key":"Bag of Preparation"},{"floor":22,"key":"Nilry\u0027s Codex"},{"floor":23,"key":"Peace Pipe"},{"floor":26,"key":"Bottled Flame"},{"floor":29,"key":"Oddly Smooth Stone"},{"floor":37,"key":"Thread and Needle"},{"floor":43,"key":"Blue Candle"},{"floor":54,"key":"Pear"}],"event_choices":[{"damage_healed":0,"gold_gain":0,"player_choice":"Upgraded","damage_taken":0,"max_hp_gain":0,"max_hp_loss":0,"event_name":"Upgrade Shrine","floor":3,"gold_loss":0,"cards_upgraded":["Recycle"]},{"damage_healed":0,"gold_gain":0,"player_choice":"Donut","damage_taken":0,"max_hp_gain":5,"max_hp_loss":0,"event_name":"Big Fish","floor":14,"gold_loss":0},{"damage_healed":0,"gold_gain":0,"player_choice":"Stole Relic","damage_taken":0,"relics_obtained":["Calipers"],"max_hp_gain":0,"max_hp_loss":0,"event_name":"Addict","floor":19,"gold_loss":0,"cards_obtained":["Shame"]},{"damage_healed":0,"gold_gain":0,"player_choice":"Obtained Book","damage_taken":16,"max_hp_gain":0,"max_hp_loss":0,"event_name":"Cursed Tome","floor":22,"gold_loss":0},{"damage_healed":0,"gold_gain":0,"player_choice":"Fight","damage_taken":0,"max_hp_gain":0,"max_hp_loss":0,"event_name":"Mysterious Sphere","floor":37,"gold_loss":0},{"damage_healed":23,"gold_gain":0,"player_choice":"Writhe","damage_taken":0,"max_hp_gain":0,"max_hp_loss":0,"event_name":"Winding Halls","floor":39,"gold_loss":0,"cards_obtained":["Writhe"]},{"damage_healed":0,"gold_gain":0,"player_choice":"1 cards matched","damage_taken":0,"max_hp_gain":0,"max_hp_loss":0,"event_name":"Match and Keep!","floor":46,"gold_loss":0,"cards_obtained":["Creative AI"]}],"is_beta":false,"boss_relics":[{"not_picked":["White Beast Statue","Lizard Tail"],"picked":"Fusion Hammer"},{"not_picked":["Runic Dome","Philosopher\u0027s Stone"],"picked":"Tiny House"}],"items_purged_floors":[21,36],"is_endless":false,"potions_floor_spawned":[1,7,12,24,27,29,30,35,37,38,48,54],"killed_by":"The Heart","ascension_level":0}