{"gold_per_floor":[109,109,109,128,128,159,159,191,191,201,201,169,169,179,179,284,284,294,294,219,29,29,29],"floor_reached":23,"playtime":2078,"items_purged":[],"score":222,"play_id":"e87254dd-6798-4737-bf98-2418afb731d4","local_time":"20190214234833","is_ascension_mode":false,"campfire_choices":[{"floor":7,"key":"REST"},{"floor":11,"key":"REST"},{"data":"True Grit","floor":15,"key":"SMITH"}],"neow_cost":"NONE","seed_source_timestamp":50848265735903,"circlet_count":0,"master_deck":["Strike_R","Strike_R","Strike_R","Strike_R+1","Strike_R+1","Defend_R","Defend_R","Defend_R","Defend_R","Bash","Feel No Pain+1","True Grit+1","Corruption","Feed","Limit Break","Burning Pact","Feel No Pain","True Grit","Limit Break","Violence"],"relics":["Burning Blood","Dodecahedron","Meat on the Bone","Kunai","Bag of Preparation","Orrery"],"potions_floor_usage":[14,16,16],"damage_taken":[{"damage":5,"enemies":"Cultist","floor":1,"turns":4},{"damage":3,"enemies":"Jaw Worm","floor":4,"turns":3},{"damage":23,"enemies":"3 Sentries","floor":6,"turns":11},{"damage":40,"enemies":"Lagavulin","floor":8,"turns":8},{"damage":8,"enemies":"2 Louse","floor":10,"turns":4},{"damage":6,"enemies":"Exordium Thugs","floor":12,"turns":5},{"damage":4,"enemies":"Large Slime","floor":14,"turns":7},{"damage":64,"enemies":"Slime Boss","floor":16,"turns":17},{"damage":20,"enemies":"Chosen","floor":18,"turns":7},{"damage":26,"enemies":"2 Thieves","floor":20,"turns":5},{"damage":52,"enemies":"Gremlin Leader","floor":23,"turns":4}],"seed_played":"8480818987897584200","potions_obtained":[{"floor":1,"key":"Weak Potion"},{"floor":10,"key":"Dexterity Potion"},{"floor":12,"key":"BloodPotion"}],"is_trial":false,"path_per_floor":["M","?","?","M","?","E","R","E","T","M","R","M","?","M","R","B",null,"M","?","M","$","?","E"],"character_chosen":"IRONCLAD","items_purchased":["Violence"],"campfire_rested":2,"item_purchase_floors":[21],"current_hp_per_floor":[88,70,70,73,73,56,82,48,48,58,84,87,80,91,91,48,94,83,83,63,63,44,0],"gold":29,"neow_bonus":"TEN_PERCENT_HP_BONUS","is_prod":false,"is_daily":false,"chose_seed":false,"campfire_upgraded":1,"win_rate":0.0,"timestamp":1550155713,"path_taken":["M","?","?","?","?","E","R","E","T","?","R","M","?","M","R","BOSS","M","?","M","$","?","E"],"build_version":"2019-01-23","purchased_purges":0,"victory":false,"max_hp_per_floor":[88,88,88,88,88,88,88,88,88,88,88,91,91,91,91,94,94,97,97,97,97,102,102],"card_choices":[{"not_picked":["Heavy Blade","Iron Wave"],"picked":"Feel No Pain","floor":1},{"not_picked":["Iron Wave","Cleave"],"picked":"True Grit","floor":4},{"not_picked":["Battle Trance","Clothesline","Iron Wave"],"picked":"SKIP","floor":6},{"not_picked":["Armaments","Body Slam"],"picked":"Corruption","floor":8},{"not_picked":["Iron Wave","Perfected Strike"],"picked":"Feed","floor":10},{"not_picked":["Cleave","Inflame","Armaments"],"picked":"SKIP","floor":12},{"not_picked":["Shrug It Off","Dropkick","Headbutt"],"picked":"SKIP","floor":14},{"not_picked":["Feed","Double Tap"],"picked":"Limit Break","floor":16},{"not_picked":["Anger","Sword Boomerang"],"picked":"Burning Pact","floor":17},{"not_picked":["Thunderclap","Pommel Strike"],"picked":"Feel No Pain","floor":17},{"not_picked":["Second Wind+1","Armaments"],"picked":"True Grit","floor":18},{"not_picked":["Clash","Burning Pact"],"picked":"Limit Break","floor":20}],"player_experience":6499,"relics_obtained":[{"floor":6,"key":"Dodecahedron"},{"floor":8,"key":"Meat on the Bone"},{"floor":9,"key":"Kunai"}],"event_choices":[{"damage_healed":0,"gold_gain":0,"player_choice":"Entered Light","damage_taken":18,"max_hp_gain":0,"max_hp_loss":0,"event_name":"Shining Light","floor":2,"gold_loss":0,"cards_upgraded":["Strike_R","Strike_R"]},{"damage_healed":0,"gold_gain":0,"player_choice":"Leave","damage_taken":0,"max_hp_gain":0,"max_hp_loss":0,"event_name":"The Cleric","floor":3,"gold_loss":0},{"damage_healed":0,"gold_gain":0,"player_choice":"Upgraded","damage_taken":0,"max_hp_gain":0,"max_hp_loss":0,"event_name":"Upgrade Shrine","floor":5,"gold_loss":0,"cards_upgraded":["Feel No Pain"]},{"damage_healed":0,"gold_gain":0,"player_choice":"Success","damage_taken":7,"relics_obtained":["Bag of Preparation"],"max_hp_gain":0,"max_hp_loss":0,"event_name":"Scrap Ooze","floor":13,"gold_loss":0},{"damage_healed":0,"gold_gain":0,"player_choice":"Ignored","damage_taken":0,"max_hp_gain":0,"max_hp_loss":0,"event_name":"Vampires","floor":19,"gold_loss":0},{"damage_healed":0,"gold_gain":0,"player_choice":"Shed Blood","damage_taken":24,"max_hp_gain":5,"max_hp_loss":0,"event_name":"Forgotten Altar","floor":22,"gold_loss":0}],"is_beta":false,"boss_relics":[{"not_picked":["Runic Pyramid","Tiny House"],"picked":"Orrery"}],"items_purged_floors":[],"is_endless":false,"potions_floor_spawned":[1,10,12],"killed_by":"Gremlin Leader","ascension_level":0}