{"gold_per_floor":[115,129,129,143,143,143,173,173,173,192,192,43,43,62,62,193,193,208,208,208,83,50,50,61,61,61,61,78,78,78,94,94,192,192,205,1204,1204,442,442,442,453,453,480,511,511],"floor_reached":45,"playtime":4741,"items_purged":["Strike_G","Strike_G","Defend_G"],"score":479,"play_id":"365210ae-8ac3-44b8-9cf9-e7bd3c34297d","local_time":"20181230234657","is_ascension_mode":false,"campfire_choices":[{"data":"Footwork","floor":6,"key":"SMITH"},{"data":"Dash","floor":8,"key":"SMITH"},{"data":"Bane","floor":11,"key":"SMITH"},{"data":"Survivor","floor":13,"key":"SMITH"},{"data":"Quick Slash","floor":15,"key":"SMITH"},{"floor":23,"key":"REST"},{"data":"Noxious Fumes","floor":25,"key":"SMITH"},{"data":"Storm of Steel","floor":27,"key":"SMITH"},{"data":"Night Terror","floor":29,"key":"SMITH"},{"floor":32,"key":"REST"},{"data":"Madness","floor":40,"key":"SMITH"},{"floor":42,"key":"REST"}],"neow_cost":"NONE","seed_source_timestamp":2101314534061900,"circlet_count":0,"master_deck":["Defend_G","Defend_G","Defend_G","Defend_G","Strike_G","Strike_G+1","Strike_G+1","Survivor+1","Neutralize","Deadly Poison","Footwork+1","Quick Slash+1","Injury","Storm of Steel+1","Dash+1","Bane+1","Escape Plan","Skewer","Night Terror+1","Noxious Fumes+1","Backflip","Prepared+1","Predator+1","Finisher+1","Bullet Time","Terror+1","Bullet Time","Cloak And Dagger+1","Normality","Normality","Panache","Acrobatics","Madness","Madness+1","Escape Plan+1","Prepared"],"relics":["Ring of the Snake","Bloody Idol","Letter Opener","Odd Mushroom","Potion Belt","Black Star","Dream Catcher","Pear","HoveringKite","Orichalcum","Meat on the Bone","Whetstone","Smiling Mask","Ornamental Fan"],"potions_floor_usage":[7,7,14,33,33,41],"damage_taken":[{"damage":0,"enemies":"2 Louse","floor":1,"turns":3},{"damage":1,"enemies":"Jaw Worm","floor":2,"turns":4},{"damage":0,"enemies":"Small Slimes","floor":4,"turns":4},{"damage":12,"enemies":"The Mushroom Lair","floor":7,"turns":5},{"damage":0,"enemies":"Blue Slaver","floor":10,"turns":4},{"damage":2,"enemies":"Large Slime","floor":14,"turns":4},{"damage":24,"enemies":"Hexaghost","floor":16,"turns":13},{"damage":21,"enemies":"3 Byrds","floor":18,"turns":7},{"damage":19,"enemies":"2 Thieves","floor":22,"turns":5},{"damage":12,"enemies":"Centurion and Healer","floor":24,"turns":8},{"damage":8,"enemies":"Snake Plant","floor":28,"turns":5},{"damage":27,"enemies":"3 Cultists","floor":31,"turns":5},{"damage":50,"enemies":"Automaton","floor":33,"turns":11},{"damage":4,"enemies":"Orb Walker","floor":35,"turns":4},{"damage":59,"enemies":"3 Darklings","floor":41,"turns":7},{"damage":47,"enemies":"Nemesis","floor":44,"turns":9},{"damage":31,"enemies":"Maw","floor":45,"turns":7}],"seed_played":"272870665962631353","potions_obtained":[{"floor":1,"key":"Explosive Potion"},{"floor":4,"key":"SkillPotion"},{"floor":10,"key":"Fire Potion"},{"floor":16,"key":"SmokeBomb"},{"floor":24,"key":"Explosive Potion"},{"floor":28,"key":"Ancient Potion"},{"floor":31,"key":"SneckoOil"},{"floor":33,"key":"Weak Potion"},{"floor":44,"key":"Explosive Potion"}],"is_trial":false,"path_per_floor":["M","M","?","M","T","R","?","R","T","M","R","$","R","M","R","B",null,"M","?","T","$","M","R","M","R","T","R","M","R","$","M","R","B",null,"M","?","?","$","?","R","M","R","T","E","M"],"character_chosen":"THE_SILENT","items_purchased":["Escape Plan","Backflip","Orichalcum","Meat on the Bone","Panache","Acrobatics"],"campfire_rested":3,"item_purchase_floors":[12,21,38,38,38,38],"current_hp_per_floor":[70,69,69,69,69,69,57,57,57,57,57,57,57,55,55,31,70,49,49,49,49,40,61,54,54,64,64,61,61,61,39,63,18,80,80,80,80,80,70,70,28,52,57,27,0],"gold":511,"neow_bonus":"THREE_CARDS","is_prod":false,"is_daily":false,"chose_seed":false,"campfire_upgraded":9,"win_rate":0.0,"timestamp":1546213617,"path_taken":["M","M","?","M","?","R","?","R","T","M","R","$","R","M","R","BOSS","M","?","?","$","M","R","M","R","T","R","M","R","$","?","R","BOSS","M","?","?","$","?","R","M","R","T","E","M"],"build_version":"2018-12-20","purchased_purges":3,"victory":false,"max_hp_per_floor":[70,70,70,70,70,70,70,70,70,70,70,70,70,70,70,70,70,70,70,70,70,70,70,70,70,80,80,80,80,80,80,80,80,80,80,80,80,80,80,80,80,80,80,80,80],"card_choices":[{"not_picked":["Eviscerate","Bane"],"picked":"Deadly Poison","floor":0},{"not_picked":["Bouncing Flask","Flying Knee"],"picked":"Footwork","floor":1},{"not_picked":["Deadly Poison","Finisher"],"picked":"Quick Slash","floor":2},{"not_picked":["Deflect","Finisher"],"picked":"Storm of Steel","floor":4},{"not_picked":["Outmaneuver","Dodge and Roll"],"picked":"Dash","floor":7},{"not_picked":["Heel Hook","Acrobatics"],"picked":"Bane","floor":10},{"not_picked":["Backflip","Finisher"],"picked":"Skewer","floor":14},{"not_picked":["Storm of Steel","Glass Knife"],"picked":"Night Terror","floor":16},{"not_picked":["Bouncing Flask","Outmaneuver"],"picked":"Noxious Fumes","floor":18},{"not_picked":["Slice+1","Deflect"],"picked":"Prepared+1","floor":22},{"not_picked":["Dagger Throw","Choke"],"picked":"Predator+1","floor":24},{"not_picked":["Sucker Punch","Leg Sweep"],"picked":"Finisher+1","floor":28},{"not_picked":["Dodge and Roll","Quick Slash"],"picked":"Bullet Time","floor":31},{"not_picked":["Deadly Poison","Outmaneuver"],"picked":"Terror+1","floor":32},{"not_picked":["Tools of the Trade","Unload"],"picked":"Bullet Time","floor":33},{"not_picked":["Quick Slash","Flying Knee"],"picked":"Cloak And Dagger+1","floor":35},{"not_picked":["Deadly Poison","Acrobatics","Predator"],"picked":"SKIP","floor":41},{"not_picked":["Acrobatics+1","Sucker Punch"],"picked":"Escape Plan+1","floor":42},{"not_picked":["Dagger Throw+1","Storm of Steel"],"picked":"Prepared","floor":44}],"player_experience":102922,"relics_obtained":[{"floor":5,"key":"Letter Opener"},{"floor":7,"key":"Odd Mushroom"},{"floor":9,"key":"Potion Belt"},{"floor":20,"key":"Dream Catcher"},{"floor":26,"key":"Pear"},{"floor":43,"key":"Whetstone"},{"floor":44,"key":"Smiling Mask"},{"floor":44,"key":"Ornamental Fan"}],"event_choices":[{"damage_healed":0,"gold_gain":0,"player_choice":"Take Wound","damage_taken":0,"relics_obtained":["Golden Idol"],"max_hp_gain":0,"max_hp_loss":0,"event_name":"Golden Idol","floor":3,"gold_loss":0,"cards_obtained":["Injury"]},{"damage_healed":0,"gold_gain":0,"player_choice":"Fought Mushrooms","damage_taken":0,"max_hp_gain":0,"max_hp_loss":0,"event_name":"Mushrooms","floor":7,"gold_loss":0},{"damage_healed":0,"gold_gain":0,"player_choice":"Gave Idol","damage_taken":0,"relics_obtained":["Bloody Idol"],"max_hp_gain":0,"max_hp_loss":0,"event_name":"Forgotten Altar","floor":19,"relics_lost":["Golden Idol"],"gold_loss":0},{"damage_healed":0,"gold_gain":999,"player_choice":"Gold","damage_taken":0,"max_hp_gain":0,"max_hp_loss":0,"event_name":"MindBloom","floor":36,"gold_loss":0,"cards_obtained":["Normality","Normality"]},{"damage_healed":0,"gold_gain":0,"player_choice":"Ignored","damage_taken":0,"max_hp_gain":0,"max_hp_loss":0,"event_name":"Tomb of Lord Red Mask","floor":37,"gold_loss":0},{"damage_healed":0,"gold_gain":0,"player_choice":"Embrace Madness","damage_taken":10,"max_hp_gain":0,"max_hp_loss":0,"event_name":"Winding Halls","floor":39,"gold_loss":0,"cards_obtained":["Madness","Madness"]}],"is_beta":false,"boss_relics":[{"not_picked":["Runic Dome","Eternal Feather"],"picked":"Black Star"},{"not_picked":["Orrery","Calling Bell"],"picked":"HoveringKite"}],"items_purged_floors":[12,21,38],"is_endless":false,"potions_floor_spawned":[1,4,10,16,24,28,31,33,44],"killed_by":"Maw","ascension_level":0}