{"gold_per_floor":[109,126,140,159,159,193,193,211,211,211,223,91,91,110,110,188,188,202,212,212],"floor_reached":20,"playtime":937,"items_purged":["Pain"],"score":329,"play_id":"5eff1220-bf31-466f-89eb-c906d692c918","local_time":"20190204000603","is_ascension_mode":true,"campfire_choices":[{"floor":7,"key":"REST"},{"floor":10,"key":"REST"},{"floor":15,"key":"REST"}],"neow_cost":"NONE","seed_source_timestamp":1524706203330123,"circlet_count":0,"master_deck":["AscendersBane","Strike_B","Strike_B","Strike_B","Strike_B","Defend_B","Defend_B","Defend_B","Defend_B","Zap","Dualcast","Compile Driver","Sunder","Redo","Blizzard","Electrodynamics","Conserve Battery","Glacier","Coolheaded","Leap","Capacitor+1","Leap","Seek","Double Energy+1"],"relics":["Cracked Core","NeowsBlessing","WarpedTongs","Prayer Wheel","Frozen Egg 2","White Beast Statue"],"potions_floor_usage":[11,14,16,20,20],"damage_taken":[{"damage":0,"enemies":"2 Louse","floor":1,"turns":1},{"damage":0,"enemies":"Cultist","floor":2,"turns":1},{"damage":0,"enemies":"Jaw Worm","floor":3,"turns":1},{"damage":33,"enemies":"Large Slime","floor":4,"turns":5},{"damage":28,"enemies":"Gremlin Nob","floor":6,"turns":4},{"damage":14,"enemies":"Exordium Thugs","floor":8,"turns":2},{"damage":7,"enemies":"Looter","floor":11,"turns":3},{"damage":22,"enemies":"Gremlin Gang","floor":14,"turns":4},{"damage":12,"enemies":"Hexaghost","floor":16,"turns":11},{"damage":19,"enemies":"2 Thieves","floor":18,"turns":5},{"damage":13,"enemies":"Spheric Guardian","floor":19,"turns":8},{"damage":50,"enemies":"Cultist and Chosen","floor":20,"turns":5}],"seed_played":"-578240835148429779","potions_obtained":[{"floor":2,"key":"LiquidBronze"},{"floor":8,"key":"Poison Potion"},{"floor":11,"key":"FocusPotion"},{"floor":18,"key":"Fire Potion"},{"floor":19,"key":"LiquidBronze"}],"is_trial":false,"path_per_floor":["M","M","M","M","?","E","R","M","T","R","M","$","?","M","R","B",null,"M","M","M"],"character_chosen":"DEFECT","items_purchased":["Leap"],"campfire_rested":3,"item_purchase_floors":[12],"current_hp_per_floor":[64,64,64,31,31,3,24,10,10,31,24,24,24,2,23,11,56,37,24,0],"gold":212,"neow_bonus":"THREE_ENEMY_KILL","is_prod":false,"is_daily":false,"chose_seed":false,"campfire_upgraded":0,"win_rate":0,"timestamp":1549206363,"path_taken":["M","M","M","M","?","E","R","?","T","R","M","$","?","M","R","BOSS","M","M","M"],"build_version":"2019-01-23","purchased_purges":1,"victory":false,"max_hp_per_floor":[71,71,71,71,71,71,71,71,71,71,71,71,71,71,71,71,71,71,71,71],"card_choices":[{"not_picked":["Turbo","Gash"],"picked":"Compile Driver","floor":1},{"not_picked":["Beam Cell","Chill"],"picked":"Sunder","floor":2},{"not_picked":["Compile Driver","Gash"],"picked":"Redo","floor":3},{"not_picked":["Stack","Beam Cell"],"picked":"Blizzard","floor":4},{"not_picked":["Leap","Cold Snap"],"picked":"Electrodynamics","floor":6},{"not_picked":["Compile Driver","Sweeping Beam"],"picked":"Conserve Battery","floor":8},{"not_picked":["Turbo","Force Field","Gash"],"picked":"SKIP","floor":8},{"not_picked":["All For One","Steam Power"],"picked":"Glacier","floor":11},{"not_picked":["Gash","Steam"],"picked":"Coolheaded","floor":11},{"not_picked":["White Noise","Stack"],"picked":"Capacitor+1","floor":14},{"not_picked":["Compile Driver","Stack"],"picked":"Leap","floor":14},{"not_picked":["Amplify","Fission"],"picked":"Seek","floor":16},{"not_picked":["Fusion","Turbo"],"picked":"Double Energy+1","floor":18},{"not_picked":["Storm+1","Reinforced Body","Rebound"],"picked":"SKIP","floor":18},{"not_picked":["Stack","Ball Lightning","Barrage"],"picked":"SKIP","floor":19},{"not_picked":["Scrape","Stack","Gash"],"picked":"SKIP","floor":19}],"player_experience":599249,"relics_obtained":[{"floor":6,"key":"Prayer Wheel"},{"floor":9,"key":"Frozen Egg 2"}],"event_choices":[{"damage_healed":0,"gold_gain":0,"player_choice":"Rummage","damage_taken":0,"relics_obtained":["WarpedTongs"],"max_hp_gain":0,"max_hp_loss":0,"event_name":"Accursed Blacksmith","floor":5,"gold_loss":0,"cards_obtained":["Pain"]},{"damage_healed":0,"gold_gain":0,"player_choice":"Fled","damage_taken":0,"max_hp_gain":0,"max_hp_loss":0,"event_name":"Scrap Ooze","floor":13,"gold_loss":0}],"is_beta":false,"boss_relics":[{"not_picked":["Tiny House","Calling Bell"],"picked":"White Beast Statue"}],"items_purged_floors":[12],"is_endless":false,"potions_floor_spawned":[2,8,11,18,19],"killed_by":"Cultist and Chosen","ascension_level":17}