{"gold_per_floor":[114,129,129,144,219,219,234,264,264,264,279,309,324,90,90,190,190,205,220,235,235,250,250,265,265,340,355,5,5],"floor_reached":29,"playtime":1447,"items_purged":["Strike_G"],"score":229,"play_id":"a358a255-2a9b-4180-b43a-6163d282d7ce","local_time":"20190209165843","daily_mods":["Chimera","Uncertain Future","Binary"],"is_ascension_mode":false,"campfire_choices":[{"data":"Streamline","floor":6,"key":"SMITH"},{"floor":10,"key":"REST"},{"floor":15,"key":"REST"},{"floor":23,"key":"REST"}],"neow_cost":"","seed_source_timestamp":0,"circlet_count":0,"master_deck":["Bash+1","Survivor","Zap+1","Strike_B","Defend_R","Defend_G","Defend_B","Gash","Hello World","Streamline+1","Auto Shields","Streamline","Gash+1","Beam Cell","Defragment","Go for the Eyes","Ball Lightning+1","Go for the Eyes","Stack","Coolheaded+1","Gash+1"],"special_seed":17936,"relics":["Cracked Core","Omamori","The Courier","Lantern","Whetstone","Nuclear Battery","Gremlin Horn","Membership Card","Pantograph","Tiny Chest","Anchor"],"potions_floor_usage":[27,29,29],"damage_taken":[{"damage":0,"enemies":"Small Slimes","floor":1,"turns":3},{"damage":7,"enemies":"2 Louse","floor":2,"turns":3},{"damage":0,"enemies":"Cultist","floor":4,"turns":3},{"damage":3,"enemies":"2 Fungi Beasts","floor":7,"turns":3},{"damage":22,"enemies":"Gremlin Nob","floor":8,"turns":4},{"damage":10,"enemies":"Looter","floor":11,"turns":3},{"damage":5,"enemies":"Exordium Thugs","floor":13,"turns":4},{"damage":39,"enemies":"The Guardian","floor":16,"turns":9},{"damage":0,"enemies":"Chosen","floor":18,"turns":3},{"damage":24,"enemies":"3 Byrds","floor":19,"turns":5},{"damage":22,"enemies":"Sentry and Sphere","floor":20,"turns":4},{"damage":12,"enemies":"Cultist and Chosen","floor":22,"turns":6},{"damage":14,"enemies":"3 Cultists","floor":24,"turns":6},{"damage":10,"enemies":"Snake Plant","floor":27,"turns":4},{"damage":18,"enemies":"Book of Stabbing","floor":29,"turns":3}],"seed_played":"-7331181694979665872","potions_obtained":[{"floor":1,"key":"SneckoOil"},{"floor":2,"key":"Poison Potion"},{"floor":13,"key":"LiquidBronze"},{"floor":16,"key":"FocusPotion"},{"floor":24,"key":"SkillPotion"},{"floor":27,"key":"Energy Potion"}],"is_trial":false,"path_per_floor":["M","M","?","M","?","R","M","E","T","R","M","?","M","$","R","B",null,"M","M","M","?","M","R","M","?","T","M","$","E"],"character_chosen":"DEFECT","items_purchased":["Defragment","Whetstone","Membership Card","Pantograph","Tiny Chest","Anchor"],"campfire_rested":3,"item_purchase_floors":[14,14,28,28,28,28],"current_hp_per_floor":[75,68,68,68,57,57,54,32,32,54,44,44,39,39,61,22,75,75,51,29,29,17,39,25,25,25,15,15,0],"gold":5,"neow_bonus":"","is_prod":false,"is_daily":true,"chose_seed":false,"campfire_upgraded":1,"win_rate":0,"timestamp":1549724323,"path_taken":["M","M","?","M","?","R","M","E","T","R","M","?","M","$","R","BOSS","M","M","M","?","?","R","M","?","T","M","$","E"],"build_version":"2019-01-23","purchased_purges":1,"victory":false,"max_hp_per_floor":[75,75,75,75,75,75,75,75,75,75,75,75,75,75,75,75,75,75,75,75,75,75,75,75,75,75,75,75,75],"card_choices":[{"not_picked":["Melter"],"picked":"Gash","floor":1},{"not_picked":["Tempest"],"picked":"Hello World","floor":2},{"not_picked":["Steam"],"picked":"Streamline","floor":4},{"not_picked":["Coolheaded"],"picked":"Auto Shields","floor":7},{"not_picked":["Scrape"],"picked":"Streamline","floor":8},{"not_picked":["Rebound"],"picked":"Gash","floor":11},{"not_picked":["Skim"],"picked":"Beam Cell","floor":13},{"not_picked":["Tempest+1"],"picked":"Go for the Eyes","floor":18},{"not_picked":["Steam"],"picked":"Ball Lightning+1","floor":19},{"not_picked":["Conserve Battery"],"picked":"Go for the Eyes","floor":20},{"not_picked":["Undo"],"picked":"Stack","floor":22},{"not_picked":["Ball Lightning"],"picked":"Coolheaded+1","floor":24},{"not_picked":["FTL"],"picked":"Gash+1","floor":27}],"player_experience":90607,"relics_obtained":[{"floor":8,"key":"Omamori"},{"floor":9,"key":"The Courier"},{"floor":26,"key":"Gremlin Horn"}],"event_choices":[{"damage_healed":0,"gold_gain":0,"player_choice":"Grow","damage_taken":0,"max_hp_gain":0,"max_hp_loss":0,"event_name":"Living Wall","floor":3,"gold_loss":0,"cards_upgraded":["Zap"]},{"damage_healed":0,"gold_gain":75,"player_choice":"Gather Gold","damage_taken":11,"max_hp_gain":0,"max_hp_loss":0,"event_name":"World of Goop","floor":5,"gold_loss":0},{"damage_healed":0,"gold_gain":30,"player_choice":"Searched \u00272\u0027 times","damage_taken":0,"relics_obtained":["Lantern"],"max_hp_gain":0,"max_hp_loss":0,"event_name":"Dead Adventurer","floor":12,"gold_loss":0},{"cards_removed":["Strike_R"],"damage_healed":0,"gold_gain":0,"player_choice":"Offered Basic","damage_taken":0,"max_hp_gain":0,"max_hp_loss":0,"event_name":"Bonfire Elementals","floor":21,"gold_loss":0},{"damage_healed":0,"gold_gain":0,"player_choice":"Ignored","damage_taken":0,"max_hp_gain":0,"max_hp_loss":0,"event_name":"Cursed Tome","floor":25,"gold_loss":0}],"is_beta":false,"boss_relics":[{"not_picked":["Philosopher\u0027s Stone","FrozenCore"],"picked":"Nuclear Battery"}],"items_purged_floors":[14],"is_endless":false,"potions_floor_spawned":[1,2,13,16,24,27],"killed_by":"Book of Stabbing","ascension_level":0}