{"gold_per_floor":[218,236,411,430,430,457,457,467,467,486,123,137,101,135,135,239,239,259,276,276,56,73,73,73,73,73,73],"floor_reached":27,"playtime":1377,"items_purged":[],"score":289,"play_id":"6523471c-e676-401b-92cb-b62b13ea9013","local_time":"20181028194345","is_ascension_mode":true,"campfire_choices":[{"floor":7,"key":"REST"},{"floor":15,"key":"REST"},{"floor":23,"key":"REST"},{"data":"Blizzard","floor":25,"key":"SMITH"}],"neow_cost":"NONE","seed_source_timestamp":1977471739208170,"circlet_count":0,"master_deck":["Strike_B","Strike_B","Strike_B","Strike_B","Defend_B","Defend_B","Defend_B","Defend_B","Zap","Dualcast","Go for the Eyes","Sweeping Beam","Reinforced Body","Leap","Blizzard+1","Redo","Auto Shields","Capacitor","Cold Snap","Core Surge","Stack","White Noise","FTL","Decay"],"relics":["Cracked Core","Spirit Poop","Torii","The Courier","Calipers","Cursed Key","Runic Capacitor","Nloth\u0027s Gift","Shuriken"],"potions_floor_usage":[12,14,21,22],"damage_taken":[{"damage":2,"enemies":"Jaw Worm","floor":1,"turns":4},{"damage":8,"enemies":"2 Louse","floor":2,"turns":3},{"damage":7,"enemies":"Small Slimes","floor":4,"turns":3},{"damage":38,"enemies":"Lagavulin","floor":6,"turns":8},{"damage":3,"enemies":"Exordium Thugs","floor":8,"turns":5},{"damage":1,"enemies":"Red Slaver","floor":10,"turns":4},{"damage":1,"enemies":"Gremlin Gang","floor":12,"turns":4},{"damage":17,"enemies":"Gremlin Nob","floor":14,"turns":4},{"damage":29,"enemies":"Hexaghost","floor":16,"turns":15},{"damage":14,"enemies":"Spheric Guardian","floor":18,"turns":7},{"damage":2,"enemies":"Shell Parasite","floor":19,"turns":11},{"damage":20,"enemies":"Centurion and Healer","floor":22,"turns":9},{"damage":52,"enemies":"3 Cultists","floor":27,"turns":5}],"seed_played":"1953958466534541426","potions_obtained":[{"floor":2,"key":"FocusPotion"},{"floor":4,"key":"LiquidBronze"},{"floor":10,"key":"GamblersBrew"},{"floor":16,"key":"Strength Potion"},{"floor":19,"key":"Energy Potion"},{"floor":20,"key":"Fruit Juice"},{"floor":20,"key":"PowerPotion"}],"is_trial":false,"path_per_floor":["M","M","?","M","?","E","R","M","T","M","$","M","?","E","R","B",null,"M","M","?","$","M","R","?","R","T"],"character_chosen":"DEFECT","items_purchased":["Calipers","Auto Shields","Capacitor","Runic Capacitor","FTL"],"campfire_rested":3,"item_purchase_floors":[11,11,11,21,21],"current_hp_per_floor":[66,58,58,51,51,13,35,32,32,31,31,30,30,13,35,6,58,44,42,42,47,27,51,51,51,51,0],"gold":73,"neow_bonus":"HUNDRED_GOLD","is_prod":false,"is_daily":false,"chose_seed":false,"campfire_upgraded":1,"win_rate":0,"timestamp":1540723425,"path_taken":["M","M","?","M","?","E","R","M","T","?","$","?","?","E","R","BOSS","M","M","?","?","M","R","?","R","T","?"],"build_version":"2018-10-25v2","purchased_purges":0,"victory":false,"max_hp_per_floor":[75,75,75,75,75,75,75,75,75,75,75,75,75,75,75,75,75,75,75,75,80,80,80,80,80,80,80],"card_choices":[{"not_picked":["Stack","Hello World"],"picked":"Go for the Eyes","floor":1},{"not_picked":["Skim","Stack"],"picked":"Sweeping Beam","floor":2},{"not_picked":["Barrage","Turbo"],"picked":"Reinforced Body","floor":4},{"not_picked":["Rip and Tear","Genetic Algorithm"],"picked":"Leap","floor":6},{"not_picked":["Rebound","Turbo"],"picked":"Blizzard","floor":8},{"not_picked":["Streamline","Hello World"],"picked":"Redo","floor":10},{"not_picked":["Doom and Gloom","Beam Cell","Aggregate"],"picked":"SKIP","floor":12},{"not_picked":["Gash","Ball Lightning"],"picked":"Cold Snap","floor":14},{"not_picked":["Biased Cognition","Hyperbeam"],"picked":"Core Surge","floor":16},{"not_picked":["Genetic Algorithm","Streamline"],"picked":"Stack","floor":18},{"not_picked":["Beam Cell","Gash+1"],"picked":"White Noise","floor":19},{"not_picked":["Compile Driver","Barrage","Beam Cell"],"picked":"SKIP","floor":22}],"player_experience":275633,"relics_obtained":[{"floor":6,"key":"Torii"},{"floor":9,"key":"The Courier"},{"floor":14,"key":"Kunai"},{"floor":26,"key":"Shuriken"}],"event_choices":[{"damage_healed":0,"gold_gain":175,"player_choice":"AGREE","damage_taken":0,"max_hp_gain":0,"max_hp_loss":0,"event_name":"Liars Game","floor":3,"gold_loss":0,"cards_obtained":["Doubt"]},{"cards_removed":["Doubt"],"damage_healed":0,"gold_gain":0,"player_choice":"Offered Curse","damage_taken":0,"relics_obtained":["Spirit Poop"],"max_hp_gain":0,"max_hp_loss":0,"event_name":"Bonfire Elementals","floor":5,"gold_loss":0},{"damage_healed":0,"gold_gain":0,"player_choice":"Left Gold","damage_taken":0,"max_hp_gain":0,"max_hp_loss":0,"event_name":"World of Goop","floor":13,"gold_loss":36},{"damage_healed":0,"gold_gain":0,"player_choice":"Got Potions","damage_taken":0,"max_hp_gain":0,"max_hp_loss":0,"event_name":"The Lab","floor":20,"gold_loss":0},{"damage_healed":0,"gold_gain":0,"player_choice":"Traded Relic","damage_taken":0,"relics_obtained":["Nloth\u0027s Gift"],"max_hp_gain":0,"max_hp_loss":0,"event_name":"N\u0027loth","floor":24,"relics_lost":["Kunai"],"gold_loss":0}],"is_beta":false,"boss_relics":[{"not_picked":["Runic Pyramid","FrozenCore"],"picked":"Cursed Key"}],"items_purged_floors":[],"is_endless":false,"potions_floor_spawned":[2,4,10,16,19],"killed_by":"3 Cultists","ascension_level":6}