{"gold_per_floor":[115,127,202,49,63,97,110,285,285,302,313,313,336,346,346,442,442,455,455,196,209,9,44,44,64,87,115,115,115,127,140,140,235,235,249,267,278,295,295],"floor_reached":39,"playtime":4645,"items_purged":["Doubt"],"score":525,"play_id":"25751a35-b26b-4ab3-b79e-ba589e0f492d","local_time":"20181024163549","is_ascension_mode":true,"campfire_choices":[{"floor":12,"key":"REST"},{"floor":15,"key":"REST"},{"data":"Adrenaline","floor":24,"key":"SMITH"},{"data":"Burst","floor":28,"key":"SMITH"},{"floor":32,"key":"REST"}],"neow_cost":"NONE","seed_source_timestamp":149678433829862,"circlet_count":0,"master_deck":["Defend_G","Defend_G","Defend_G","Defend_G","Defend_G","Strike_G","Strike_G","Strike_G","Strike_G","Strike_G","Survivor","Neutralize","Burst+1","Quick Slash","Poisoned Stab","Adrenaline+1","Die Die Die","Deflect","Noxious Fumes","Sucker Punch","Quick Slash","Noxious Fumes","Die Die Die","PiercingWail","Predator","Backstab","Flying Knee+1","Flying Knee","Poisoned Stab","Adrenaline","Dagger Throw+1","Phantasmal Killer","Backflip","Deadly Poison+1","Outmaneuver"],"relics":["Ring of the Serpent","Art of War","PreservedInsect","Odd Mushroom","Bag of Marbles","Lee\u0027s Waffle","Gremlin Horn","Smiling Mask","Pear","White Beast Statue"],"potions_floor_usage":[13,13,16,18,27,33,37,37,38],"damage_taken":[{"damage":1,"enemies":"Cultist","floor":1,"turns":6},{"damage":0,"enemies":"Small Slimes","floor":2,"turns":3},{"damage":0,"enemies":"2 Louse","floor":5,"turns":2},{"damage":21,"enemies":"Gremlin Nob","floor":6,"turns":4},{"damage":5,"enemies":"Gremlin Gang","floor":7,"turns":3},{"damage":0,"enemies":"2 Fungi Beasts","floor":10,"turns":2},{"damage":7,"enemies":"Exordium Wildlife","floor":11,"turns":4},{"damage":0,"enemies":"The Mushroom Lair","floor":13,"turns":3},{"damage":4,"enemies":"Blue Slaver","floor":14,"turns":5},{"damage":26,"enemies":"Slime Boss","floor":16,"turns":10},{"damage":26,"enemies":"Shell Parasite","floor":18,"turns":6},{"damage":6,"enemies":"Chosen","floor":21,"turns":3},{"damage":7,"enemies":"Slavers","floor":23,"turns":3},{"damage":9,"enemies":"Snecko","floor":25,"turns":4},{"damage":0,"enemies":"Gremlin Leader","floor":27,"turns":4},{"damage":5,"enemies":"Cultist and Chosen","floor":30,"turns":6},{"damage":36,"enemies":"Shelled Parasite and Fungi","floor":31,"turns":7},{"damage":47,"enemies":"Automaton","floor":33,"turns":11},{"damage":32,"enemies":"3 Darklings","floor":35,"turns":5},{"damage":15,"enemies":"Orb Walker","floor":36,"turns":2},{"damage":21,"enemies":"Transient","floor":37,"turns":5},{"damage":1,"enemies":"3 Darklings","floor":38,"turns":4},{"damage":24,"enemies":"4 Shapes","floor":39,"turns":2}],"seed_played":"1918242189118646666","potions_obtained":[{"floor":2,"key":"GhostInAJar"},{"floor":6,"key":"EssenceOfSteel"},{"floor":11,"key":"SkillPotion"},{"floor":13,"key":"GhostInAJar"},{"floor":14,"key":"Poison Potion"},{"floor":16,"key":"Fruit Juice"},{"floor":18,"key":"Explosive Potion"},{"floor":23,"key":"FearPotion"},{"floor":30,"key":"GhostInAJar"},{"floor":31,"key":"SteroidPotion"},{"floor":33,"key":"Block Potion"},{"floor":36,"key":"SkillPotion"},{"floor":37,"key":"SteroidPotion"},{"floor":38,"key":"FearPotion"}],"is_trial":false,"path_per_floor":["M","M","?","$","M","E","M","?","T","M","M","R","?","M","R","B",null,"M","?","$","M","$","E","R","M","T","E","R","$","M","M","R","B",null,"M","M","M","M"],"character_chosen":"THE_SILENT","items_purchased":["Adrenaline","Bag of Marbles","Backstab","Lee\u0027s Waffle"],"campfire_rested":3,"item_purchase_floors":[4,20,20,22],"current_hp_per_floor":[69,69,58,58,58,37,32,32,32,32,25,46,46,42,63,37,70,49,49,49,43,82,75,75,66,66,76,76,76,71,35,62,15,92,60,45,24,23,0],"gold":295,"neow_bonus":"ONE_RANDOM_RARE_CARD","is_prod":false,"is_daily":false,"chose_seed":false,"campfire_upgraded":2,"win_rate":0,"timestamp":1540424149,"path_taken":["M","M","?","$","?","E","M","?","T","M","M","R","?","M","R","BOSS","M","?","$","M","?","E","R","M","T","E","R","$","M","?","R","BOSS","M","?","M","M","M"],"build_version":"2018-10-18","purchased_purges":1,"victory":false,"max_hp_per_floor":[70,70,70,70,70,70,70,70,70,70,70,70,70,70,70,70,70,75,75,75,75,82,82,82,82,82,92,92,92,92,92,92,92,92,92,92,92,92,92],"card_choices":[{"not_picked":["Deadly Poison","Dodge and Roll"],"picked":"Quick Slash","floor":1},{"not_picked":["Finisher","Riddle With Holes"],"picked":"Poisoned Stab","floor":2},{"not_picked":["Backflip","PiercingWail"],"picked":"Die Die Die","floor":5},{"not_picked":["Endless Agony","Masterful Stab"],"picked":"Deflect","floor":6},{"not_picked":["Deflect","Cloak And Dagger"],"picked":"Noxious Fumes","floor":7},{"not_picked":["Finisher","Choke","Bane"],"picked":"SKIP","floor":10},{"not_picked":["Quick Slash","Catalyst"],"picked":"Sucker Punch","floor":11},{"not_picked":["Underhanded Strike","Leg Sweep"],"picked":"Quick Slash","floor":13},{"not_picked":["Masterful Stab","Flechettes"],"picked":"Noxious Fumes","floor":14},{"not_picked":["Burst","Envenom"],"picked":"Die Die Die","floor":16},{"not_picked":["Bouncing Flask+1","Masterful Stab"],"picked":"PiercingWail","floor":18},{"not_picked":["Dagger Spray","Sucker Punch"],"picked":"Flying Knee+1","floor":21},{"not_picked":["Quick Slash","Dagger Throw"],"picked":"Flying Knee","floor":23},{"not_picked":["Infinite Blades","PiercingWail"],"picked":"Poisoned Stab","floor":25},{"not_picked":["Deflect","Predator"],"picked":"Adrenaline","floor":27},{"not_picked":["Dodge and Roll","Bouncing Flask"],"picked":"Dagger Throw+1","floor":30},{"not_picked":["Quick Slash","Dagger Throw","Cloak And Dagger+1"],"picked":"SKIP","floor":31},{"not_picked":["Storm of Steel","Envenom"],"picked":"Phantasmal Killer","floor":33},{"not_picked":["PiercingWail+1","Sucker Punch+1"],"picked":"Backflip","floor":35},{"not_picked":["Escape Plan+1","Accuracy"],"picked":"Deadly Poison+1","floor":36},{"not_picked":["Blade Dance+1","Poisoned Stab"],"picked":"Outmaneuver","floor":37},{"not_picked":["Finisher+1","Cloak And Dagger+1","Blur+1"],"picked":"SKIP","floor":38}],"player_experience":329087,"relics_obtained":[{"floor":6,"key":"Art of War"},{"floor":9,"key":"PreservedInsect"},{"floor":13,"key":"Odd Mushroom"},{"floor":23,"key":"Gremlin Horn"},{"floor":26,"key":"Smiling Mask"},{"floor":27,"key":"Pear"}],"event_choices":[{"damage_healed":0,"gold_gain":75,"player_choice":"Gather Gold","damage_taken":11,"max_hp_gain":0,"max_hp_loss":0,"event_name":"World of Goop","floor":3,"gold_loss":0},{"damage_healed":0,"gold_gain":175,"player_choice":"AGREE","damage_taken":0,"max_hp_gain":0,"max_hp_loss":0,"event_name":"Liars Game","floor":8,"gold_loss":0,"cards_obtained":["Doubt"]},{"damage_healed":0,"gold_gain":0,"player_choice":"Fought Mushrooms","damage_taken":0,"max_hp_gain":0,"max_hp_loss":0,"event_name":"Mushrooms","floor":13,"gold_loss":0},{"damage_healed":0,"gold_gain":0,"player_choice":"Read","damage_taken":0,"max_hp_gain":0,"max_hp_loss":0,"event_name":"The Library","floor":19,"gold_loss":0,"cards_obtained":["Predator"]}],"is_beta":false,"boss_relics":[{"not_picked":["WristBlade","Runic Dome"],"picked":"Ring of the Serpent"},{"not_picked":["Busted Crown","Snecko Eye"],"picked":"White Beast Statue"}],"items_purged_floors":[20],"is_endless":false,"potions_floor_spawned":[2,6,11,13,14,16,18,23,30,31,33,35,36,37,38],"killed_by":"4 Shapes","ascension_level":1}