{"gold_per_floor":[109,109,59,77,27,27,55,55,55,130,148,148,176,190,190,190],"floor_reached":16,"playtime":724,"items_purged":["Injury"],"score":108,"play_id":"d5a5eb39-bb5b-47e4-80ee-a160649ae4db","local_time":"20190113080214","is_ascension_mode":false,"campfire_choices":[{"data":"Amplify","floor":6,"key":"SMITH"},{"floor":8,"key":"REST"},{"floor":15,"key":"REST"}],"neow_cost":"NONE","seed_source_timestamp":280332670272577,"circlet_count":0,"master_deck":["Strike_B","Strike_B","Strike_B","Strike_B","Defend_B","Defend_B","Defend_B","Defend_B","Zap","Dualcast","Injury","Clumsy","Conserve Battery","Amplify+1","Undo","Redo","Streamline","Sunder"],"relics":["Calling Bell","Smiling Mask","Shuriken","Calipers","Symbiotic Virus","Bottled Flame","Ornamental Fan","Mummified Hand","Kunai"],"potions_floor_usage":[14,14,14,14,14,16],"damage_taken":[{"damage":9,"enemies":"Small Slimes","floor":1,"turns":4},{"damage":5,"enemies":"2 Louse","floor":4,"turns":4},{"damage":50,"enemies":"3 Sentries","floor":7,"turns":12},{"damage":1,"enemies":"Jaw Worm","floor":11,"turns":7},{"damage":16,"enemies":"Lagavulin","floor":13,"turns":7},{"damage":0,"enemies":"Looter","floor":14,"turns":2},{"damage":36,"enemies":"Slime Boss","floor":16,"turns":7}],"seed_played":"-7199701828394675544","potions_obtained":[{"floor":4,"key":"EntropicBrew"},{"floor":7,"key":"FocusPotion"},{"floor":14,"key":"SneckoOil"}],"is_trial":false,"path_per_floor":["M","?","?","M","$","R","E","R","T","?","M","T","E","M","R","B"],"character_chosen":"DEFECT","items_purchased":[],"campfire_rested":2,"item_purchase_floors":[],"current_hp_per_floor":[66,66,66,61,61,61,11,33,33,22,21,21,5,5,27,0],"gold":190,"neow_bonus":"BOSS_RELIC","is_prod":false,"is_daily":false,"chose_seed":false,"campfire_upgraded":1,"win_rate":0.0,"timestamp":1547337734,"path_taken":["M","?","?","M","?","R","E","R","T","?","M","?","E","M","R","BOSS"],"build_version":"2019-01-10","purchased_purges":1,"victory":false,"max_hp_per_floor":[75,75,75,75,75,75,75,75,75,75,75,75,75,75,75,75],"card_choices":[{"not_picked":["Skim","Turbo"],"picked":"Conserve Battery","floor":1},{"not_picked":["Steam","Lockon"],"picked":"Amplify","floor":4},{"not_picked":["Go for the Eyes","Redo"],"picked":"Undo","floor":7},{"not_picked":["Stack","Steam"],"picked":"Redo","floor":11},{"not_picked":["Stack","Defragment"],"picked":"Streamline","floor":13},{"not_picked":["Cold Snap","Defragment"],"picked":"Sunder","floor":14}],"player_experience":51265,"relics_obtained":[{"floor":0,"key":"Smiling Mask"},{"floor":0,"key":"Shuriken"},{"floor":0,"key":"Calipers"},{"floor":7,"key":"Bottled Flame"},{"floor":9,"key":"Ornamental Fan"},{"floor":12,"key":"Mummified Hand"},{"floor":13,"key":"Kunai"}],"event_choices":[{"damage_healed":0,"gold_gain":0,"player_choice":"Box","damage_taken":0,"relics_obtained":["Symbiotic Virus"],"max_hp_gain":0,"max_hp_loss":0,"event_name":"Big Fish","floor":2,"gold_loss":0,"cards_obtained":["Regret"]},{"cards_removed":["Regret"],"damage_healed":0,"gold_gain":0,"player_choice":"Card Removal","damage_taken":0,"max_hp_gain":0,"max_hp_loss":0,"event_name":"The Cleric","floor":3,"gold_loss":50},{"damage_healed":0,"gold_gain":75,"player_choice":"Gather Gold","damage_taken":11,"max_hp_gain":0,"max_hp_loss":0,"event_name":"World of Goop","floor":10,"gold_loss":0}],"is_beta":false,"boss_relics":[],"items_purged_floors":[5],"is_endless":false,"potions_floor_spawned":[4,7,14],"killed_by":"Slime Boss","ascension_level":0}