{"path_per_floor":["M","?","?","M","$","R","M","M","T","R","?","M","R","M","R"],"character_chosen":"IRONCLAD","items_purchased":["Whirlwind"],"gold_per_floor":[115,115,115,133,54,54,71,87,87,87,87,106,106,119,119,119],"floor_reached":16,"campfire_rested":1,"playtime":443,"current_hp_per_floor":[72,55,55,63,63,63,61,34,34,34,34,33,33,39,68,0],"items_purged":[],"gold":119,"score":163,"play_id":"f0dc3524-d7b9-4e80-a977-c66334532d7d","local_time":"20180522002551","is_prod":false,"is_daily":false,"chose_seed":false,"is_ascension_mode":true,"campfire_upgraded":3,"timestamp":1526941551,"campfire_choices":[{"data":"Feed","floor":6,"key":"SMITH"},{"data":"Whirlwind","floor":10,"key":"SMITH"},{"data":"Flex","floor":13,"key":"SMITH"},{"floor":15,"key":"REST"}],"path_taken":["M","?","?","M","$","R","M","?","T","R","?","M","R","?","R","BOSS"],"build_version":"2018-05-17","seed_source_timestamp":184138549952016,"purchased_purges":0,"victory":false,"master_deck":["Strike_R+1","Strike_R","Strike_R+1","Strike_R","Defend_R","Defend_R","Defend_R","Defend_R","Bash","AscendersBane","Feed+1","Spot Weakness","Whirlwind+1","Sword Boomerang","Flex+1"],"max_hp_per_floor":[83,83,83,86,86,86,90,94,94,94,94,98,98,98,98,98],"relics":["Burning Blood","Kunai"],"card_choices":[{"not_picked":["Bludgeon","Dark Embrace"],"picked":"Feed","floor":0},{"not_picked":["Burning Pact","Cleave","Ghostly Armor"],"picked":"SKIP","floor":1},{"not_picked":["Thunderclap","Rampage"],"picked":"Spot Weakness","floor":4},{"not_picked":["Clash","Metallicize"],"picked":"Sword Boomerang","floor":7},{"not_picked":["True Grit","Anger","Carnage"],"picked":"SKIP","floor":8},{"not_picked":["Bloodletting","Battle Trance"],"picked":"Flex","floor":12},{"not_picked":["Corruption","Pommel Strike","True Grit"],"picked":"SKIP","floor":14}],"player_experience":171439,"potions_floor_usage":[16],"damage_taken":[{"damage":9,"enemies":"Small Slimes","floor":1,"turns":4},{"damage":1,"enemies":"Cultist","floor":4,"turns":3},{"damage":12,"enemies":"Jaw Worm","floor":7,"turns":2},{"damage":37,"enemies":"Exordium Thugs","floor":8,"turns":6},{"damage":11,"enemies":"Blue Slaver","floor":12,"turns":3},{"damage":0,"enemies":"Lots of Slimes","floor":14,"turns":1},{"damage":74,"enemies":"Slime Boss","floor":16,"turns":10}],"relics_obtained":[{"floor":9,"key":"Kunai"}],"event_choices":[{"event_name":"Shining Light","player_choice":"Entered Light","floor":2,"damage_taken":0},{"event_name":"Purifier","player_choice":"One Purge","floor":3,"damage_taken":0},{"event_name":"Bonfire Elementals","player_choice":"BASIC","floor":11,"damage_taken":0}],"boss_relics":[],"potions_floor_spawned":[4,12,14],"seed_played":"7398814614675069595","killed_by":"Slime Boss","ascension_level":10,"potions_obtained":[{"floor":4,"key":"SpeedPotion"},{"floor":12,"key":"Dexterity Potion"},{"floor":14,"key":"Dexterity Potion"}],"is_trial":false}