{"gold_per_floor":[111,111,123,137,91,118,43,43,43,43,43,43,62,92,92,189,189,201,101,135,146,159,159,173,208,286,286,300,300,300],"floor_reached":30,"playtime":1763,"items_purged":["Strike_R","Strike_R"],"score":347,"play_id":"87b08e2f-f104-4be4-b6cb-abd18917cf26","local_time":"20190125233213","is_ascension_mode":true,"campfire_choices":[{"data":"Armaments","floor":10,"key":"SMITH"},{"data":"Spot Weakness","floor":12,"key":"SMITH"},{"data":"Entrench","floor":15,"key":"SMITH"},{"floor":23,"key":"REST"},{"data":"Limit Break","floor":29,"key":"SMITH"}],"neow_cost":"NONE","seed_source_timestamp":110329344162473,"circlet_count":0,"master_deck":["Strike_R","Defend_R","Defend_R","Defend_R","Defend_R","Bash","Seeing Red","Spot Weakness+1","Spot Weakness","Armaments+1","Limit Break+1","Entrench+1","Barricade+1","Pommel Strike","Armaments+1","Warcry+1","Metallicize+1","Shrug It Off+1"],"relics":["Burning Blood","Frozen Egg 2","Dead Branch","Self Forming Clay","Odd Mushroom","Mark of Pain","Red Mask","Pear","Anchor"],"potions_floor_usage":[6,16,16,20,22,25,30,30],"damage_taken":[{"damage":1,"enemies":"Cultist","floor":1,"turns":3},{"damage":0,"enemies":"Small Slimes","floor":3,"turns":3},{"damage":3,"enemies":"2 Louse","floor":4,"turns":4},{"damage":44,"enemies":"Gremlin Nob","floor":6,"turns":5},{"damage":0,"enemies":"2 Fungi Beasts","floor":13,"turns":4},{"damage":5,"enemies":"The Mushroom Lair","floor":14,"turns":7},{"damage":22,"enemies":"Slime Boss","floor":16,"turns":11},{"damage":4,"enemies":"Chosen","floor":18,"turns":7},{"damage":53,"enemies":"Masked Bandits","floor":20,"turns":5},{"damage":9,"enemies":"3 Byrds","floor":21,"turns":8},{"damage":22,"enemies":"Sentry and Sphere","floor":22,"turns":7},{"damage":17,"enemies":"Shelled Parasite and Fungi","floor":24,"turns":8},{"damage":23,"enemies":"Slavers","floor":25,"turns":6},{"damage":7,"enemies":"Cultist and Chosen","floor":28,"turns":9},{"damage":33,"enemies":"Gremlin Leader","floor":30,"turns":4}],"seed_played":"4585123750890084722","potions_obtained":[{"floor":1,"key":"Strength Potion"},{"floor":4,"key":"LiquidBronze"},{"floor":14,"key":"AttackPotion"},{"floor":16,"key":"AttackPotion"},{"floor":18,"key":"AttackPotion"},{"floor":20,"key":"Regen Potion"},{"floor":25,"key":"Poison Potion"},{"floor":28,"key":"Strength Potion"}],"is_trial":false,"path_per_floor":["M","?","M","M","$","E","$","?","T","R","?","R","M","?","R","B",null,"M","$","?","M","M","R","M","E","T","?","M","R","E"],"character_chosen":"IRONCLAD","items_purchased":["Armaments"],"campfire_rested":1,"item_purchase_floors":[5],"current_hp_per_floor":[85,85,88,88,88,50,50,38,38,38,31,31,37,38,38,22,72,74,74,27,24,23,49,38,21,31,31,30,30,0],"gold":300,"neow_bonus":"TEN_PERCENT_HP_BONUS","is_prod":false,"is_daily":false,"chose_seed":false,"campfire_upgraded":4,"win_rate":0,"timestamp":1548451933,"path_taken":["M","?","M","?","?","E","$","?","T","R","?","R","M","?","R","BOSS","M","$","?","M","M","R","M","E","T","?","M","R","E"],"build_version":"2019-01-23","purchased_purges":2,"victory":false,"max_hp_per_floor":[88,88,88,88,88,88,88,88,88,88,88,88,88,88,88,88,88,88,88,88,88,88,88,88,88,98,98,98,98,98],"card_choices":[{"not_picked":["Blood for Blood","Sword Boomerang"],"picked":"Seeing Red","floor":1},{"not_picked":["Clash","Anger","Clothesline"],"picked":"SKIP","floor":3},{"not_picked":["Sword Boomerang","Iron Wave"],"picked":"Spot Weakness","floor":4},{"not_picked":["Carnage","Sentinel","Clothesline"],"picked":"SKIP","floor":6},{"not_picked":["Headbutt","Clothesline"],"picked":"Limit Break","floor":13},{"not_picked":["Anger","Inflame+1"],"picked":"Entrench","floor":14},{"not_picked":["Double Tap","Juggernaut+1"],"picked":"Barricade+1","floor":16},{"not_picked":["Iron Wave+1","Perfected Strike+1"],"picked":"Pommel Strike","floor":18},{"not_picked":["Cleave","Second Wind"],"picked":"Armaments+1","floor":20},{"not_picked":["Armaments","Reckless Charge","Feed"],"picked":"SKIP","floor":21},{"not_picked":["Feel No Pain+1","Fire Breathing+1"],"picked":"Warcry+1","floor":22},{"not_picked":["Perfected Strike","Pommel Strike","Anger"],"picked":"SKIP","floor":24},{"not_picked":["Sword Boomerang","Dual Wield"],"picked":"Metallicize+1","floor":25},{"not_picked":["Heavy Blade","Warcry"],"picked":"Shrug It Off+1","floor":28}],"player_experience":134893,"relics_obtained":[{"floor":6,"key":"Frozen Egg 2"},{"floor":9,"key":"Self Forming Clay"},{"floor":14,"key":"Odd Mushroom"},{"floor":20,"key":"Red Mask"},{"floor":26,"key":"Pear"}],"event_choices":[{"damage_healed":0,"gold_gain":0,"cards_transformed":["Strike_R"],"player_choice":"Transformed","damage_taken":0,"max_hp_gain":0,"max_hp_loss":0,"event_name":"Transmorgrifier","floor":2,"gold_loss":0,"cards_obtained":["Spot Weakness"]},{"damage_healed":0,"gold_gain":0,"player_choice":"Success","damage_taken":12,"relics_obtained":["Dead Branch"],"max_hp_gain":0,"max_hp_loss":0,"event_name":"Scrap Ooze","floor":8,"gold_loss":0},{"cards_removed":["Strike_R"],"damage_healed":0,"gold_gain":0,"player_choice":"Card Removal","damage_taken":7,"max_hp_gain":0,"max_hp_loss":0,"event_name":"Golden Wing","floor":11,"gold_loss":0},{"damage_healed":0,"gold_gain":0,"player_choice":"Fought Mushrooms","damage_taken":0,"max_hp_gain":0,"max_hp_loss":0,"event_name":"Mushrooms","floor":14,"gold_loss":0},{"damage_healed":0,"gold_gain":0,"player_choice":"Fought Bandits","damage_taken":0,"max_hp_gain":0,"max_hp_loss":0,"event_name":"Masked Bandits","floor":20,"gold_loss":0},{"damage_healed":0,"gold_gain":0,"player_choice":"Opened","damage_taken":0,"relics_obtained":["Anchor"],"max_hp_gain":0,"max_hp_loss":0,"event_name":"The Mausoleum","floor":27,"gold_loss":0}],"is_beta":false,"boss_relics":[{"not_picked":["Empty Cage","Black Star"],"picked":"Mark of Pain"}],"items_purged_floors":[7,19],"is_endless":false,"potions_floor_spawned":[1,4,14,16,18,20,25,28],"killed_by":"Gremlin Leader","ascension_level":6}