{"gold_per_floor":[117,129,154,154,154,154,178,213,213,226,226,242,268,288,288,393,393,411,326,340,340,352,352,382,257,282,99,118,134,134,134,134,238,238,257,257,257,357,371,371,386,386,412,84,84,94,4,4,4,4],"floor_reached":51,"playtime":5752,"items_purged":["Second Wind+1","Injury"],"score":700,"play_id":"7f5c07bb-9ae0-462f-abb1-cae785fcc123","local_time":"20190221002044","is_ascension_mode":false,"campfire_choices":[{"data":"Metallicize","floor":6,"key":"SMITH"},{"data":"Spot Weakness","floor":11,"key":"SMITH"},{"data":"Shrug It Off","floor":15,"key":"SMITH"},{"data":"Double Tap","floor":23,"key":"SMITH"},{"data":"Secret Weapon","floor":30,"key":"SMITH"},{"floor":32,"key":"REST"},{"data":"Shrug It Off","floor":40,"key":"SMITH"},{"data":"Heavy Blade","floor":42,"key":"SMITH"},{"data":"J.A.X.","floor":45,"key":"SMITH"},{"floor":49,"key":"REST"}],"neow_cost":"NONE","seed_source_timestamp":372191126402983,"circlet_count":0,"master_deck":["Strike_R+1","Defend_R","Defend_R","Defend_R+1","Defend_R+1","Bash","Metallicize+1","Intimidate+1","Pommel Strike","Spot Weakness+1","Heavy Blade+1","Double Tap+1","Shrug It Off+1","Exhume+1","Limit Break+1","Intimidate+1","J.A.X.+1","Iron Wave","Shrug It Off+1","Flex","Secret Weapon+1","Shockwave+1","Armaments+1","Impervious","Shrug It Off","Thunderclap+1","Offering"],"relics":["Burning Blood","NeowsBlessing","Art of War","Oddly Smooth Stone","Anchor","Orichalcum","Bag of Marbles","Astrolabe","Red Skull","Bird Faced Urn","Dream Catcher","Cursed Key","Mango","Happy Flower","Pen Nib"],"potions_floor_usage":[13,24,28,33,35,48,50,50],"damage_taken":[{"damage":0,"enemies":"Cultist","floor":1,"turns":1},{"damage":0,"enemies":"2 Louse","floor":2,"turns":1},{"damage":0,"enemies":"3 Sentries","floor":8,"turns":2},{"damage":0,"enemies":"Small Slimes","floor":10,"turns":5},{"damage":0,"enemies":"Looter","floor":12,"turns":3},{"damage":11,"enemies":"Gremlin Nob","floor":13,"turns":5},{"damage":0,"enemies":"Exordium Thugs","floor":14,"turns":4},{"damage":37,"enemies":"The Guardian","floor":16,"turns":9},{"damage":10,"enemies":"Spheric Guardian","floor":18,"turns":4},{"damage":0,"enemies":"Shell Parasite","floor":20,"turns":8},{"damage":21,"enemies":"Snake Plant","floor":22,"turns":4},{"damage":8,"enemies":"Slavers","floor":24,"turns":5},{"damage":16,"enemies":"Shelled Parasite and Fungi","floor":28,"turns":5},{"damage":11,"enemies":"Centurion and Healer","floor":29,"turns":8},{"damage":52,"enemies":"Collector","floor":33,"turns":9},{"damage":11,"enemies":"Orb Walker","floor":35,"turns":6},{"damage":6,"enemies":"Mind Bloom Boss Battle","floor":38,"turns":7},{"damage":3,"enemies":"3 Darklings","floor":39,"turns":6},{"damage":24,"enemies":"Jaw Worm Horde","floor":41,"turns":6},{"damage":9,"enemies":"Maw","floor":46,"turns":6},{"damage":0,"enemies":"4 Shapes","floor":48,"turns":1},{"damage":22,"enemies":"Donu and Deca","floor":50,"turns":8}],"seed_played":"-3279869322202430103","potions_obtained":[{"floor":1,"key":"SteroidPotion"},{"floor":8,"key":"Swift Potion"},{"floor":14,"key":"SmokeBomb"},{"floor":16,"key":"Fire Potion"},{"floor":24,"key":"PowerPotion"},{"floor":29,"key":"LiquidBronze"},{"floor":38,"key":"AttackPotion"}],"is_trial":false,"path_per_floor":["M","M","T","?","?","R","T","E","T","M","R","M","E","M","R","B",null,"M","?","M","?","M","R","E","$","T","$","M","M","R","?","R","B",null,"M","?","?","?","M","R","M","R","T","$","R","M","?","M","R","B",null],"character_chosen":"IRONCLAD","items_purchased":["Flex","Secret Weapon","LiquidBronze","Pen Nib"],"campfire_rested":2,"item_purchase_floors":[25,27,44,44],"current_hp_per_floor":[80,80,80,64,64,64,64,70,70,76,76,80,75,80,80,49,80,76,76,83,83,68,68,66,66,66,66,60,60,60,43,70,26,91,88,88,86,100,100,100,84,84,84,84,84,83,83,89,100,86],"gold":4,"neow_bonus":"THREE_ENEMY_KILL","is_prod":false,"is_daily":false,"chose_seed":false,"campfire_upgraded":8,"win_rate":0,"timestamp":1550676044,"path_taken":["M","?","?","?","?","R","?","E","T","?","R","M","E","M","R","BOSS","M","?","M","?","M","R","E","$","T","$","M","M","R","?","R","BOSS","M","?","?","?","M","R","M","R","T","$","R","?","?","M","R","BOSS"],"build_version":"2019-01-23","purchased_purges":2,"victory":true,"max_hp_per_floor":[80,80,80,80,80,80,80,80,80,80,80,80,80,80,80,80,80,80,80,83,83,83,83,83,83,83,83,83,86,86,91,91,91,91,91,91,86,100,100,100,100,100,100,100,100,100,100,100,100,100],"card_choices":[{"not_picked":["Hemokinesis","Havoc"],"picked":"Metallicize","floor":1},{"not_picked":["Clothesline","Clash"],"picked":"Intimidate","floor":2},{"not_picked":["Rupture","Corruption"],"picked":"Pommel Strike","floor":8},{"not_picked":["Metallicize","Pommel Strike"],"picked":"Spot Weakness","floor":10},{"not_picked":["Body Slam","Evolve"],"picked":"Heavy Blade","floor":12},{"not_picked":["Disarm","Headbutt"],"picked":"Double Tap","floor":13},{"not_picked":["Anger","Disarm"],"picked":"Shrug It Off","floor":14},{"not_picked":["Immolate","Berserk"],"picked":"Feed","floor":16},{"not_picked":["Warcry","Uppercut","Anger+1"],"picked":"SKIP","floor":18},{"not_picked":["Pummel","Combust"],"picked":"Intimidate+1","floor":20},{"not_picked":["Cleave","Pummel"],"picked":"Iron Wave","floor":22},{"not_picked":["Rage","Cleave"],"picked":"Shrug It Off","floor":24},{"not_picked":["Uppercut+1","Reckless Charge"],"picked":"Shockwave+1","floor":28},{"not_picked":["Perfected Strike+1","Body Slam","Combust+1"],"picked":"SKIP","floor":29},{"not_picked":["Bloodletting","Clash+1"],"picked":"Armaments+1","floor":32},{"not_picked":["Offering","Limit Break"],"picked":"Impervious","floor":33},{"not_picked":["Anger","Flex","Clothesline+1"],"picked":"SKIP","floor":35},{"not_picked":["Sentinel+1","Blood for Blood"],"picked":"Shrug It Off","floor":39},{"not_picked":["Heavy Blade","Infernal Blade","Wild Strike+1"],"picked":"SKIP","floor":41},{"not_picked":["Iron Wave+1","Corruption"],"picked":"Thunderclap+1","floor":46},{"not_picked":["Body Slam","Warcry+1"],"picked":"Offering","floor":49}],"player_experience":292646,"relics_obtained":[{"floor":3,"key":"Art of War"},{"floor":7,"key":"Oddly Smooth Stone"},{"floor":8,"key":"Anchor"},{"floor":9,"key":"Orichalcum"},{"floor":13,"key":"Bag of Marbles"},{"floor":24,"key":"Bird Faced Urn"},{"floor":26,"key":"Dream Catcher"},{"floor":38,"key":"Mango"},{"floor":43,"key":"Happy Flower"}],"event_choices":[{"damage_healed":0,"gold_gain":0,"player_choice":"Entered Light","damage_taken":16,"max_hp_gain":0,"max_hp_loss":0,"event_name":"Shining Light","floor":4,"gold_loss":0,"cards_upgraded":["Defend_R","Strike_R"]},{"damage_healed":0,"gold_gain":0,"player_choice":"Grow","damage_taken":0,"max_hp_gain":0,"max_hp_loss":0,"event_name":"Living Wall","floor":5,"gold_loss":0,"cards_upgraded":["Intimidate"]},{"damage_healed":0,"gold_gain":0,"player_choice":"Obtained Relic","damage_taken":0,"relics_obtained":["Red Skull"],"max_hp_gain":0,"max_hp_loss":0,"event_name":"Addict","floor":19,"gold_loss":85},{"damage_healed":0,"gold_gain":0,"player_choice":"Obtain J.A.X.","damage_taken":0,"max_hp_gain":0,"max_hp_loss":0,"event_name":"Drug Dealer","floor":21,"gold_loss":0,"cards_obtained":["J.A.X."]},{"damage_healed":0,"gold_gain":0,"player_choice":"Shed Blood","damage_taken":22,"max_hp_gain":5,"max_hp_loss":0,"event_name":"Forgotten Altar","floor":31,"gold_loss":0},{"cards_removed":["Feed"],"damage_healed":0,"gold_gain":0,"player_choice":"Removed Attack","damage_taken":0,"max_hp_gain":0,"max_hp_loss":0,"event_name":"Falling","floor":36,"gold_loss":0},{"damage_healed":0,"gold_gain":0,"player_choice":"Max HP","damage_taken":0,"max_hp_gain":0,"max_hp_loss":5,"event_name":"Winding Halls","floor":37,"gold_loss":0},{"damage_healed":0,"gold_gain":0,"player_choice":"Fight","damage_taken":0,"max_hp_gain":0,"max_hp_loss":0,"event_name":"MindBloom","floor":38,"gold_loss":0},{"cards_removed":["Strike_R"],"damage_healed":0,"gold_gain":0,"player_choice":"Upgrade and Remove","damage_taken":0,"max_hp_gain":0,"max_hp_loss":0,"event_name":"Designer","floor":47,"gold_loss":90,"cards_upgraded":["Defend_R"]}],"is_beta":false,"boss_relics":[{"not_picked":["Runic Pyramid","Empty Cage"],"picked":"Astrolabe"},{"not_picked":["Black Blood","Eternal Feather"],"picked":"Cursed Key"}],"items_purged_floors":[25,44],"is_endless":false,"potions_floor_spawned":[1,8,14,16,20,22,24,29,38,48],"ascension_level":0}