{"gold_per_floor":[109,184,284,83,94,119,133,27,27,27,27,45,63,97,97,194,194,211,211,211,230,30,56,56,81,105,105,105,54,81,95,95,95],"floor_reached":33,"playtime":2113,"items_purged":["Defend_R","Writhe"],"score":352,"play_id":"3f6d4b03-13cd-4d66-a5b6-aa0f6c5f174c","local_time":"20190102004735","is_ascension_mode":true,"campfire_choices":[{"data":"Armaments","floor":10.0,"key":"SMITH"},{"floor":15,"key":"REST"},{"floor":28,"key":"REST"},{"data":"Metallicize","floor":32,"key":"SMITH"}],"neow_cost":"NONE","seed_source_timestamp":0,"circlet_count":0,"master_deck":["Strike_R+1","Strike_R+1","Strike_R+1","Strike_R+1","Strike_R+1","Defend_R+1","Defend_R+1","Defend_R+1","Bash","Shrug It Off","Metallicize+1","Thunderclap","Rampage","Armaments+1","True Grit","Rage","Feel No Pain","Headbutt","Disarm","Iron Wave","Juggernaut","Carnage+1","Pommel Strike+1","Fire Breathing","Thunderclap","Fire Breathing+1","Armaments+1","Flex","Metallicize","Flex"],"special_seed":0,"relics":["Burning Blood","Darkstone Periapt","Mummified Hand","Orichalcum","Eternal Feather","Omamori","Lantern","Boot","Strawberry","Ancient Tea Set"],"potions_floor_usage":[16,16,23,33,33],"damage_taken":[{"damage":12.0,"enemies":"Jaw Worm","floor":1.0,"turns":5.0},{"damage":8.0,"enemies":"2 Louse","floor":5.0,"turns":3.0},{"damage":37.0,"enemies":"Lagavulin","floor":6.0,"turns":7.0},{"damage":0.0,"enemies":"Cultist","floor":7.0,"turns":4.0},{"damage":4.0,"enemies":"Lots of Slimes","floor":12.0,"turns":4.0},{"damage":0.0,"enemies":"Looter","floor":13.0,"turns":4.0},{"damage":36,"enemies":"Gremlin Nob","floor":14,"turns":6},{"damage":37,"enemies":"Hexaghost","floor":16,"turns":11},{"damage":7,"enemies":"Spheric Guardian","floor":18,"turns":4},{"damage":6,"enemies":"3 Byrds","floor":21,"turns":5},{"damage":59,"enemies":"Gremlin Leader","floor":23,"turns":9},{"damage":22,"enemies":"Slavers","floor":25,"turns":5},{"damage":17,"enemies":"Colosseum Slavers","floor":27,"turns":7},{"damage":28,"enemies":"Gremlin Leader","floor":30,"turns":8},{"damage":0,"enemies":"Snecko","floor":31,"turns":6},{"damage":71,"enemies":"Automaton","floor":33,"turns":8}],"seed_played":"-7746512064564608075","potions_obtained":[{"floor":5.0,"key":"EssenceOfSteel"},{"floor":13,"key":"LiquidBronze"},{"floor":14,"key":"Poison Potion"},{"floor":16,"key":"EssenceOfSteel"},{"floor":25,"key":"LiquidBronze"},{"floor":30,"key":"Energy Potion"}],"is_trial":false,"path_per_floor":["M","?","?","$","M","E","M","$","T","R","?","M","M","M","E","R","B",null,"M","?","?","M","$","E","?","E","T","?","R","$","E","M","R","B"],"character_chosen":"IRONCLAD","items_purchased":["Metallicize","Thunderclap","Rage","Feel No Pain","Fire Breathing","Thunderclap","Flex"],"campfire_rested":2,"item_purchase_floors":[4,4,8,8,22,22,29],"current_hp_per_floor":[82,71,71,71,69,38,44,44,44,44,88,88,88,58,84,53,88,87,87,93,93,93,40,40,24,31,20,65,65,43,49,67,0],"gold":95,"neow_bonus":"TEN_PERCENT_HP_BONUS","is_prod":false,"is_daily":false,"chose_seed":false,"campfire_upgraded":2,"win_rate":0,"timestamp":1546382855,"path_taken":["M","?","?","$","?","E","M","?","T","R","?","?","M","E","R","BOSS","M","?","?","M","?","E","?","E","T","?","R","$","E","M","R","BOSS"],"build_version":"2018-12-20","purchased_purges":2,"victory":false,"max_hp_per_floor":[88,88,88,88,88,88,88,88,88,88,88,88,88,88,88,88,88,88,88,94,94,94,94,94,94,101,101,101,101,101,101,101,101],"card_choices":[{"not_picked":["Anger","Body Slam"],"picked":"Shrug It Off","floor":1.0},{"not_picked":["Sever Soul","Anger"],"picked":"Rampage","floor":5.0},{"not_picked":["Pommel Strike","Clothesline"],"picked":"Armaments","floor":6.0},{"not_picked":["Clash","Perfected Strike"],"picked":"True Grit","floor":7.0},{"not_picked":["Pommel Strike","Body Slam"],"picked":"Headbutt","floor":12.0},{"not_picked":["Feel No Pain","Fire Breathing"],"picked":"Disarm","floor":13},{"not_picked":["Berserk","Armaments"],"picked":"Iron Wave","floor":14},{"not_picked":["Dark Embrace","Double Tap"],"picked":"Juggernaut","floor":16},{"not_picked":["Perfected Strike","Seeing Red+1"],"picked":"Carnage+1","floor":18},{"not_picked":["Pummel","Whirlwind"],"picked":"Pommel Strike+1","floor":21},{"not_picked":["Intimidate","Shockwave"],"picked":"Fire Breathing+1","floor":23},{"not_picked":["Pommel Strike","Feed"],"picked":"Armaments+1","floor":25},{"not_picked":["Heavy Blade","Clothesline+1"],"picked":"Metallicize","floor":30},{"not_picked":["Bloodletting","True Grit"],"picked":"Flex","floor":31}],"player_experience":87357,"relics_obtained":[{"floor":6.0,"key":"Darkstone Periapt"},{"floor":9.0,"key":"Mummified Hand"},{"floor":14,"key":"Orichalcum"},{"floor":23,"key":"Lantern"},{"floor":25,"key":"Boot"},{"floor":26,"key":"Strawberry"},{"floor":30,"key":"Ancient Tea Set"}],"event_choices":[{"damage_healed":0.0,"max_hp_gain":0.0,"max_hp_loss":0.0,"gold_gain":75.0,"event_name":"World of Goop","player_choice":"Gather Gold","floor":2.0,"gold_loss":0.0,"damage_taken":11.0},{"damage_healed":0.0,"max_hp_gain":0.0,"max_hp_loss":0.0,"gold_gain":100.0,"event_name":"Golden Shrine","player_choice":"Pray","floor":3.0,"gold_loss":0.0,"damage_taken":0.0},{"damage_healed":44.0,"max_hp_gain":0.0,"max_hp_loss":0.0,"gold_gain":0.0,"event_name":"Wheel of Change","player_choice":"Full Heal","floor":11.0,"gold_loss":0.0,"damage_taken":0.0},{"damage_healed":0,"gold_gain":0,"player_choice":"Ignored","damage_taken":0,"max_hp_gain":0,"max_hp_loss":0,"event_name":"Cursed Tome","floor":19,"gold_loss":0},{"damage_healed":0,"gold_gain":0,"player_choice":"Opened","damage_taken":0,"relics_obtained":["Omamori"],"max_hp_gain":0,"max_hp_loss":0,"event_name":"The Mausoleum","floor":20,"gold_loss":0,"cards_obtained":["Writhe"]},{"damage_healed":0,"gold_gain":0,"player_choice":"Simplicity","damage_taken":0,"max_hp_gain":0,"max_hp_loss":0,"event_name":"Back to Basics","floor":24,"gold_loss":0,"cards_upgraded":["Strike_R","Strike_R","Strike_R","Strike_R","Strike_R","Defend_R","Defend_R","Defend_R"]},{"damage_healed":0,"gold_gain":0,"player_choice":"Fight","damage_taken":0,"max_hp_gain":0,"max_hp_loss":0,"event_name":"Colosseum","floor":27,"gold_loss":0},{"damage_healed":0,"gold_gain":0,"player_choice":"Fled From Nobs","damage_taken":0,"max_hp_gain":0,"max_hp_loss":0,"event_name":"Colosseum","floor":27,"gold_loss":0}],"is_beta":false,"boss_relics":[{"not_picked":["Snecko Eye","Velvet Choker"],"picked":"Eternal Feather"}],"items_purged_floors":[4,22],"is_endless":false,"potions_floor_spawned":[5,13,14,16,25,27,30,31],"killed_by":"Automaton","ascension_level":1}