{"path_per_floor":["M","?","T","M","M","M","R","?","T","M","M","T","E"],"character_chosen":"IRONCLAD","items_purchased":[],"gold_per_floor":[18,18,42,61,71,89,89,89,89,112,133,133,177,177],"floor_reached":14,"campfire_rested":0,"playtime":383,"current_hp_per_floor":[79,79,79,71,71,68,68,48,48,40,43,43,14,0],"items_purged":[],"gold":177,"score":115,"play_id":"85bf444d-75d4-4d9e-a212-4afe1fc9ce8b","local_time":"20180518020154","is_prod":false,"is_daily":false,"chose_seed":false,"is_ascension_mode":true,"campfire_upgraded":1,"timestamp":1526601714,"campfire_choices":[{"data":"Dark Embrace","floor":7,"key":"SMITH"}],"path_taken":["M","?","?","?","M","M","R","?","T","M","M","?","E","?"],"build_version":"2018-05-17","seed_source_timestamp":0,"purchased_purges":0,"victory":false,"master_deck":["Strike_R","Strike_R","Strike_R","Strike_R","Strike_R","Defend_R","Defend_R","Bash","Dark Embrace+1","Bludgeon","Regret","Intimidate","True Grit"],"max_hp_per_floor":[80,80,80,80,80,80,80,80,80,80,80,80,80,80],"relics":["Burning Blood","Paper Frog","Oddly Smooth Stone","Golden Idol","Mercury Hourglass","Bottled Flame","Bottled Lightning"],"card_choices":[{"not_picked":["Pommel Strike","Blood for Blood","Armaments"],"picked":"SKIP","floor":1},{"not_picked":["Flex","Body Slam"],"picked":"Intimidate","floor":4},{"not_picked":["Power Through","Combust","Immolate"],"picked":"SKIP","floor":5},{"not_picked":["Flex","Shrug It Off","Dropkick"],"picked":"SKIP","floor":6},{"not_picked":["Pommel Strike","Reckless Charge"],"picked":"True Grit","floor":10},{"not_picked":["Searing Blow","Evolve","Body Slam"],"picked":"SKIP","floor":11},{"not_picked":["True Grit","Shrug It Off","Combust"],"picked":"SKIP","floor":13}],"player_experience":88383,"potions_floor_usage":[13,14,14],"damage_taken":[{"damage":7,"enemies":"2 Louse","floor":1,"turns":3},{"damage":14,"enemies":"Small Slimes","floor":4,"turns":2},{"damage":6,"enemies":"Jaw Worm","floor":5,"turns":2},{"damage":9,"enemies":"Red Slaver","floor":6,"turns":3},{"damage":14,"enemies":"2 Fungi Beasts","floor":10,"turns":3},{"damage":3,"enemies":"Looter","floor":11,"turns":2},{"damage":35,"enemies":"Lagavulin","floor":13,"turns":5},{"damage":21,"enemies":"The Mushroom Lair","floor":14,"turns":2}],"relics_obtained":[{"floor":3,"key":"Oddly Smooth Stone"},{"floor":9,"key":"Mercury Hourglass"},{"floor":12,"key":"Bottled Flame"},{"floor":13,"key":"Bottled Lightning"}],"event_choices":[{"event_name":"Big Fish","player_choice":"Box","floor":2,"damage_taken":0},{"event_name":"Golden Idol","player_choice":"Take Damage","floor":8,"damage_taken":0},{"event_name":"Mushrooms","player_choice":"Fought Mushrooms","floor":14,"damage_taken":0}],"boss_relics":[],"potions_floor_spawned":[4,10,11],"seed_played":"1083984186361419813","killed_by":"The Mushroom Lair","ascension_level":5,"potions_obtained":[{"floor":4,"key":"SpeedPotion"},{"floor":10,"key":"LiquidBronze"},{"floor":11,"key":"Weak Potion"}],"is_trial":false}