{"gold_per_floor":[134,209,209,234,140,140,195,195,195,210,240,270,120,175,175,275,275,310,409,409,409,76,136,171,211,261,261,291,306,321,356,356,456,456,471,471,1470,1495,1525,1525,1555,1555,1580,1595,1610,1625,260,275,275,275],"floor_reached":51,"playtime":3873,"items_purged":["Normality"],"score":921,"play_id":"7ad9d8c5-173b-4ff1-bd76-62752819c42e","local_time":"20190219120732","daily_mods":["Shiny","Colorless Cards","DeadlyEvents"],"is_ascension_mode":false,"campfire_choices":[{"floor":6.0,"key":"REST"},{"data":"Anger","floor":8.0,"key":"SMITH"},{"floor":15.0,"key":"REST"},{"data":"Uppercut","floor":27.0,"key":"SMITH"},{"data":"Transmutation","floor":32.0,"key":"SMITH"},{"data":"Mind Blast","floor":40,"key":"SMITH"},{"data":"Demon Form","floor":42,"key":"SMITH"},{"data":"Barricade","floor":49,"key":"SMITH"}],"neow_cost":"","seed_source_timestamp":0,"circlet_count":0,"master_deck":["Double Tap+1","Demon Form","Bludgeon+1","Feed","Limit Break","Barricade+1","Fiend Fire","Dark Embrace","Berserk","Impervious","Juggernaut","Reaper","Exhume","Offering","Immolate","Thinking Ahead","Metamorphosis","Master of Strategy","Magnetism","Chrysalis","Transmutation+1","Mayhem","Apotheosis","Secret Weapon","Panache","Violence","Secret Technique","The Bomb","Sadistic Nature","Shrug It Off","Spot Weakness","Heavy Blade","Anger+1","Cleave","Deep Breath","Headbutt","Cleave","Flame Barrier","Metamorphosis","Twin Strike","Necronomicurse","Mind Blast+1","Uppercut+1","Blind","Combust+1","Heavy Blade","Dropkick","Seeing Red","Flex","Demon Form+1","Pommel Strike+1","Normality","Shrug It Off","Perfected Strike","Perfected Strike+1","Dual Wield","Flame Barrier+1","Heavy Blade","Trip","Violence","Fire Breathing","Havoc","True Grit","Headbutt","Spot Weakness+1"],"special_seed":17946,"relics":["Burning Blood","Potion Belt","Smiling Mask","Ornamental Fan","Boot","Happy Flower","Blood Vial","Dream Catcher","Eternal Feather","Necronomicon","Bottled Flame","Tiny Chest","Ancient Tea Set","Centennial Puzzle","Black Star","Red Skull","Pocketwatch","Pen Nib","Lantern","Bag of Preparation","Strawberry","Nunchaku","ClockworkSouvenir","Dodecahedron"],"potions_floor_usage":[50,50],"damage_taken":[{"damage":16.0,"enemies":"2 Louse","floor":1.0,"turns":5.0},{"damage":26.0,"enemies":"Gremlin Nob","floor":7.0,"turns":3.0},{"damage":0.0,"enemies":"Small Slimes","floor":10.0,"turns":3.0},{"damage":61.0,"enemies":"3 Sentries","floor":11.0,"turns":5.0},{"damage":39.0,"enemies":"Gremlin Nob","floor":12.0,"turns":4.0},{"damage":16.0,"enemies":"3 Sentries","floor":14.0,"turns":4.0},{"damage":56.0,"enemies":"The Guardian","floor":16.0,"turns":6.0},{"damage":8.0,"enemies":"3 Byrds","floor":18.0,"turns":3.0},{"damage":92.0,"enemies":"Slavers","floor":23.0,"turns":4.0},{"damage":6.0,"enemies":"Chosen","floor":24.0,"turns":2.0},{"damage":22.0,"enemies":"Sentry and Sphere","floor":25.0,"turns":4.0},{"damage":27.0,"enemies":"Gremlin Leader","floor":28.0,"turns":3.0},{"damage":17.0,"enemies":"Snake Plant","floor":29.0,"turns":2.0},{"damage":29.0,"enemies":"Shelled Parasite and Fungi","floor":30.0,"turns":3.0},{"damage":24.0,"enemies":"Centurion and Healer","floor":31.0,"turns":3.0},{"damage":85.0,"enemies":"Collector","floor":33.0,"turns":8.0},{"damage":26,"enemies":"Orb Walker","floor":35,"turns":3},{"damage":52,"enemies":"Giant Head","floor":39,"turns":6},{"damage":56,"enemies":"Reptomancer","floor":41,"turns":6},{"damage":18,"enemies":"3 Shapes","floor":44,"turns":2},{"damage":18,"enemies":"Spire Growth","floor":45,"turns":3},{"damage":35,"enemies":"Writhing Mass","floor":46,"turns":4},{"damage":6,"enemies":"4 Shapes","floor":48,"turns":2},{"damage":86,"enemies":"Donu and Deca","floor":50,"turns":8}],"seed_played":"6153314336027530073","potions_obtained":[{"floor":1.0,"key":"Swift Potion"},{"floor":10.0,"key":"Fruit Juice"},{"floor":16.0,"key":"Fire Potion"},{"floor":23.0,"key":"Ancient Potion"},{"floor":28.0,"key":"AttackPotion"},{"floor":29.0,"key":"Weak Potion"},{"floor":33.0,"key":"FairyPotion"},{"floor":41,"key":"Swift Potion"},{"floor":44,"key":"SneckoOil"},{"floor":46,"key":"Strength Potion"}],"is_trial":false,"path_per_floor":["M","?","?","T","$","R","E","R","T","M","E","E","$","E","R","B",null,"M","?","?","?","$","E","M","M","T","R","E","M","M","M","R","B",null,"M","?","?","T","E","R","E","R","T","M","M","M","$","M","R","B",null],"character_chosen":"IRONCLAD","items_purchased":["Spot Weakness","Heavy Blade","Blood Vial","Bottled Flame","Mind Blast","Nunchaku","ClockworkSouvenir","Heavy Blade","Trip","Violence","Dodecahedron","Fire Breathing","Havoc","True Grit","Headbutt","Energy Potion"],"campfire_rested":2,"item_purchase_floors":[5,5,13,22,22,47,47,47,47,47,47,47,47,47,47,47],"current_hp_per_floor":[73,62,45,45,45,69,56,56,56,62,63,43,43,39,67,24,96,99,99,83,83,83,47,54,40,40,67,78,79,58,70,100,59,103,89,89,89,89,45,75,53,86,93,104,98,76,76,113,113,33],"gold":275,"neow_bonus":"","is_prod":false,"is_daily":true,"chose_seed":false,"campfire_upgraded":6,"win_rate":0,"timestamp":1550549252,"path_taken":["M","?","?","?","$","R","E","R","T","M","?","?","?","?","R","BOSS","M","?","?","?","$","E","M","M","T","R","?","M","M","?","R","BOSS","M","?","?","?","?","R","E","R","T","M","?","M","?","M","R","BOSS"],"build_version":"2019-01-23","purchased_purges":1,"victory":true,"max_hp_per_floor":[83,83,83,83,83,83,83,83,83,83,88,92,92,96,96,96,96,99,99,99,99,99,103,103,103,103,103,103,103,103,103,103,103,103,103,103,103,103,103,103,103,103,110,110,110,110,110,113,113,113],"card_choices":[{"not_picked":["Flash of Steel","Dual Wield"],"picked":"Shrug It Off","floor":1.0},{"not_picked":["The Bomb","Wild Strike"],"picked":"Anger","floor":7.0},{"not_picked":["Clash","Havoc"],"picked":"Cleave","floor":10.0},{"not_picked":["Wild Strike","Rampage"],"picked":"Deep Breath","floor":11.0},{"not_picked":["Sword Boomerang","Dramatic Entrance"],"picked":"Headbutt","floor":12.0},{"not_picked":["Heavy Blade","Armaments"],"picked":"Cleave","floor":14.0},{"not_picked":["Second Wind","Deep Breath"],"picked":"Flame Barrier","floor":15.0},{"not_picked":["Reaper","Panache"],"picked":"Metamorphosis","floor":16.0},{"not_picked":["Panacea","Evolve"],"picked":"Twin Strike","floor":18.0},{"not_picked":["Enlightenment+1","True Grit+1"],"picked":"Uppercut","floor":23.0},{"not_picked":["Headbutt+1","Clothesline"],"picked":"Blind","floor":24.0},{"not_picked":["Havoc","Twin Strike"],"picked":"Combust+1","floor":25.0},{"not_picked":["Battle Trance","Anger"],"picked":"Heavy Blade","floor":28.0},{"not_picked":["Power Through","Body Slam"],"picked":"Dropkick","floor":29.0},{"not_picked":["Intimidate","Impervious"],"picked":"Seeing Red","floor":30.0},{"not_picked":["Anger","Corruption+1"],"picked":"Flex","floor":31.0},{"not_picked":["Master of Strategy","Apotheosis"],"picked":"Demon Form","floor":33.0},{"not_picked":["Headbutt+1","Armaments+1"],"picked":"Pommel Strike+1","floor":35},{"not_picked":["Impatience+1","Sword Boomerang+1"],"picked":"Shrug It Off","floor":39},{"not_picked":["Wild Strike+1","Heavy Blade"],"picked":"Perfected Strike","floor":41},{"not_picked":["Headbutt","Purity+1"],"picked":"Perfected Strike+1","floor":44},{"not_picked":["Flex","Havoc"],"picked":"Dual Wield","floor":45},{"not_picked":["Deep Breath","Secret Technique"],"picked":"Flame Barrier+1","floor":46},{"not_picked":["Trip+1","Wild Strike"],"picked":"Spot Weakness+1","floor":48}],"player_experience":112890,"relics_obtained":[{"floor":4.0,"key":"Potion Belt"},{"floor":7.0,"key":"Smiling Mask"},{"floor":9.0,"key":"Ornamental Fan"},{"floor":11.0,"key":"Boot"},{"floor":12.0,"key":"Happy Flower"},{"floor":14.0,"key":"Dream Catcher"},{"floor":20.0,"key":"Necronomicon"},{"floor":23.0,"key":"Tiny Chest"},{"floor":26.0,"key":"Ancient Tea Set"},{"floor":28.0,"key":"Centennial Puzzle"},{"floor":38,"key":"Red Skull"},{"floor":39,"key":"Pocketwatch"},{"floor":39,"key":"Pen Nib"},{"floor":41,"key":"Lantern"},{"floor":41,"key":"Bag of Preparation"},{"floor":43,"key":"Strawberry"}],"event_choices":[{"damage_healed":0.0,"max_hp_gain":0.0,"max_hp_loss":0.0,"gold_gain":75.0,"event_name":"World of Goop","player_choice":"Gather Gold","floor":2.0,"gold_loss":0.0,"damage_taken":11.0},{"damage_healed":0.0,"max_hp_gain":0.0,"max_hp_loss":0.0,"gold_gain":0.0,"event_name":"Shining Light","player_choice":"Entered Light","floor":3.0,"gold_loss":0.0,"damage_taken":17.0,"cards_upgraded":["Bludgeon","Double Tap"]},{"damage_healed":0.0,"max_hp_gain":0.0,"max_hp_loss":0.0,"gold_gain":99.0,"event_name":"Nest","player_choice":"Stole From Cult","floor":19.0,"gold_loss":0.0,"damage_taken":0.0},{"damage_healed":0.0,"max_hp_gain":0.0,"max_hp_loss":0.0,"gold_gain":0.0,"event_name":"Cursed Tome","player_choice":"Obtained Book","floor":20.0,"gold_loss":0.0,"damage_taken":16.0},{"cards_removed":["Brutality"],"damage_healed":0.0,"max_hp_gain":0.0,"max_hp_loss":0.0,"gold_gain":0.0,"event_name":"Purifier","player_choice":"Purged","floor":21.0,"gold_loss":0.0,"damage_taken":0.0},{"cards_removed":["HandOfGreed"],"damage_healed":0,"gold_gain":0,"player_choice":"Removed Attack","damage_taken":0,"max_hp_gain":0,"max_hp_loss":0,"event_name":"Falling","floor":36,"gold_loss":0},{"damage_healed":0,"gold_gain":999,"player_choice":"Gold","damage_taken":0,"max_hp_gain":0,"max_hp_loss":0,"event_name":"MindBloom","floor":37,"gold_loss":0,"cards_obtained":["Normality","Normality"]}],"is_beta":false,"boss_relics":[{"not_picked":["Velvet Choker","Tiny House"],"picked":"Eternal Feather"},{"not_picked":["Philosopher\u0027s Stone","Lizard Tail"],"picked":"Black Star"}],"items_purged_floors":[47],"is_endless":false,"potions_floor_spawned":[1,10,16,23,28,29,33,41,44,46],"ascension_level":0}