{"gold_per_floor":[111,130,105,180,190,223,242,254,303,360,360,386,406,406,406,510,510,520,520,117,133,83,83,115,115,115,115],"floor_reached":27,"playtime":1396,"items_purged":["Clumsy","Normality"],"score":241,"play_id":"f031dbd0-4543-4574-a33d-150da43f85f3","local_time":"20190104000304","is_ascension_mode":false,"campfire_choices":[{"floor":11,"key":"REST"},{"floor":15,"key":"REST"},{"floor":23,"key":"REST"},{"floor":25,"key":"REST"}],"neow_cost":"NONE","seed_source_timestamp":152055322770636,"circlet_count":0,"master_deck":["Strike_B","Strike_B","Strike_B","Strike_B","Defend_B","Defend_B","Defend_B","Defend_B","Zap","Dualcast","White Noise","Streamline","Ball Lightning","Leap","Cold Snap","Redo","Coolheaded","Leap","Cold Snap","Go for the Eyes","Thunder Strike","Decay","Conserve Battery+1","Decay","White Noise","The Bomb","Cold Snap+1","Static Discharge"],"relics":["Cracked Core","Mummified Hand","Oddly Smooth Stone","Dodecahedron","Centennial Puzzle","Calling Bell","Smiling Mask","Mercury Hourglass","WingedGreaves","Vajra","FossilizedHelix","Shuriken"],"potions_floor_usage":[6,12,16,27,27,27],"damage_taken":[{"damage":2,"enemies":"2 Louse","floor":1,"turns":3},{"damage":12,"enemies":"Small Slimes","floor":2,"turns":4},{"damage":6,"enemies":"Jaw Worm","floor":5,"turns":3},{"damage":18,"enemies":"Lagavulin","floor":6,"turns":6},{"damage":8,"enemies":"3 Louse","floor":7,"turns":3},{"damage":0,"enemies":"Large Slime","floor":8,"turns":5},{"damage":6,"enemies":"Gremlin Nob","floor":10,"turns":4},{"damage":23,"enemies":"Gremlin Nob","floor":12,"turns":4},{"damage":5,"enemies":"Blue Slaver","floor":13,"turns":2},{"damage":22,"enemies":"Hexaghost","floor":16,"turns":13},{"damage":16,"enemies":"Shell Parasite","floor":18,"turns":6},{"damage":28,"enemies":"2 Thieves","floor":21,"turns":4},{"damage":45,"enemies":"Gremlin Leader","floor":24,"turns":6},{"damage":52,"enemies":"Slavers","floor":27,"turns":3}],"seed_played":"1604512605204364221","potions_obtained":[{"floor":5,"key":"Regen Potion"},{"floor":6,"key":"LiquidBronze"},{"floor":12,"key":"GamblersBrew"},{"floor":13,"key":"Swift Potion"},{"floor":16,"key":"Swift Potion"},{"floor":18,"key":"SteroidPotion"}],"is_trial":false,"path_per_floor":["M","M","$","?","M","E","M","M","T","?","R","E","M","?","R","B",null,"M","?","$","M","$","R","E","R","T","E"],"character_chosen":"DEFECT","items_purchased":["Ball Lightning","White Noise","The Bomb","Vajra"],"campfire_rested":4,"item_purchase_floors":[3,20,20,20],"current_hp_per_floor":[80,68,68,57,51,48,40,40,40,34,58,35,30,30,54,32,82,66,66,66,38,38,62,17,41,41,0],"gold":115,"neow_bonus":"TEN_PERCENT_HP_BONUS","is_prod":false,"is_daily":false,"chose_seed":false,"campfire_upgraded":0,"win_rate":0.0,"timestamp":1546588984,"path_taken":["M","M","$","?","M","E","M","M","T","?","R","E","M","?","R","BOSS","M","?","$","M","$","R","E","R","T","E"],"build_version":"2019-01-03v3","purchased_purges":2,"victory":false,"max_hp_per_floor":[82,82,82,82,82,82,82,82,82,82,82,82,82,82,82,82,82,82,82,82,82,82,82,82,82,82,82],"card_choices":[{"not_picked":["Stack","Steam"],"picked":"White Noise","floor":1},{"not_picked":["Stack","Leap"],"picked":"Streamline","floor":2},{"not_picked":["Reprogram","Stack"],"picked":"Leap","floor":5},{"not_picked":["Leap","Storm"],"picked":"Cold Snap","floor":6},{"not_picked":["Rebound","Cold Snap"],"picked":"Redo","floor":7},{"not_picked":["Sweeping Beam","Steam"],"picked":"Coolheaded","floor":8},{"not_picked":["Rebound","Creative AI"],"picked":"Leap","floor":10},{"not_picked":["Steam","Stack"],"picked":"Cold Snap","floor":12},{"not_picked":["Cold Snap","Gash"],"picked":"Go for the Eyes","floor":13},{"not_picked":["Creative AI","Seek"],"picked":"Thunder Strike","floor":16},{"not_picked":["Turbo","Ball Lightning"],"picked":"Conserve Battery+1","floor":18},{"not_picked":["Scrape","Leap"],"picked":"Cold Snap+1","floor":21},{"not_picked":["Ball Lightning","Reprogram"],"picked":"Static Discharge","floor":24}],"player_experience":42711,"relics_obtained":[{"floor":6,"key":"Mummified Hand"},{"floor":9,"key":"Oddly Smooth Stone"},{"floor":10,"key":"Dodecahedron"},{"floor":12,"key":"Centennial Puzzle"},{"floor":17,"key":"Smiling Mask"},{"floor":17,"key":"Mercury Hourglass"},{"floor":17,"key":"WingedGreaves"},{"floor":24,"key":"FossilizedHelix"},{"floor":26,"key":"Shuriken"}],"event_choices":[{"damage_healed":0,"gold_gain":75,"player_choice":"Gather Gold","damage_taken":11,"max_hp_gain":0,"max_hp_loss":0,"event_name":"World of Goop","floor":4,"gold_loss":0},{"damage_healed":0,"gold_gain":30,"player_choice":"Searched \u00273\u0027 times","damage_taken":0,"max_hp_gain":0,"max_hp_loss":0,"event_name":"Dead Adventurer","floor":10,"gold_loss":0},{"damage_healed":0,"gold_gain":0,"player_choice":"Ignored","damage_taken":0,"max_hp_gain":0,"max_hp_loss":0,"event_name":"Liars Game","floor":14,"gold_loss":0},{"damage_healed":0,"gold_gain":0,"player_choice":"Smashed Altar","damage_taken":0,"max_hp_gain":0,"max_hp_loss":0,"event_name":"Forgotten Altar","floor":19,"gold_loss":0,"cards_obtained":["Decay"]}],"is_beta":false,"boss_relics":[{"not_picked":["Philosopher\u0027s Stone","Snecko Eye"],"picked":"Calling Bell"}],"items_purged_floors":[20,22],"is_endless":false,"potions_floor_spawned":[5,6,12,13,16,18],"killed_by":"Slavers","ascension_level":0}