{"gold_per_floor":[114,129,144,73,88,118,118,148,173,173,203,218,218,18,18,118,118,58],"floor_reached":18,"playtime":1236,"items_purged":[],"score":205,"play_id":"e4dcfc64-56f0-4d26-8318-5602a3478380","local_time":"20190130155054","daily_mods":["Specialized","Red Cards","Elite Swarm"],"is_ascension_mode":false,"campfire_choices":[{"floor":7,"key":"REST"},{"floor":13,"key":"REST"},{"data":"Corpse Explosion","floor":15,"key":"SMITH"}],"neow_cost":"","seed_source_timestamp":0,"circlet_count":0,"master_deck":["Defend_G","Defend_G","Defend_G","Defend_G","Defend_G","Strike_G","Strike_G","Strike_G","Strike_G","Strike_G","Survivor","Neutralize","Second Wind","Second Wind","Second Wind","Second Wind","Blood for Blood","Anger","Body Slam","Inflame","Noxious Fumes","Corpse Explosion+1","Bullet Time","Wraith Form v2","Flying Knee","Die Die Die"],"special_seed":17926,"relics":["Ring of the Snake","Bottled Flame","Snake Skull","Bag of Preparation","Omamori","HandDrill","Runic Pyramid"],"potions_floor_usage":[11,11,18],"damage_taken":[{"damage":0,"enemies":"Cultist","floor":1,"turns":6},{"damage":0,"enemies":"2 Louse","floor":2,"turns":2},{"damage":4,"enemies":"Jaw Worm","floor":3,"turns":4},{"damage":11,"enemies":"Red Slaver","floor":5,"turns":5},{"damage":26,"enemies":"Lagavulin","floor":6,"turns":7},{"damage":17,"enemies":"3 Sentries","floor":8,"turns":4},{"damage":26,"enemies":"Lagavulin","floor":11,"turns":5},{"damage":8,"enemies":"Large Slime","floor":12,"turns":5},{"damage":49,"enemies":"Slime Boss","floor":16,"turns":10},{"damage":4,"enemies":"2 Thieves","floor":18,"turns":4}],"seed_played":"5247171825333593752","potions_obtained":[{"floor":1,"key":"SpeedPotion"},{"floor":5,"key":"GamblersBrew"},{"floor":8,"key":"SkillPotion"},{"floor":12,"key":"SkillPotion"},{"floor":16,"key":"Block Potion"}],"is_trial":false,"path_per_floor":["M","M","M","$","M","E","R","E","T","?","E","M","R","$","R","B",null,"M"],"character_chosen":"THE_SILENT","items_purchased":["Inflame","HandDrill"],"campfire_rested":2,"item_purchase_floors":[4,14],"current_hp_per_floor":[70,70,66,66,55,29,50,33,33,70,44,36,57,57,57,8,70,66],"gold":58,"neow_bonus":"","is_prod":false,"is_daily":true,"chose_seed":false,"campfire_upgraded":1,"win_rate":0,"timestamp":1548834654,"path_taken":["M","M","?","$","?","E","R","E","T","?","E","?","R","$","R","BOSS","M"],"build_version":"2019-01-23","purchased_purges":0,"victory":false,"max_hp_per_floor":[70,70,70,70,70,70,70,70,70,70,70,70,70,70,70,70,70,70],"card_choices":[{"not_picked":["Seeing Red","Thunderclap"],"picked":"Blood for Blood","floor":1},{"not_picked":["Body Slam","Quick Slash"],"picked":"Anger","floor":2},{"not_picked":["Backflip","Deflect"],"picked":"Body Slam","floor":3},{"not_picked":["Skewer","Feel No Pain"],"picked":"Noxious Fumes","floor":5},{"not_picked":["Dark Embrace","Envenom"],"picked":"Corpse Explosion","floor":6},{"not_picked":["Berserk","Die Die Die"],"picked":"Bullet Time","floor":8},{"not_picked":["Bullet Time","Burst"],"picked":"Wraith Form v2","floor":11},{"not_picked":["Acrobatics","Dodge and Roll"],"picked":"Flying Knee","floor":12},{"not_picked":["Tools of the Trade","Doppelganger"],"picked":"Die Die Die","floor":16}],"player_experience":73096,"relics_obtained":[{"floor":6,"key":"Bottled Flame"},{"floor":8,"key":"Snake Skull"},{"floor":9,"key":"Bag of Preparation"},{"floor":11,"key":"Omamori"}],"event_choices":[{"cards_removed":["Second Wind"],"damage_healed":37,"gold_gain":0,"player_choice":"Offered Uncommon","damage_taken":0,"max_hp_gain":0,"max_hp_loss":0,"event_name":"Bonfire Elementals","floor":10,"gold_loss":0}],"is_beta":false,"boss_relics":[{"not_picked":["Coffee Dripper","Sozu"],"picked":"Runic Pyramid"}],"items_purged_floors":[],"is_endless":false,"potions_floor_spawned":[1,5,8,12,16],"killed_by":"2 Thieves","ascension_level":0}