{"gold_per_floor":[110,35,35,105,64,96,116,116,116,116,145,145,177,194,194,272,272,283,283,297,312,324,354,354,385,385,400,70,88,114,124,124,197,197,216,265,265],"floor_reached":37,"playtime":1268,"items_purged":[],"score":850,"play_id":"7aebf053-cc13-44e6-8249-99f5e18e8b03","local_time":"20190131115406","is_ascension_mode":true,"campfire_choices":[{"data":"Anger","floor":8.0,"key":"SMITH"},{"data":"Carnage","floor":10.0,"key":"SMITH"},{"data":"Disarm","floor":12.0,"key":"SMITH"},{"data":"Shockwave","floor":15.0,"key":"SMITH"},{"data":"Limit Break","floor":24.0,"key":"SMITH"},{"data":"Havoc","floor":32.0,"key":"SMITH"}],"neow_cost":"NONE","seed_source_timestamp":0,"circlet_count":0,"master_deck":["AscendersBane","Strike_R+1","Strike_R","Strike_R","Strike_R","Defend_R","Defend_R","Defend_R","Defend_R+1","Bash","Headbutt","Carnage+1","Twin Strike","Anger+1","Disarm+1","Iron Wave","Shockwave+1","Limit Break+1","Reaper","Havoc+1","Immolate","Offering","Body Slam+1","Battle Trance","Rage","Feed"],"special_seed":0,"relics":["Burning Blood","NeowsBlessing","Shuriken","Bag of Marbles","Matryoshka","Self Forming Clay","Pantograph","Sozu","Smiling Mask","Dodecahedron","Pen Nib","Ginger","Gambling Chip","PreservedInsect","Mark of Pain","Pocketwatch"],"potions_floor_usage":[],"damage_taken":[{"damage":0.0,"enemies":"Jaw Worm","floor":1.0,"turns":1.0},{"damage":0.0,"enemies":"Lagavulin","floor":6.0,"turns":1.0},{"damage":0.0,"enemies":"Cultist","floor":7.0,"turns":1.0},{"damage":16.0,"enemies":"Gremlin Nob","floor":11.0,"turns":3.0},{"damage":23.0,"enemies":"Lagavulin","floor":13.0,"turns":5.0},{"damage":0.0,"enemies":"Small Slimes","floor":14.0,"turns":1.0},{"damage":40.0,"enemies":"Hexaghost","floor":16.0,"turns":6.0},{"damage":11.0,"enemies":"2 Thieves","floor":18.0,"turns":3.0},{"damage":16.0,"enemies":"Spheric Guardian","floor":20.0,"turns":4.0},{"damage":24.0,"enemies":"Snecko","floor":21.0,"turns":5.0},{"damage":8.0,"enemies":"3 Cultists","floor":22.0,"turns":3.0},{"damage":20.0,"enemies":"Book of Stabbing","floor":23.0,"turns":4.0},{"damage":19.0,"enemies":"Slavers","floor":25.0,"turns":4.0},{"damage":15.0,"enemies":"Centurion and Healer","floor":27.0,"turns":4.0},{"damage":6.0,"enemies":"Snake Plant","floor":29.0,"turns":2.0},{"damage":16.0,"enemies":"Book of Stabbing","floor":30.0,"turns":4.0},{"damage":6.0,"enemies":"Snecko","floor":31.0,"turns":3.0},{"damage":32.0,"enemies":"Collector","floor":33.0,"turns":5.0},{"damage":16,"enemies":"Orb Walker","floor":35,"turns":2},{"damage":53,"enemies":"2 Orb Walkers","floor":36,"turns":4},{"damage":13,"enemies":"3 Darklings","floor":37,"turns":1}],"seed_played":"6319947674101364489","potions_obtained":[{"floor":1.0,"key":"GamblersBrew"},{"floor":13.0,"key":"SpeedPotion"}],"is_trial":false,"path_per_floor":["M","?","?","T","$","E","M","R","T","R","E","R","E","M","R","B",null,"M","?","M","M","M","E","R","E","T","M","$","M","E","M","R","B",null,"M","?","M"],"character_chosen":"IRONCLAD","items_purchased":["Carnage","Gambling Chip"],"campfire_rested":0,"item_purchase_floors":[5,28],"current_hp_per_floor":[74,74,51,51,51,57,63,63,63,63,53,53,36,42,42,33,65,60,60,50,37,50,45,45,38,38,38,38,38,28,37,37,52,69,59,12,0],"gold":265,"neow_bonus":"THREE_ENEMY_KILL","is_prod":false,"is_daily":false,"chose_seed":false,"campfire_upgraded":6,"win_rate":0,"timestamp":1548932046,"path_taken":["M","?","?","?","$","E","M","R","T","R","E","R","E","?","R","BOSS","M","?","M","M","M","E","R","E","T","M","?","M","E","?","R","BOSS","M","?","M"],"build_version":"2019-01-23","purchased_purges":0,"victory":false,"max_hp_per_floor":[75,75,75,75,75,75,75,75,75,75,75,75,75,75,75,75,75,75,75,75,75,75,75,75,75,75,75,75,75,75,75,75,75,75,75,75,75],"card_choices":[{"not_picked":["Thunderclap","Wild Strike"],"picked":"Headbutt","floor":1.0},{"not_picked":["Wild Strike","Warcry"],"picked":"Twin Strike","floor":6.0},{"not_picked":["Havoc","Body Slam"],"picked":"Anger","floor":7.0},{"not_picked":["Berserk","Twin Strike"],"picked":"Disarm","floor":11.0},{"not_picked":["Heavy Blade","Flex"],"picked":"Iron Wave","floor":13.0},{"not_picked":["Clothesline","Heavy Blade"],"picked":"Shockwave","floor":14.0},{"not_picked":["Brutality","Juggernaut"],"picked":"Limit Break","floor":16.0},{"not_picked":["Rampage","Warcry","Sever Soul"],"picked":"SKIP","floor":18.0},{"not_picked":["Wild Strike","Shrug It Off"],"picked":"Havoc","floor":20.0},{"not_picked":["Anger","Rupture"],"picked":"Immolate","floor":21.0},{"not_picked":["True Grit","Headbutt","Twin Strike"],"picked":"SKIP","floor":22.0},{"not_picked":["Iron Wave","Evolve+1"],"picked":"Offering","floor":23.0},{"not_picked":["Dropkick","Perfected Strike"],"picked":"Body Slam+1","floor":25.0},{"not_picked":["Ghostly Armor","Thunderclap"],"picked":"Battle Trance","floor":27.0},{"not_picked":["Clothesline","Armaments","Sever Soul"],"picked":"SKIP","floor":29.0},{"not_picked":["Heavy Blade+1","Carnage"],"picked":"Rage","floor":30.0},{"not_picked":["Fire Breathing","Warcry","Wild Strike"],"picked":"SKIP","floor":31.0},{"not_picked":["Limit Break","Reaper"],"picked":"Feed","floor":33.0},{"not_picked":["Flex","Hemokinesis","Shockwave"],"picked":"SKIP","floor":35}],"player_experience":287813,"relics_obtained":[{"floor":4.0,"key":"Shuriken"},{"floor":6.0,"key":"Bag of Marbles"},{"floor":9.0,"key":"Matryoshka"},{"floor":11.0,"key":"Self Forming Clay"},{"floor":13.0,"key":"Pantograph"},{"floor":23.0,"key":"Smiling Mask"},{"floor":25.0,"key":"Dodecahedron"},{"floor":26.0,"key":"Pen Nib"},{"floor":26.0,"key":"Ginger"},{"floor":30.0,"key":"PreservedInsect"},{"floor":36,"key":"Pocketwatch"}],"event_choices":[{"cards_removed":["Strike_R"],"damage_healed":0.0,"max_hp_gain":0.0,"max_hp_loss":0.0,"gold_gain":0.0,"event_name":"The Cleric","player_choice":"Card Removal","floor":2.0,"gold_loss":75.0,"damage_taken":0.0},{"damage_healed":0.0,"max_hp_gain":0.0,"max_hp_loss":0.0,"gold_gain":0.0,"event_name":"Shining Light","player_choice":"Entered Light","floor":3.0,"gold_loss":0.0,"damage_taken":23.0,"cards_upgraded":["Defend_R","Strike_R"]},{"damage_healed":0.0,"max_hp_gain":0.0,"max_hp_loss":0.0,"gold_gain":0.0,"event_name":"Match and Keep!","player_choice":"1 cards matched","floor":19.0,"gold_loss":0.0,"damage_taken":0.0,"cards_obtained":["Reaper"]},{"damage_healed":0,"gold_gain":0,"player_choice":"Fight","damage_taken":0,"max_hp_gain":0,"max_hp_loss":0,"event_name":"Mysterious Sphere","floor":36,"gold_loss":0}],"is_beta":false,"boss_relics":[{"not_picked":["Velvet Choker","Lizard Tail"],"picked":"Sozu"},{"not_picked":["Runic Cube","Calling Bell"],"picked":"Mark of Pain"}],"items_purged_floors":[],"is_endless":false,"potions_floor_spawned":[1,13,14,18,22,23,29,33],"killed_by":"3 Darklings","ascension_level":16}