{"gold_per_floor":[116,136,156,171,187,219,238,238],"floor_reached":8,"playtime":295,"items_purged":[],"score":121,"play_id":"6ec78f3b-1051-4d90-b449-a042128d493e","local_time":"20190219004836","is_ascension_mode":true,"campfire_choices":[],"neow_cost":"NONE","seed_source_timestamp":477204213930500,"circlet_count":0,"master_deck":["AscendersBane","Defend_G","Defend_G","Defend_G","Defend_G","Defend_G","Strike_G","Strike_G","Strike_G","Strike_G","Strike_G","Survivor","Neutralize","Predator","Deadly Poison","Night Terror","Poisoned Stab","Dash"],"relics":["Ring of the Snake","NeowsBlessing","Regal Pillow"],"potions_floor_usage":[6,8,8],"damage_taken":[{"damage":0,"enemies":"2 Louse","floor":1,"turns":1},{"damage":0,"enemies":"Cultist","floor":2,"turns":1},{"damage":0,"enemies":"Jaw Worm","floor":3,"turns":1},{"damage":9,"enemies":"Looter","floor":4,"turns":4},{"damage":13,"enemies":"Red Slaver","floor":5,"turns":4},{"damage":8,"enemies":"Gremlin Nob","floor":6,"turns":3},{"damage":11,"enemies":"3 Louse","floor":7,"turns":4},{"damage":23,"enemies":"Lagavulin","floor":8,"turns":5}],"seed_played":"2033094916261576367","potions_obtained":[{"floor":1,"key":"FearPotion"},{"floor":4,"key":"AttackPotion"},{"floor":7,"key":"PowerPotion"}],"is_trial":false,"path_per_floor":["M","M","M","M","M","E","M","E"],"character_chosen":"THE_SILENT","items_purchased":[],"campfire_rested":0,"item_purchase_floors":[],"current_hp_per_floor":[59,59,59,50,37,29,18,0],"gold":238,"neow_bonus":"THREE_ENEMY_KILL","is_prod":false,"is_daily":false,"chose_seed":false,"campfire_upgraded":0,"win_rate":0,"timestamp":1550533716,"path_taken":["M","M","M","M","M","E","M","E"],"build_version":"2019-01-23","purchased_purges":0,"victory":false,"max_hp_per_floor":[66,66,66,66,66,66,66,66],"card_choices":[{"not_picked":["Underhanded Strike","Dodge and Roll"],"picked":"Predator","floor":1},{"not_picked":["Dodge and Roll","Bane"],"picked":"Deadly Poison","floor":2},{"not_picked":["Prepared","Deflect","Underhanded Strike"],"picked":"SKIP","floor":3},{"not_picked":["Outmaneuver","Acrobatics"],"picked":"Night Terror","floor":4},{"not_picked":["Underhanded Strike","Setup"],"picked":"Poisoned Stab","floor":5},{"not_picked":["Accuracy","Dagger Spray"],"picked":"Dash","floor":6},{"not_picked":["Finisher","Dodge and Roll","Predator"],"picked":"SKIP","floor":7}],"player_experience":501722,"relics_obtained":[{"floor":6,"key":"Regal Pillow"}],"event_choices":[],"is_beta":false,"boss_relics":[],"items_purged_floors":[],"is_endless":false,"potions_floor_spawned":[1,4,7],"killed_by":"Lagavulin","ascension_level":19}