{"gold_per_floor":[112,132,207,218,228,255,255,280,304,330,341,361,391,391,391,491,491,511,511,530,550,550,550],"floor_reached":23,"playtime":1183,"items_purged":[],"score":298,"play_id":"e509b0ba-eee5-4b3e-8a5c-27cce01d4ecf","local_time":"20190214010447","is_ascension_mode":true,"campfire_choices":[{"data":"Prepared","floor":7,"key":"SMITH"},{"data":"Tactician","floor":15,"key":"SMITH"}],"neow_cost":"TEN_PERCENT_HP_LOSS","seed_source_timestamp":45278501539200,"circlet_count":0,"master_deck":["Defend_G","Defend_G","Defend_G","Defend_G","Defend_G","Strike_G","Strike_G","Strike_G","Strike_G","Strike_G","Survivor","Neutralize","Dagger Throw","Dagger Throw","Tactician+1","Prepared+1","Eviscerate","Acrobatics","Night Terror","All Out Attack","Backstab+1","Dagger Throw"],"relics":["Ring of the Serpent","Tough Bandages","Bronze Scales","Centennial Puzzle","Regal Pillow","Anchor","Snake Skull","Nilry\u0027s Codex"],"potions_floor_usage":[10,16,16,20],"damage_taken":[{"damage":0,"enemies":"2 Louse","floor":1,"turns":3},{"damage":0,"enemies":"Cultist","floor":2,"turns":5},{"damage":0,"enemies":"Jaw Worm","floor":4,"turns":3},{"damage":0,"enemies":"2 Fungi Beasts","floor":5,"turns":4},{"damage":23,"enemies":"Gremlin Nob","floor":6,"turns":5},{"damage":18,"enemies":"3 Sentries","floor":8,"turns":6},{"damage":0,"enemies":"Gremlin Nob","floor":10,"turns":3},{"damage":0,"enemies":"3 Louse","floor":11,"turns":3},{"damage":0,"enemies":"Looter","floor":12,"turns":1},{"damage":20,"enemies":"The Guardian","floor":16,"turns":14},{"damage":8,"enemies":"Chosen","floor":18,"turns":5},{"damage":0,"enemies":"Spheric Guardian","floor":20,"turns":3},{"damage":0,"enemies":"Cultist and Chosen","floor":21,"turns":3},{"damage":21,"enemies":"Book of Stabbing","floor":23,"turns":5}],"seed_played":"1187791618457597323","potions_obtained":[{"floor":2,"key":"Block Potion"},{"floor":6,"key":"SkillPotion"},{"floor":8,"key":"Ancient Potion"},{"floor":11,"key":"Strength Potion"},{"floor":18,"key":"Swift Potion"}],"is_trial":false,"path_per_floor":["M","M","?","M","M","E","R","E","T","E","M","M","?","?","R","B",null,"M","?","M","M","?","E"],"character_chosen":"THE_SILENT","items_purchased":[],"campfire_rested":0,"item_purchase_floors":[],"current_hp_per_floor":[63,63,57,57,57,34,34,16,16,16,16,16,16,21,21,1,51,43,27,27,27,15,0],"gold":550,"neow_bonus":"ONE_RARE_RELIC","is_prod":false,"is_daily":false,"chose_seed":false,"campfire_upgraded":2,"win_rate":0,"timestamp":1550102687,"path_taken":["M","M","?","M","M","E","R","E","T","E","M","?","?","?","R","BOSS","M","?","M","M","?","E"],"build_version":"2019-01-23","purchased_purges":0,"victory":false,"max_hp_per_floor":[63,63,63,63,63,63,63,63,63,63,63,63,63,68,68,68,68,68,68,68,68,73,73],"card_choices":[{"not_picked":["Dagger Spray","Sucker Punch"],"picked":"Dagger Throw","floor":1},{"not_picked":["Prepared","Predator"],"picked":"Dagger Throw","floor":2},{"not_picked":["Backflip","Quick Slash"],"picked":"Tactician","floor":4},{"not_picked":["Choke","Slice"],"picked":"Prepared","floor":5},{"not_picked":["Escape Plan","Deadly Poison"],"picked":"Eviscerate","floor":6},{"not_picked":["Quick Slash","Poisoned Stab","Leg Sweep"],"picked":"SKIP","floor":8},{"not_picked":["Setup","Skewer"],"picked":"Acrobatics","floor":10},{"not_picked":["Outmaneuver","Blade Dance","Backflip"],"picked":"SKIP","floor":11},{"not_picked":["Bane","Finisher","Sucker Punch"],"picked":"SKIP","floor":12},{"not_picked":["Phantasmal Killer","Bullet Time"],"picked":"Night Terror","floor":16},{"not_picked":["Prepared","Deadly Poison+1"],"picked":"All Out Attack","floor":18},{"not_picked":["Dagger Throw","Prepared+1"],"picked":"Backstab+1","floor":20},{"not_picked":["All Out Attack","Sucker Punch+1"],"picked":"Dagger Throw","floor":21}],"player_experience":400736,"relics_obtained":[{"floor":6,"key":"Bronze Scales"},{"floor":8,"key":"Centennial Puzzle"},{"floor":9,"key":"Regal Pillow"},{"floor":10,"key":"Anchor"},{"floor":19,"key":"Nilry\u0027s Codex"}],"event_choices":[{"damage_healed":0,"gold_gain":75,"player_choice":"Touch","damage_taken":6,"max_hp_gain":0,"max_hp_loss":0,"event_name":"FaceTrader","floor":3,"gold_loss":0},{"damage_healed":0,"gold_gain":30,"player_choice":"Searched \u00272\u0027 times","damage_taken":0,"relics_obtained":["Snake Skull"],"max_hp_gain":0,"max_hp_loss":0,"event_name":"Dead Adventurer","floor":13,"gold_loss":0},{"damage_healed":0,"gold_gain":0,"player_choice":"Donut","damage_taken":0,"max_hp_gain":5,"max_hp_loss":0,"event_name":"Big Fish","floor":14,"gold_loss":0},{"damage_healed":0,"gold_gain":0,"player_choice":"Obtained Book","damage_taken":16,"max_hp_gain":0,"max_hp_loss":0,"event_name":"Cursed Tome","floor":19,"gold_loss":0},{"damage_healed":0,"gold_gain":0,"player_choice":"Shed Blood","damage_taken":17,"max_hp_gain":5,"max_hp_loss":0,"event_name":"Forgotten Altar","floor":22,"gold_loss":0}],"is_beta":false,"boss_relics":[{"not_picked":["Fusion Hammer","Orrery"],"picked":"Ring of the Serpent"}],"items_purged_floors":[],"is_endless":false,"potions_floor_spawned":[2,6,8,11,18],"killed_by":"Book of Stabbing","ascension_level":5}