{"path_per_floor":["M","?","M","M","$","E","M","R","T","M","E","R","T","$","R","B",null,"M","?","?","M","$","R","M","M","T","?","?","$","R","$","R","B",null,"M","M","?","M","M","E","R","M","T"],"character_chosen":"THE_SILENT","items_purchased":["Sucker Punch","Lantern","Caltrops","Oddly Smooth Stone"],"gold_per_floor":[110,110,122,138,138,167,187,187,187,204,233,233,233,53,53,153,153,167,167,167,184,184,184,200,210,236,236,236,198,198,46,46,146,146,160,174,174,193,208,234,234,248,273],"floor_reached":44,"campfire_rested":5,"playtime":4450,"current_hp_per_floor":[70,70,70,63,63,28,24,45,45,45,34,55,69,69,69,42,84,76,58,49,35,35,53,44,42,42,42,42,42,60,60,60,16,63,15,23,23,12,8,11,29,13,13],"items_purged":[],"gold":273,"play_id":"d8a11bb6-e4ab-4c9c-a240-0c3ca0d74994","is_prod":false,"is_daily":false,"campfire_rituals":0,"campfire_upgraded":2,"is_hardmode":false,"path_taken":["M","?","M","M","$","E","M","R","T","?","E","R","?","$","R","BOSS","M","?","?","M","?","R","M","?","T","?","?","$","R","$","R","BOSS","M","M","?","M","M","E","R","M","T","M"],"build_version":"2018-01-11-PROD1","purchased_purges":1,"victory":false,"master_deck":["Defend_G","Defend_G","Defend_G","Defend_G","Defend_G","Survivor","Neutralize","Deflect","Phantasmal Killer","Heel Hook","Infinite Blades","Backstab","Footwork","Well Laid Plans","Dash","Sucker Punch","Burst","Flying Knee","Bite_G","Bite_G","Bite_G","Bite_G","Bite_G","Blade Dance","Infinite Blades","Slice","Caltrops","Burst","Deadly Poison","Predator","Crippling Poison","Footwork","Underhanded Strike","Blade Dance"],"max_hp_per_floor":[70,70,70,70,70,70,70,70,70,70,70,70,84,84,84,84,84,84,58,63,63,63,63,63,63,63,63,63,63,63,63,63,63,63,63,63,63,63,63,63,63,63,63],"relics":["Ring of the Snake","Vajra","Smiling Mask","Thread and Needle","Du-Vu Doll","Mango","Lantern","White Beast Statue","Blood Vial","Oddly Smooth Stone","Lizard Tail","Gremlin Horn","Anchor"],"campfire_meditates":0,"card_choices":[{"not_picked":["Flechettes","Prepared"],"picked":"Deflect"},{"not_picked":["PiercingWail","Bane"],"picked":"Phantasmal Killer"},{"not_picked":["PiercingWail","Dodge and Roll"],"picked":"Heel Hook"},{"not_picked":["Sucker Punch","Riddle With Holes"],"picked":"Infinite Blades"},{"not_picked":["Outmaneuver","Underhanded Strike"],"picked":"Backstab"},{"not_picked":["Outmaneuver","Backflip"],"picked":"Footwork"},{"not_picked":["A Thousand Cuts","Dagger Spray"],"picked":"Well Laid Plans"},{"not_picked":["Catalyst","Quick Slash"],"picked":"Dash"},{"not_picked":["A Thousand Cuts","Doppelganger"],"picked":"Burst"},{"not_picked":["Bane","Reflex"],"picked":"Flying Knee"},{"not_picked":["Dagger Spray","Dodge and Roll"],"picked":"Blade Dance"},{"not_picked":["Bouncing Flask","PiercingWail"],"picked":"Infinite Blades"},{"not_picked":["Choke","Dagger Spray"],"picked":"Slice"},{"not_picked":["Phantasmal Killer","Tools of the Trade"],"picked":"Burst"},{"not_picked":["Malaise","Reflex"],"picked":"Deadly Poison"},{"not_picked":["Bane","Poisoned Stab"],"picked":"Predator"},{"not_picked":["Catalyst","Heel Hook"],"picked":"Crippling Poison"},{"not_picked":["Bouncing Flask","Quick Slash"],"picked":"Footwork"},{"not_picked":["Outmaneuver","Dagger Spray"],"picked":"Underhanded Strike"},{"not_picked":["Escape Plan","Heel Hook"],"picked":"Blade Dance"}],"player_experience":18130,"potions_floor_usage":[11,18,25,33,33,35,36,42],"damage_taken":[{"damage":0,"enemies":"2 Louse","floor":1,"turns":3},{"damage":0,"enemies":"Cultist","floor":3,"turns":3},{"damage":7,"enemies":"Blue Slaver","floor":4,"turns":5},{"damage":35,"enemies":"Lagavulin","floor":6,"turns":6},{"damage":4,"enemies":"2 Fungi Beasts","floor":7,"turns":3},{"damage":0,"enemies":"Exordium Thugs","floor":10,"turns":6},{"damage":11,"enemies":"3 Sentries","floor":11,"turns":7},{"damage":27,"enemies":"Hexaghost","floor":16,"turns":11},{"damage":8,"enemies":"Chosen","floor":18,"turns":7},{"damage":18,"enemies":"2 Thieves","floor":21,"turns":3},{"damage":23,"enemies":"Chosen and Byrds","floor":24,"turns":6},{"damage":26,"enemies":"3 Cultists","floor":25,"turns":6},{"damage":53,"enemies":"Automaton","floor":33,"turns":9},{"damage":58,"enemies":"3 Darklings","floor":35,"turns":7},{"damage":0,"enemies":"Orb Walker","floor":36,"turns":3},{"damage":25,"enemies":"4 Shapes","floor":38,"turns":7},{"damage":14,"enemies":"3 Darklings","floor":39,"turns":9},{"damage":47,"enemies":"Nemesis","floor":40,"turns":10},{"damage":43,"enemies":"Sphere and 2 Shapes","floor":42,"turns":7},{"damage":21,"enemies":"4 Shapes","floor":44,"turns":6}],"event_choices":[{"event_name":"Accursed Blacksmith","player_choice":"Rummage","floor":2,"damage_taken":0},{"event_name":"Vampires","player_choice":"Became a vampire","floor":19,"damage_taken":0},{"event_name":"Forgotten Altar","player_choice":"Shed Blood","floor":20,"damage_taken":0},{"event_name":"Beggar","player_choice":"Ignored","floor":27,"damage_taken":0},{"event_name":"The Lab","player_choice":"Got Potions","floor":28,"damage_taken":0},{"event_name":"Mysterious Sphere","player_choice":"Ignore","floor":37,"damage_taken":0}],"boss_relics":[{"not_picked":["Runic Dome","Question Card"],"picked":"White Beast Statue"},{"not_picked":["Orrery","Eternal Feather"],"picked":"Lizard Tail"}],"potions_floor_spawned":[6,11,16,18,21,24,25,33,35,36,38,39,40,42],"seed_played":"-708146753708508852","killed_by":"4 Shapes","is_trial":false}