{"gold_per_floor":[109,127,127,137,62,62,96,96,151,151,185,199,211,243,243,348,348,348,348,348,348,348,348,348,348,348,273,273,273,273,273,273,273,273,273,273,273,273,273,273,273,21,21,21,21,21,21,21,21,21],"floor_reached":51,"playtime":2415,"items_purged":["Strike_R","Strike_R"],"score":1353,"play_id":"a2a22204-23b2-47dc-ab2b-aae0e2e70eac","local_time":"20190202235334","is_ascension_mode":true,"campfire_choices":[{"data":"Body Slam","floor":6,"key":"SMITH"},{"data":"Body Slam","floor":8,"key":"SMITH"},{"floor":10,"key":"REST"},{"data":"Barricade","floor":15,"key":"SMITH"},{"data":"Entrench","floor":24,"key":"SMITH"},{"data":"True Grit","floor":30,"key":"SMITH"},{"data":"Shrug It Off","floor":32,"key":"SMITH"},{"data":"Strike_R","floor":45,"key":"PURGE"},{"floor":49,"key":"REST"}],"neow_cost":"PERCENT_DAMAGE","seed_source_timestamp":243244160823360,"circlet_count":0,"master_deck":["Defend_R","Defend_R","Defend_R","Defend_R","Bash","Body Slam+1","True Grit+1","Pommel Strike","Body Slam+1","Barricade+1","Warcry","Shrug It Off+1","Offering","True Grit+1","Entrench+1","Intimidate+1","Armaments+1","Body Slam+1","Immolate","Havoc+1","Body Slam+1","Warcry+1","Battle Trance+1","Battle Trance+1","Disarm"],"relics":["Burning Blood","Happy Flower","PreservedInsect","Red Skull","Sundial","Ectoplasm","Regal Pillow","Smiling Mask","Boot","Peace Pipe","Mark of Pain","Dodecahedron","Juzu Bracelet","HandDrill","MawBank","Old Coin"],"potions_floor_usage":[14,33,40,50,50,50],"damage_taken":[{"damage":2,"enemies":"Small Slimes","floor":1,"turns":5},{"damage":1,"enemies":"Cultist","floor":2,"turns":4},{"damage":11,"enemies":"Jaw Worm","floor":4,"turns":4},{"damage":45,"enemies":"Lagavulin","floor":7,"turns":7},{"damage":25,"enemies":"3 Sentries","floor":11,"turns":9},{"damage":4,"enemies":"Red Slaver","floor":12,"turns":3},{"damage":4,"enemies":"2 Fungi Beasts","floor":13,"turns":3},{"damage":0,"enemies":"Gremlin Nob","floor":14,"turns":2},{"damage":8,"enemies":"Hexaghost","floor":16,"turns":7},{"damage":14,"enemies":"Spheric Guardian","floor":18,"turns":4},{"damage":0,"enemies":"Chosen","floor":20,"turns":5},{"damage":28,"enemies":"Centurion and Healer","floor":21,"turns":6},{"damage":28,"enemies":"Slavers","floor":23,"turns":8},{"damage":6,"enemies":"Book of Stabbing","floor":25,"turns":3},{"damage":10,"enemies":"Gremlin Leader","floor":28,"turns":6},{"damage":13,"enemies":"3 Cultists","floor":29,"turns":5},{"damage":12,"enemies":"Collector","floor":33,"turns":7},{"damage":0,"enemies":"3 Shapes","floor":35,"turns":4},{"damage":6,"enemies":"Orb Walker","floor":37,"turns":2},{"damage":0,"enemies":"Spire Growth","floor":38,"turns":3},{"damage":0,"enemies":"Maw","floor":39,"turns":6},{"damage":6,"enemies":"Nemesis","floor":40,"turns":8},{"damage":43,"enemies":"4 Shapes","floor":41,"turns":8},{"damage":30,"enemies":"Writhing Mass","floor":44,"turns":7},{"damage":0,"enemies":"Giant Head","floor":46,"turns":6},{"damage":6,"enemies":"Jaw Worm Horde","floor":47,"turns":3},{"damage":0,"enemies":"Maw","floor":48,"turns":7},{"damage":85,"enemies":"Time Eater","floor":50,"turns":13}],"seed_played":"-8436059868133054051","potions_obtained":[{"floor":7,"key":"SkillPotion"},{"floor":11,"key":"Poison Potion"},{"floor":12,"key":"GamblersBrew"},{"floor":20,"key":"BloodPotion"},{"floor":38,"key":"Poison Potion"},{"floor":40,"key":"PowerPotion"}],"is_trial":false,"path_per_floor":["M","M","?","M","$","R","E","R","T","R","E","M","M","E","R","B",null,"M","?","M","M","?","E","R","E","T","?","E","M","R","$","R","B",null,"M","?","M","M","M","E","M","$","T","M","R","E","M","M","R","B",null],"character_chosen":"IRONCLAD","items_purchased":["HandDrill"],"campfire_rested":2,"item_purchase_floors":[42],"current_hp_per_floor":[71,76,76,71,71,71,32,32,32,60,41,43,45,51,51,49,84,76,76,82,60,60,38,38,38,38,38,34,27,27,27,27,21,77,83,83,83,89,95,95,58,58,58,34,34,40,40,46,89,19],"gold":21,"neow_bonus":"TWENTY_PERCENT_HP_BONUS","is_prod":false,"is_daily":false,"chose_seed":false,"campfire_upgraded":6,"win_rate":0,"timestamp":1549148014,"path_taken":["M","M","?","M","?","R","E","R","T","R","E","M","M","E","R","BOSS","M","?","M","?","?","E","R","E","T","?","E","M","R","$","R","BOSS","M","?","?","M","M","E","M","$","T","M","R","E","M","M","R","BOSS"],"build_version":"2019-01-23","purchased_purges":2,"victory":true,"max_hp_per_floor":[96,96,96,96,96,96,96,96,96,96,96,96,96,96,96,96,96,96,96,96,96,96,96,96,96,96,96,96,96,96,96,96,96,96,96,96,96,96,96,96,96,96,96,96,96,96,96,96,96,96],"card_choices":[{"not_picked":["Headbutt","Perfected Strike"],"picked":"Body Slam","floor":1},{"not_picked":["Hemokinesis","Thunderclap"],"picked":"True Grit","floor":2},{"not_picked":["Bloodletting","Flex"],"picked":"Pommel Strike","floor":4},{"not_picked":["Cleave","Anger"],"picked":"Body Slam","floor":7},{"not_picked":["Seeing Red","Flex"],"picked":"Barricade","floor":11},{"not_picked":["Clash","Searing Blow"],"picked":"Warcry","floor":12},{"not_picked":["Fire Breathing","Feel No Pain"],"picked":"Shrug It Off","floor":13},{"not_picked":["Sword Boomerang","Feel No Pain"],"picked":"Offering","floor":14},{"not_picked":["Clash","Headbutt"],"picked":"True Grit","floor":18},{"not_picked":["Iron Wave","Uppercut"],"picked":"Entrench","floor":20},{"not_picked":["Hemokinesis","Sword Boomerang"],"picked":"Intimidate+1","floor":21},{"not_picked":["Searing Blow+1","Pummel","Sever Soul"],"picked":"SKIP","floor":23},{"not_picked":["Flex","Headbutt"],"picked":"Armaments+1","floor":25},{"not_picked":["Pommel Strike","Fire Breathing","Carnage"],"picked":"SKIP","floor":28},{"not_picked":["Cleave","Warcry"],"picked":"Body Slam+1","floor":29},{"not_picked":["Feed","Reaper"],"picked":"Immolate","floor":33},{"not_picked":["Cleave+1","Clothesline"],"picked":"Havoc+1","floor":35},{"not_picked":["Heavy Blade","Twin Strike+1"],"picked":"Body Slam+1","floor":37},{"not_picked":["Perfected Strike","Body Slam"],"picked":"Warcry+1","floor":38},{"not_picked":["Sword Boomerang+1","Perfected Strike","Wild Strike+1"],"picked":"SKIP","floor":39},{"not_picked":["Iron Wave+1","Carnage","Sword Boomerang+1"],"picked":"SKIP","floor":40},{"not_picked":["Seeing Red","Whirlwind"],"picked":"Battle Trance+1","floor":41},{"not_picked":["Power Through","Thunderclap","Headbutt"],"picked":"SKIP","floor":44},{"not_picked":["Uppercut+1","Combust+1","Cleave"],"picked":"SKIP","floor":46},{"not_picked":["Rupture+1","Immolate"],"picked":"Battle Trance+1","floor":47},{"not_picked":["Warcry+1","Bloodletting"],"picked":"Disarm","floor":48}],"player_experience":160608,"relics_obtained":[{"floor":7,"key":"Happy Flower"},{"floor":9,"key":"PreservedInsect"},{"floor":11,"key":"Red Skull"},{"floor":14,"key":"Sundial"},{"floor":23,"key":"Regal Pillow"},{"floor":25,"key":"Smiling Mask"},{"floor":26,"key":"Boot"},{"floor":28,"key":"Peace Pipe"},{"floor":36,"key":"Dodecahedron"},{"floor":40,"key":"Juzu Bracelet"},{"floor":43,"key":"MawBank"},{"floor":46,"key":"Old Coin"}],"event_choices":[{"cards_removed":["Strike_R"],"damage_healed":0,"gold_gain":0,"player_choice":"Offered Basic","damage_taken":0,"max_hp_gain":0,"max_hp_loss":0,"event_name":"Bonfire Elementals","floor":3,"gold_loss":0},{"damage_healed":0,"gold_gain":0,"player_choice":"Upgraded","damage_taken":0,"max_hp_gain":0,"max_hp_loss":0,"event_name":"Upgrade Shrine","floor":19,"gold_loss":0,"cards_upgraded":["True Grit"]},{"damage_healed":0,"gold_gain":0,"player_choice":"Ignored","damage_taken":0,"max_hp_gain":0,"max_hp_loss":0,"event_name":"Vampires","floor":22,"gold_loss":0},{"cards_removed":["Strike_R"],"damage_healed":0,"gold_gain":0,"player_choice":"Gave Gold","damage_taken":0,"max_hp_gain":0,"max_hp_loss":0,"event_name":"Beggar","floor":27,"gold_loss":75},{"damage_healed":0,"gold_gain":0,"player_choice":"Relic","damage_taken":0,"max_hp_gain":0,"max_hp_loss":0,"event_name":"Wheel of Change","floor":36,"gold_loss":0}],"is_beta":false,"boss_relics":[{"not_picked":["Black Star","Cursed Key"],"picked":"Ectoplasm"},{"not_picked":["Coffee Dripper","White Beast Statue"],"picked":"Mark of Pain"}],"items_purged_floors":[5,42],"is_endless":false,"potions_floor_spawned":[7,11,12,13,20,23,29,38,40,41,44,46],"ascension_level":9}