{"gold_per_floor":[218,234,159,170,170,205,280,304,304,304,304],"floor_reached":11,"playtime":3734,"items_purged":["Strike_R"],"score":80,"play_id":"db79db48-29e5-4ad6-95a4-b01a4f97ffa8","local_time":"20190217154747","is_ascension_mode":true,"campfire_choices":[],"neow_cost":"NONE","seed_source_timestamp":279554903662319,"circlet_count":0,"master_deck":["Strike_R","Strike_R","Strike_R","Strike_R","Defend_R","Defend_R","Defend_R","Defend_R","Bash","Inflame+1","Shrug It Off"],"relics":["Burning Blood","Golden Idol","Self Forming Clay","Paper Frog"],"potions_floor_usage":[],"damage_taken":[{"damage":6,"enemies":"Cultist","floor":1,"turns":4},{"damage":13,"enemies":"Small Slimes","floor":2,"turns":6},{"damage":4,"enemies":"Jaw Worm","floor":4,"turns":7},{"damage":33,"enemies":"3 Sentries","floor":6,"turns":11},{"damage":5,"enemies":"2 Fungi Beasts","floor":8,"turns":4},{"damage":18,"enemies":"Lagavulin","floor":11,"turns":3}],"seed_played":"-8779605732884642919","potions_obtained":[{"floor":2,"key":"Strength Potion"},{"floor":4,"key":"FearPotion"}],"is_trial":false,"path_per_floor":["M","M","$","M","?","E","?","M","T","?","E"],"character_chosen":"IRONCLAD","items_purchased":[],"campfire_rested":0,"item_purchase_floors":[],"current_hp_per_floor":[80,73,73,75,55,28,17,18,18,18,0],"gold":304,"neow_bonus":"HUNDRED_GOLD","is_prod":false,"is_daily":false,"chose_seed":false,"campfire_upgraded":0,"win_rate":0,"timestamp":1550386067,"path_taken":["M","M","$","?","?","E","?","M","T","?","E"],"build_version":"2019-01-23","purchased_purges":1,"victory":false,"max_hp_per_floor":[80,80,80,80,80,80,80,80,80,80,80],"card_choices":[{"not_picked":["Havoc","Feel No Pain","Infernal Blade"],"picked":"SKIP","floor":1},{"not_picked":["Havoc","Clothesline"],"picked":"Inflame","floor":2},{"not_picked":["Shockwave","Combust","Flex"],"picked":"SKIP","floor":4},{"not_picked":["Searing Blow","Sever Soul"],"picked":"Shrug It Off","floor":6},{"not_picked":["Havoc","Dual Wield","Pummel"],"picked":"SKIP","floor":8}],"player_experience":87042,"relics_obtained":[{"floor":6,"key":"Self Forming Clay"},{"floor":9,"key":"Paper Frog"}],"event_choices":[{"damage_healed":0,"gold_gain":0,"player_choice":"Take Damage","damage_taken":20,"relics_obtained":["Golden Idol"],"max_hp_gain":0,"max_hp_loss":0,"event_name":"Golden Idol","floor":5,"gold_loss":0},{"damage_healed":0,"gold_gain":75,"player_choice":"Gather Gold","damage_taken":11,"max_hp_gain":0,"max_hp_loss":0,"event_name":"World of Goop","floor":7,"gold_loss":0},{"damage_healed":0,"gold_gain":0,"player_choice":"Upgraded","damage_taken":0,"max_hp_gain":0,"max_hp_loss":0,"event_name":"Upgrade Shrine","floor":10,"gold_loss":0,"cards_upgraded":["Inflame"]}],"is_beta":false,"boss_relics":[],"items_purged_floors":[3],"is_endless":false,"potions_floor_spawned":[2,4],"killed_by":"Lagavulin","ascension_level":2}