{"path_per_floor":["M","?","?","?","M","E","R","M","T","R","$","M","?","E","R","B",null,"M","?","M","M","$","R","M","R","T","R","$","?","$","M","R","B",null,"M","$","M","?","M","R","?","M","T","$","M","?","R","M","R","B"],"character_chosen":"IRONCLAD","items_purchased":["Flex","Offering","Lantern","Flex"],"gold_per_floor":[110,110,110,110,127,159,159,173,173,173,76,92,152,181,181,284,284,299,299,310,323,223,223,235,235,235,235,84,84,84,104,104,202,202,217,26,46,46,57,57,57,74,120,120,140,140,140,159,159,159],"floor_reached":51,"campfire_rested":1,"playtime":1445,"current_hp_per_floor":[72,72,72,72,72,46,46,49,49,49,49,42,30,11,34,12,62,45,45,51,54,54,54,57,57,57,57,57,57,57,49,49,22,75,81,81,84,84,86,86,86,84,84,84,84,84,84,80,80,13],"items_purged":["Strike_R","Strike_R"],"gold":159,"score":951,"play_id":"af04fac6-a81c-4ad0-b21a-33612756b4b1","local_time":"20180519172141","is_prod":false,"is_daily":false,"chose_seed":false,"is_ascension_mode":true,"campfire_upgraded":9,"timestamp":1526743301,"campfire_choices":[{"data":"Whirlwind","floor":7,"key":"SMITH"},{"data":"Whirlwind","floor":10,"key":"SMITH"},{"floor":15,"key":"REST"},{"data":"Flex","floor":23,"key":"SMITH"},{"data":"Limit Break","floor":25,"key":"SMITH"},{"data":"Bloodletting","floor":27,"key":"SMITH"},{"data":"Inflame","floor":32,"key":"SMITH"},{"data":"Flex","floor":40,"key":"SMITH"},{"data":"Seeing Red","floor":47,"key":"SMITH"},{"data":"Double Tap","floor":49,"key":"SMITH"}],"path_taken":["M","?","?","?","M","E","R","?","T","R","$","M","?","E","R","BOSS","M","?","?","M","$","R","M","R","T","R","$","?","?","?","R","BOSS","M","$","M","?","M","R","?","?","T","?","M","?","R","?","R","BOSS"],"build_version":"2018-05-17","seed_source_timestamp":488517709672113,"purchased_purges":2,"victory":true,"master_deck":["Strike_R","Strike_R","Defend_R","Defend_R","Whirlwind+1","Inflame+1","Whirlwind+1","Flex+1","Feed","Limit Break+1","Bloodletting+1","Warcry+1","Offering+1","Injury","Double Tap+1","Flex+1","Seeing Red+1","Offering+1","Spot Weakness+1","Brutality","Flex+1"],"max_hp_per_floor":[72,72,72,72,72,72,72,72,72,72,72,72,75,78,78,78,78,81,81,81,81,81,81,89,89,89,89,89,89,89,92,92,92,92,92,92,92,92,92,92,92,92,92,92,92,92,92,95,95,95],"relics":["Burning Blood","Ginger","Mercury Hourglass","Centennial Puzzle","Pen Nib","Philosopher\u0027s Stone","Ornamental Fan","Sozu","Lantern","Blood Vial"],"card_choices":[{"not_picked":["Twin Strike","Entrench","Reckless Charge"],"picked":"SKIP","floor":1},{"not_picked":["Dropkick","Headbutt","Warcry"],"picked":"SKIP","floor":5},{"not_picked":["Clothesline","Wild Strike"],"picked":"Whirlwind","floor":6},{"not_picked":["True Grit","Pommel Strike","Iron Wave"],"picked":"SKIP","floor":8},{"not_picked":["Rage","Corruption"],"picked":"Feed","floor":12},{"not_picked":["Pummel","Perfected Strike","Sword Boomerang"],"picked":"SKIP","floor":14},{"not_picked":["Fiend Fire","Berserk"],"picked":"Limit Break","floor":16},{"not_picked":["Rupture+1","Disarm"],"picked":"Bloodletting","floor":18},{"not_picked":["Carnage+1","Bloodletting","True Grit"],"picked":"SKIP","floor":20},{"not_picked":["Whirlwind","Body Slam"],"picked":"Warcry+1","floor":21},{"not_picked":["Infernal Blade","Ghostly Armor","Fire Breathing"],"picked":"SKIP","floor":24},{"not_picked":["Sword Boomerang","Body Slam+1","Fire Breathing"],"picked":"SKIP","floor":31},{"not_picked":["Limit Break","Dark Embrace"],"picked":"Double Tap","floor":33},{"not_picked":["Clothesline","Perfected Strike+1","Body Slam"],"picked":"SKIP","floor":35},{"not_picked":["Power Through","Fire Breathing"],"picked":"Seeing Red","floor":37},{"not_picked":["Reaper","Sword Boomerang"],"picked":"Spot Weakness+1","floor":39},{"not_picked":["Ghostly Armor","Anger+1"],"picked":"Flex+1","floor":42},{"not_picked":["Headbutt+1","Thunderclap","Havoc"],"picked":"SKIP","floor":45},{"not_picked":["Wild Strike","Warcry","Body Slam"],"picked":"SKIP","floor":48}],"player_experience":111356,"potions_floor_usage":[6,6,13,13,14,20,24],"damage_taken":[{"damage":4,"enemies":"Jaw Worm","floor":1,"turns":5},{"damage":6,"enemies":"Cultist","floor":5,"turns":3},{"damage":32,"enemies":"Gremlin Nob","floor":6,"turns":4},{"damage":3,"enemies":"2 Louse","floor":8,"turns":2},{"damage":13,"enemies":"Blue Slaver","floor":12,"turns":3},{"damage":33,"enemies":"Lagavulin Event","floor":13,"turns":4},{"damage":28,"enemies":"Lagavulin","floor":14,"turns":6},{"damage":28,"enemies":"Slime Boss","floor":16,"turns":6},{"damage":26,"enemies":"2 Thieves","floor":18,"turns":2},{"damage":0,"enemies":"Chosen","floor":20,"turns":3},{"damage":3,"enemies":"3 Cultists","floor":21,"turns":2},{"damage":11,"enemies":"Sentry and Sphere","floor":24,"turns":3},{"damage":17,"enemies":"Centurion and Healer","floor":31,"turns":2},{"damage":33,"enemies":"Collector","floor":33,"turns":4},{"damage":0,"enemies":"3 Darklings","floor":35,"turns":1},{"damage":3,"enemies":"Orb Walker","floor":37,"turns":1},{"damage":4,"enemies":"Sphere and 2 Shapes","floor":39,"turns":1},{"damage":8,"enemies":"3 Darklings","floor":42,"turns":1},{"damage":8,"enemies":"Maw","floor":45,"turns":1},{"damage":15,"enemies":"4 Shapes","floor":48,"turns":1},{"damage":75,"enemies":"Awakened One","floor":50,"turns":4}],"relics_obtained":[{"floor":6,"key":"Ginger"},{"floor":9,"key":"Mercury Hourglass"},{"floor":13,"key":"Centennial Puzzle"},{"floor":14,"key":"Pen Nib"},{"floor":26,"key":"Ornamental Fan"},{"floor":43,"key":"Blood Vial"}],"event_choices":[{"event_name":"Match and Keep!","player_choice":"0 cards matched","floor":2,"damage_taken":0},{"event_name":"Liars Game","player_choice":"disagreed","floor":3,"damage_taken":0},{"event_name":"The Lab","player_choice":"Got Potions","floor":4,"damage_taken":0},{"event_name":"Dead Adventurer","player_choice":"Searched \u00271\u0027 times","floor":13,"damage_taken":0},{"event_name":"Ghosts","player_choice":"Ignored","floor":19,"damage_taken":0},{"event_name":"Accursed Blacksmith","player_choice":"Forge","floor":29,"damage_taken":0},{"event_name":"Duplicator","player_choice":"One dupe","floor":38,"damage_taken":0},{"event_name":"Transmorgrifier","player_choice":"Transform","floor":41,"damage_taken":0}],"boss_relics":[{"not_picked":["Tiny House","Mark of Pain"],"picked":"Philosopher\u0027s Stone"},{"not_picked":["Runic Dome","Cursed Key"],"picked":"Sozu"}],"potions_floor_spawned":[5,8,13,16,20,24,35,37,45],"seed_played":"-7362073778579416415","ascension_level":7,"potions_obtained":[{"floor":4,"key":"GamblersBrew"},{"floor":4,"key":"AttackPotion"},{"floor":4,"key":"Ancient Potion"},{"floor":5,"key":"Regen Potion"},{"floor":8,"key":"EssenceOfSteel"},{"floor":13,"key":"Block Potion"},{"floor":16,"key":"Fire Potion"},{"floor":20,"key":"Fruit Juice"},{"floor":24,"key":"Fire Potion"}],"is_trial":false}