{"gold_per_floor":[217,217,217,237,237,237,272,6,6,35,35,51,63,77,77,174,174,188,188,188,188,208,236,236,236,236,34,54,79,92,16,16,16],"floor_reached":33,"playtime":2177,"items_purged":[],"score":343,"play_id":"08395a7e-5984-4671-bb6f-50cb496bfb75","local_time":"20180624131011","is_ascension_mode":false,"campfire_choices":[{"data":"Zap","floor":6,"key":"SMITH"},{"floor":11,"key":"REST"},{"data":"Apotheosis","floor":15,"key":"SMITH"},{"floor":25,"key":"REST"},{"data":"Stack","floor":32,"key":"SMITH"}],"neow_cost":"NONE","seed_source_timestamp":845442762169809,"circlet_count":0,"master_deck":["Defend_B","Defend_B","Defend_B+1","Defend_B","Zap+1","Dualcast+1","Coolheaded","Cold Snap+1","Ball Lightning","Apotheosis+1","Rip and Tear+1","Redo","Streamline","Coolheaded","Auto Shields","All For One","Stack+1","All For One","Bite","Bite","Bite","Bite","Bite","Reinforced Body+1","Ball Lightning+1","Writhe","Hologram+1","Self Repair","Stack+1","Beam Cell","Go for the Eyes","FTL+1","Redo+1","Stack+1","Leap+1"],"relics":["Cracked Core","Anchor","Torii","Whetstone","Inserter","Toxic Egg 2","Matryoshka","Dodecahedron","Pen Nib","Bottled Lightning","War Paint"],"potions_floor_usage":[16,23,23,33,33],"damage_taken":[{"damage":0,"enemies":"Cultist","floor":1,"turns":3},{"damage":0,"enemies":"Jaw Worm","floor":4,"turns":5},{"damage":39,"enemies":"Lagavulin","floor":7,"turns":9},{"damage":9,"enemies":"3 Sentries","floor":10,"turns":6},{"damage":0,"enemies":"2 Louse","floor":12,"turns":2},{"damage":0,"enemies":"Blue Slaver","floor":13,"turns":2},{"damage":0,"enemies":"3 Louse","floor":14,"turns":2},{"damage":21,"enemies":"The Guardian","floor":16,"turns":9},{"damage":7,"enemies":"Shell Parasite","floor":18,"turns":5},{"damage":11,"enemies":"Spheric Guardian","floor":22,"turns":4},{"damage":44,"enemies":"Book of Stabbing","floor":23,"turns":9},{"damage":22,"enemies":"Snake Plant","floor":28,"turns":5},{"damage":29,"enemies":"Gremlin Leader","floor":29,"turns":8},{"damage":1,"enemies":"Snecko","floor":30,"turns":3},{"damage":49,"enemies":"Automaton","floor":33,"turns":6}],"seed_played":"4819742352384771880","potions_obtained":[{"floor":4,"key":"Poison Potion"},{"floor":7,"key":"Energy Potion"},{"floor":10,"key":"SpeedPotion"},{"floor":12,"key":"SteroidPotion"},{"floor":22,"key":"SteroidPotion"},{"floor":29,"key":"AttackPotion"},{"floor":30,"key":"Block Potion"}],"is_trial":false,"path_per_floor":["M","?","?","M","?","R","E","$","T","E","R","M","M","M","R","B",null,"M","?","?","T","M","E","?","R","T","$","M","E","M","$","R"],"character_chosen":"DEFECT","items_purchased":["Apotheosis","Rip and Tear","Hologram+1","Self Repair","Stack+1","Beam Cell","Stack+1","Leap+1"],"campfire_rested":2,"item_purchase_floors":[8,8,27,27,27,27,31,31],"current_hp_per_floor":[75,75,80,80,80,80,41,41,41,32,56,56,56,56,56,35,80,73,73,56,56,48,19,19,35,35,35,28,27,32,32,32,0],"gold":16,"neow_bonus":"HUNDRED_GOLD","is_prod":false,"is_daily":false,"chose_seed":false,"campfire_upgraded":3,"win_rate":0.0,"timestamp":1529813411,"path_taken":["M","?","?","M","?","R","E","?","T","E","R","M","M","M","R","BOSS","M","?","?","?","?","E","?","R","T","$","M","E","M","?","R","BOSS"],"build_version":"2018-06-21v2","purchased_purges":0,"victory":false,"max_hp_per_floor":[75,75,80,80,80,80,80,80,80,80,80,80,80,80,80,80,80,80,80,56,56,56,56,56,56,56,56,56,56,56,56,56,56],"card_choices":[{"not_picked":["Beam Cell","Stack"],"picked":"Coolheaded","floor":1},{"not_picked":["Heatsinks","Stack"],"picked":"Cold Snap","floor":4},{"not_picked":["Tempest","Leap"],"picked":"Ball Lightning","floor":7},{"not_picked":["Consume","Coolheaded"],"picked":"Redo","floor":10},{"not_picked":["Redo","Gash"],"picked":"Streamline","floor":12},{"not_picked":["Skim","Steam"],"picked":"Coolheaded","floor":13},{"not_picked":["Cold Snap","Fission"],"picked":"Auto Shields","floor":14},{"not_picked":["Biased Cognition","Amplify"],"picked":"All For One","floor":16},{"not_picked":["Defragment","Glacier"],"picked":"Stack","floor":18},{"not_picked":["Sweeping Beam","Force Field+1"],"picked":"Reinforced Body+1","floor":22},{"not_picked":["White Noise+1","Reprogram+1"],"picked":"Ball Lightning+1","floor":23},{"not_picked":["Coolheaded+1","Aggregate+1"],"picked":"Go for the Eyes","floor":28},{"not_picked":["Sweeping Beam","Darkness+1"],"picked":"FTL+1","floor":29},{"not_picked":["Melter","Lockon+1"],"picked":"Redo+1","floor":30}],"player_experience":8473,"relics_obtained":[{"floor":7,"key":"Anchor"},{"floor":9,"key":"Torii"},{"floor":10,"key":"Whetstone"},{"floor":21,"key":"Toxic Egg 2"},{"floor":23,"key":"Matryoshka"},{"floor":26,"key":"Pen Nib"},{"floor":26,"key":"Bottled Lightning"},{"floor":29,"key":"War Paint"}],"event_choices":[{"event_name":"The Cleric","player_choice":"Leave","floor":2,"damage_taken":0},{"event_name":"Big Fish","player_choice":"Donut","floor":3,"damage_taken":0},{"event_name":"Wheel of Change","player_choice":"Card Removal","floor":5,"damage_taken":0},{"event_name":"Duplicator","player_choice":"One dupe","floor":19,"damage_taken":0},{"event_name":"Vampires","player_choice":"Became a vampire","floor":20,"damage_taken":0},{"event_name":"The Mausoleum","player_choice":"Yes","floor":24,"damage_taken":0}],"boss_relics":[{"not_picked":["Astrolabe","White Beast Statue"],"picked":"Inserter"}],"items_purged_floors":[],"is_endless":false,"potions_floor_spawned":[4,7,10,12,22,29,30],"killed_by":"Automaton","ascension_level":0}