{"gold_per_floor":[115,130,148,161,111,111,142,197,275,301,301,326,326,358,358,456,456,475,475,475,46,46,79,79,111,189,202,202,222,147,162,162,162],"floor_reached":33,"playtime":2004,"items_purged":["Strike_R"],"score":498,"play_id":"f16ce774-a28c-40f6-bc16-e7237c28a747","local_time":"20190128062622","is_ascension_mode":true,"campfire_choices":[{"data":"Bash","floor":6,"key":"SMITH"},{"floor":11,"key":"REST"},{"floor":13,"key":"REST"},{"data":"Entrench","floor":15,"key":"SMITH"},{"floor":24,"key":"REST"},{"floor":32,"key":"REST"}],"neow_cost":"TEN_PERCENT_HP_LOSS","seed_source_timestamp":368298612399800,"circlet_count":0,"master_deck":["AscendersBane","Strike_R","Strike_R","Defend_R","Defend_R","Defend_R","Defend_R","Bash+1","Disarm","Body Slam","Headbutt","Clothesline","Entrench+1","Headbutt","Ghostly Armor","Juggernaut","Whirlwind","Iron Wave","Feed","Armaments","Shrug It Off","Shrug It Off"],"relics":["Burning Blood","Calipers","Blue Candle","Orichalcum","Pear","Omamori","Dream Catcher","Dead Branch","Fusion Hammer","Necronomicon","MutagenicStrength","Magic Flower","Potion Belt","Letter Opener","Darkstone Periapt"],"potions_floor_usage":[7,7,23,23,27],"damage_taken":[{"damage":11,"enemies":"Cultist","floor":1,"turns":4},{"damage":4,"enemies":"Small Slimes","floor":2,"turns":4},{"damage":11,"enemies":"Jaw Worm","floor":3,"turns":6},{"damage":21,"enemies":"Exordium Wildlife","floor":4,"turns":8},{"damage":26,"enemies":"Lagavulin","floor":7,"turns":6},{"damage":15,"enemies":"Gremlin Nob","floor":10,"turns":5},{"damage":35,"enemies":"3 Sentries","floor":12,"turns":11},{"damage":17,"enemies":"Gremlin Nob","floor":14,"turns":5},{"damage":30,"enemies":"Hexaghost","floor":16,"turns":11},{"damage":32,"enemies":"2 Thieves","floor":18,"turns":5},{"damage":7,"enemies":"Book of Stabbing","floor":23,"turns":8},{"damage":56,"enemies":"Gremlin Leader","floor":25,"turns":8},{"damage":12,"enemies":"3 Byrds","floor":27,"turns":3},{"damage":12,"enemies":"Colosseum Slavers","floor":28,"turns":7},{"damage":0,"enemies":"Snecko","floor":29,"turns":4},{"damage":8,"enemies":"Centurion and Healer","floor":31,"turns":6},{"damage":77,"enemies":"Collector","floor":33,"turns":8}],"seed_played":"-3951987769304598109","potions_obtained":[{"floor":1,"key":"BloodPotion"},{"floor":4,"key":"Energy Potion"},{"floor":12,"key":"Dexterity Potion"},{"floor":16,"key":"BloodPotion"},{"floor":23,"key":"Energy Potion"}],"is_trial":false,"path_per_floor":["M","M","M","M","?","R","E","T","T","E","R","E","R","E","R","B",null,"M","?","?","$","?","E","R","E","T","M","?","M","?","M","R","B"],"character_chosen":"IRONCLAD","items_purchased":["Magic Flower","Iron Wave"],"campfire_rested":4,"item_purchase_floors":[21,21],"current_hp_per_floor":[67,69,64,49,49,49,36,36,46,37,61,32,56,45,45,21,67,41,25,25,25,25,39,63,21,21,18,20,34,34,40,68,0],"gold":162,"neow_bonus":"ONE_RARE_RELIC","is_prod":false,"is_daily":false,"chose_seed":false,"campfire_upgraded":2,"win_rate":0,"timestamp":1548653182,"path_taken":["M","M","M","?","?","R","E","?","T","E","R","E","R","E","R","BOSS","M","?","?","$","?","E","R","E","T","M","?","M","?","M","R","BOSS"],"build_version":"2019-01-23","purchased_purges":1,"victory":false,"max_hp_per_floor":[72,72,72,72,72,72,72,72,82,82,82,82,82,82,82,82,82,82,82,82,82,82,82,82,85,85,85,88,91,91,94,94,94],"card_choices":[{"not_picked":["Searing Blow","Clothesline"],"picked":"Disarm","floor":1},{"not_picked":["Searing Blow","Havoc"],"picked":"Body Slam","floor":2},{"not_picked":["Sentinel","Heavy Blade","Searing Blow"],"picked":"SKIP","floor":3},{"not_picked":["Sword Boomerang","Wild Strike"],"picked":"Headbutt","floor":4},{"not_picked":["Immolate","Sword Boomerang"],"picked":"Clothesline","floor":7},{"not_picked":["Heavy Blade","Sentinel"],"picked":"Entrench","floor":10},{"not_picked":["Perfected Strike","Cleave"],"picked":"Headbutt","floor":12},{"not_picked":["Uppercut","Hemokinesis"],"picked":"Ghostly Armor","floor":14},{"not_picked":["Limit Break","Exhume"],"picked":"Juggernaut","floor":16},{"not_picked":["Wild Strike","Burning Pact"],"picked":"Whirlwind","floor":18},{"not_picked":["Sword Boomerang","Pummel"],"picked":"Feed","floor":23},{"not_picked":["Sentinel+1","Flex"],"picked":"Armaments","floor":24},{"not_picked":["Immolate","Body Slam","Hemokinesis+1"],"picked":"SKIP","floor":25},{"not_picked":["Clothesline","Thunderclap"],"picked":"Shrug It Off","floor":27},{"not_picked":["Sentinel+1","Armaments","Fire Breathing"],"picked":"SKIP","floor":29},{"not_picked":["Disarm","Reaper"],"picked":"Shrug It Off","floor":31}],"player_experience":257865,"relics_obtained":[{"floor":7,"key":"Blue Candle"},{"floor":8,"key":"Orichalcum"},{"floor":9,"key":"Pear"},{"floor":10,"key":"Omamori"},{"floor":12,"key":"Dream Catcher"},{"floor":14,"key":"Dead Branch"},{"floor":19,"key":"Necronomicon"},{"floor":23,"key":"Potion Belt"},{"floor":25,"key":"Letter Opener"},{"floor":26,"key":"Darkstone Periapt"}],"event_choices":[{"cards_removed":["Strike_R"],"damage_healed":0,"gold_gain":0,"player_choice":"Card Removal","damage_taken":0,"max_hp_gain":0,"max_hp_loss":0,"event_name":"The Cleric","floor":5,"gold_loss":50},{"damage_healed":0,"gold_gain":0,"player_choice":"Obtained Book","damage_taken":16,"max_hp_gain":0,"max_hp_loss":0,"event_name":"Cursed Tome","floor":19,"gold_loss":0},{"damage_healed":0,"gold_gain":0,"player_choice":"Inject Mutagens","damage_taken":0,"relics_obtained":["MutagenicStrength"],"max_hp_gain":0,"max_hp_loss":0,"event_name":"Drug Dealer","floor":20,"gold_loss":0},{"damage_healed":0,"gold_gain":0,"player_choice":"Ignored","damage_taken":0,"max_hp_gain":0,"max_hp_loss":0,"event_name":"Vampires","floor":22,"gold_loss":0},{"damage_healed":0,"gold_gain":0,"player_choice":"Fight","damage_taken":0,"max_hp_gain":0,"max_hp_loss":0,"event_name":"Colosseum","floor":28,"gold_loss":0},{"damage_healed":0,"gold_gain":0,"player_choice":"Fled From Nobs","damage_taken":0,"max_hp_gain":0,"max_hp_loss":0,"event_name":"Colosseum","floor":28,"gold_loss":0},{"cards_removed":["Strike_R"],"damage_healed":0,"gold_gain":0,"player_choice":"Gave Gold","damage_taken":0,"max_hp_gain":0,"max_hp_loss":0,"event_name":"Beggar","floor":30,"gold_loss":75}],"is_beta":false,"boss_relics":[{"not_picked":["Snecko Eye","Tiny House"],"picked":"Fusion Hammer"}],"items_purged_floors":[21],"is_endless":false,"potions_floor_spawned":[1,4,12,16,23,28],"killed_by":"Collector","ascension_level":12}