{"gold_per_floor":[110,285,285,298,66,106,32,51,51,51,51,76,100,113,113,244,244,264,264,289,289],"floor_reached":21,"playtime":966,"items_purged":["Doubt"],"score":244,"play_id":"5feb9dd5-27a5-428e-a0aa-0860b1382abb","local_time":"20190214145621","is_ascension_mode":true,"campfire_choices":[{"data":"Juggernaut","floor":10,"key":"SMITH"},{"floor":15,"key":"REST"}],"neow_cost":"TEN_PERCENT_HP_LOSS","seed_source_timestamp":880126991638952,"circlet_count":0,"master_deck":["Strike_R","Strike_R","Strike_R","Strike_R","Strike_R","Defend_R","Defend_R","Defend_R","Defend_R","Bash","Juggernaut+1","Reckless Charge","Evolve","Metallicize","Corruption","Decay","True Grit","Metallicize","Fiend Fire","Second Wind","Juggernaut+1","Sentinel+1"],"relics":["Burning Blood","Golden Idol","Orichalcum","Prayer Wheel","Dead Branch","White Beast Statue"],"potions_floor_usage":[6,18,18,18],"damage_taken":[{"damage":7,"enemies":"2 Louse","floor":1,"turns":4},{"damage":16,"enemies":"Small Slimes","floor":4,"turns":5},{"damage":20,"enemies":"Gremlin Nob","floor":6,"turns":4},{"damage":0,"enemies":"Cultist","floor":8,"turns":4},{"damage":9,"enemies":"Red Slaver","floor":12,"turns":4},{"damage":14,"enemies":"2 Fungi Beasts","floor":13,"turns":4},{"damage":17,"enemies":"Large Slime","floor":14,"turns":5},{"damage":22,"enemies":"Slime Boss","floor":16,"turns":4},{"damage":22,"enemies":"2 Thieves","floor":18,"turns":4},{"damage":15,"enemies":"Shell Parasite","floor":20,"turns":4},{"damage":37,"enemies":"Cultist and Chosen","floor":21,"turns":6}],"seed_played":"8072505256948958136","potions_obtained":[{"floor":4,"key":"Strength Potion"},{"floor":6,"key":"Strength Potion"},{"floor":8,"key":"Fire Potion"},{"floor":13,"key":"Strength Potion"},{"floor":18,"key":"SteroidPotion"},{"floor":20,"key":"Block Potion"}],"is_trial":false,"path_per_floor":["M","?","?","M","$","E","$","M","T","R","?","M","M","M","R","B",null,"M","?","M","M"],"character_chosen":"IRONCLAD","items_purchased":["Orichalcum","Metallicize"],"campfire_rested":1,"item_purchase_floors":[5,7],"current_hp_per_floor":[71,71,53,43,43,29,29,35,35,35,35,32,24,13,34,18,59,43,43,34,0],"gold":289,"neow_bonus":"THREE_RARE_CARDS","is_prod":false,"is_daily":false,"chose_seed":false,"campfire_upgraded":1,"win_rate":0,"timestamp":1550134581,"path_taken":["M","?","?","M","$","E","$","M","T","R","?","M","M","M","R","BOSS","M","?","?","M"],"build_version":"2019-01-23","purchased_purges":1,"victory":false,"max_hp_per_floor":[72,72,72,72,72,72,72,72,72,72,72,72,72,72,72,72,72,72,72,72,72],"card_choices":[{"not_picked":["Feed","Demon Form"],"picked":"Juggernaut","floor":0},{"not_picked":["Clothesline","Searing Blow","Thunderclap"],"picked":"SKIP","floor":1},{"not_picked":["Bloodletting","Carnage"],"picked":"Reckless Charge","floor":4},{"not_picked":["Twin Strike","Blood for Blood"],"picked":"Evolve","floor":6},{"not_picked":["Ghostly Armor","Intimidate"],"picked":"Corruption","floor":8},{"not_picked":["Wild Strike","Bloodletting","Anger"],"picked":"SKIP","floor":8},{"not_picked":["Wild Strike","Seeing Red","Clothesline"],"picked":"SKIP","floor":12},{"not_picked":["Heavy Blade","Fire Breathing","Sword Boomerang"],"picked":"SKIP","floor":12},{"not_picked":["Anger","Headbutt"],"picked":"True Grit","floor":13},{"not_picked":["Heavy Blade","Whirlwind","Inflame"],"picked":"SKIP","floor":13},{"not_picked":["Heavy Blade","Intimidate"],"picked":"Metallicize","floor":14},{"not_picked":["Cleave","Demon Form","Sword Boomerang"],"picked":"SKIP","floor":14},{"not_picked":["Reaper","Impervious"],"picked":"Fiend Fire","floor":16},{"not_picked":["Clothesline","Wild Strike"],"picked":"Second Wind","floor":18},{"not_picked":["Clothesline","Warcry+1","Iron Wave"],"picked":"SKIP","floor":18},{"not_picked":["Uppercut+1","Pommel Strike"],"picked":"Sentinel+1","floor":20},{"not_picked":["Whirlwind","Shockwave","Armaments"],"picked":"SKIP","floor":20}],"player_experience":806243,"relics_obtained":[{"floor":6,"key":"Prayer Wheel"},{"floor":9,"key":"Dead Branch"}],"event_choices":[{"damage_healed":0,"gold_gain":175,"player_choice":"AGREE","damage_taken":0,"max_hp_gain":0,"max_hp_loss":0,"event_name":"Liars Game","floor":2,"gold_loss":0,"cards_obtained":["Doubt"]},{"damage_healed":0,"gold_gain":0,"player_choice":"Take Damage","damage_taken":18,"relics_obtained":["Golden Idol"],"max_hp_gain":0,"max_hp_loss":0,"event_name":"Golden Idol","floor":3,"gold_loss":0},{"damage_healed":0,"gold_gain":0,"player_choice":"Cursed","damage_taken":0,"max_hp_gain":0,"max_hp_loss":0,"event_name":"Wheel of Change","floor":11,"gold_loss":0,"cards_obtained":["Decay"]},{"damage_healed":0,"gold_gain":0,"player_choice":"Copied","damage_taken":0,"max_hp_gain":0,"max_hp_loss":0,"event_name":"Duplicator","floor":19,"gold_loss":0,"cards_obtained":["Juggernaut"]}],"is_beta":false,"boss_relics":[{"not_picked":["Orrery","Philosopher\u0027s Stone"],"picked":"White Beast Statue"}],"items_purged_floors":[5],"is_endless":false,"potions_floor_spawned":[4,6,8,13,18,20],"killed_by":"Cultist and Chosen","ascension_level":7}