{"gold_per_floor":[118,43,56,68,68,102,102,127,176,210,210,222,251,264,264,363,363,382,382,382,399,299,325,325,341,367,387,405,420,420,438,438,539,539,558,558,433,433,444,478,478,510,536,562,562,578,592,297,297,297],"floor_reached":51,"playtime":4204,"items_purged":["Strike_R","Shockwave","Body Slam","Defend_R"],"score":942,"play_id":"492c3dc2-fad8-43e8-a9e4-bb6d6635ca84","local_time":"20190216025717","is_ascension_mode":true,"campfire_choices":[{"floor":7.0,"key":"REST"},{"floor":11.0,"key":"REST"},{"floor":15.0,"key":"REST"},{"floor":24.0,"key":"REST"},{"data":"Demon Form","floor":32.0,"key":"SMITH"},{"floor":41,"key":"REST"},{"floor":49,"key":"REST"}],"neow_cost":"PERCENT_DAMAGE","seed_source_timestamp":0,"circlet_count":0,"master_deck":["Defend_R","Defend_R","Disarm","Heavy Blade","Demon Form+1","Heavy Blade","Shrug It Off","Cleave","Feed","Offering","Shockwave+1","Shrug It Off+1","Shrug It Off","Whirlwind","Heavy Blade+1","Heavy Blade","Shrug It Off","Impervious","Offering"],"special_seed":0,"relics":["Burning Blood","Letter Opener","PreservedInsect","Bronze Scales","Dream Catcher","Odd Mushroom","Astrolabe","Bottled Flame","Strawberry","Philosopher\u0027s Stone","Paper Frog","Vajra","Pear","Juzu Bracelet","Lantern","Blood Vial"],"potions_floor_usage":[40,50],"damage_taken":[{"damage":4.0,"enemies":"Jaw Worm","floor":1.0,"turns":5.0},{"damage":7.0,"enemies":"Small Slimes","floor":3.0,"turns":6.0},{"damage":1.0,"enemies":"2 Louse","floor":4.0,"turns":2.0},{"damage":55.0,"enemies":"3 Sentries","floor":6.0,"turns":14.0},{"damage":12.0,"enemies":"Lagavulin","floor":8.0,"turns":7.0},{"damage":34.0,"enemies":"3 Sentries","floor":10.0,"turns":8.0},{"damage":13.0,"enemies":"Red Slaver","floor":12.0,"turns":4.0},{"damage":14.0,"enemies":"The Mushroom Lair","floor":13.0,"turns":4.0},{"damage":4.0,"enemies":"Blue Slaver","floor":14.0,"turns":4.0},{"damage":21.0,"enemies":"Slime Boss","floor":16.0,"turns":5.0},{"damage":23.0,"enemies":"Chosen","floor":18.0,"turns":6.0},{"damage":23.0,"enemies":"Shell Parasite","floor":21.0,"turns":7.0},{"damage":12.0,"enemies":"Gremlin Leader","floor":23.0,"turns":6.0},{"damage":17.0,"enemies":"Centurion and Healer","floor":25.0,"turns":7.0},{"damage":9.0,"enemies":"Chosen and Byrds","floor":27.0,"turns":6.0},{"damage":9.0,"enemies":"Shelled Parasite and Fungi","floor":28.0,"turns":5.0},{"damage":54.0,"enemies":"Sentry and Sphere","floor":29.0,"turns":10.0},{"damage":18.0,"enemies":"Snake Plant","floor":31.0,"turns":6.0},{"damage":25.0,"enemies":"Champ","floor":33.0,"turns":8.0},{"damage":15.0,"enemies":"Orb Walker","floor":35.0,"turns":4.0},{"damage":23.0,"enemies":"3 Shapes","floor":39.0,"turns":4.0},{"damage":32,"enemies":"Giant Head","floor":40,"turns":7},{"damage":36,"enemies":"Reptomancer","floor":42,"turns":4},{"damage":12,"enemies":"Nemesis","floor":44,"turns":3},{"damage":25,"enemies":"Sphere and 2 Shapes","floor":46,"turns":5},{"damage":28,"enemies":"Spire Growth","floor":47,"turns":6},{"damage":20,"enemies":"Time Eater","floor":50,"turns":6}],"seed_played":"-6004131657929889567","potions_obtained":[{"floor":8.0,"key":"Block Potion"},{"floor":10.0,"key":"SpeedPotion"},{"floor":12.0,"key":"Explosive Potion"},{"floor":13.0,"key":"Swift Potion"},{"floor":14.0,"key":"Fire Potion"},{"floor":18.0,"key":"SkillPotion"},{"floor":21.0,"key":"SkillPotion"},{"floor":23.0,"key":"PowerPotion"},{"floor":29.0,"key":"AttackPotion"},{"floor":31.0,"key":"FearPotion"},{"floor":35.0,"key":"Explosive Potion"},{"floor":39.0,"key":"Regen Potion"},{"floor":47,"key":"Dexterity Potion"}],"is_trial":false,"path_per_floor":["M","$","M","M","?","E","R","E","T","E","R","M","?","M","R","B",null,"M","?","?","M","$","E","R","M","T","M","M","M","?","M","R","B",null,"M","T","$","?","M","E","R","E","T","E","?","M","M","$","R","B",null],"character_chosen":"IRONCLAD","items_purchased":["Blood Vial"],"campfire_rested":6,"item_purchase_floors":[48],"current_hp_per_floor":[58,58,57,62,67,18,43,37,37,9,34,27,19,21,46,34,88,74,74,74,57,57,51,78,67,74,71,68,23,111,102,102,83,114,108,108,108,108,91,80,115,98,98,92,92,76,57,57,97,85],"gold":297,"neow_bonus":"REMOVE_TWO","is_prod":false,"is_daily":false,"chose_seed":false,"campfire_upgraded":1,"win_rate":0,"timestamp":1550253437,"path_taken":["M","$","M","M","?","E","R","E","T","E","R","M","?","M","R","BOSS","M","?","?","M","$","E","R","M","T","?","M","M","?","M","R","BOSS","M","?","$","?","?","E","R","E","T","E","?","M","M","$","R","BOSS"],"build_version":"2019-01-23","purchased_purges":4,"victory":true,"max_hp_per_floor":[80,80,80,80,85,85,85,85,85,85,85,85,85,85,85,88,88,91,91,91,91,91,91,91,91,98,98,98,101,111,114,114,114,114,117,117,117,117,117,117,117,130,130,130,130,133,136,136,136,136],"card_choices":[{"not_picked":["Perfected Strike","Cleave"],"picked":"Disarm","floor":1.0},{"not_picked":["Anger","Headbutt"],"picked":"Heavy Blade","floor":3.0},{"not_picked":["Flex","Rage","Anger"],"picked":"SKIP","floor":4.0},{"not_picked":["Heavy Blade","Feel No Pain"],"picked":"Demon Form","floor":6.0},{"not_picked":["Inflame","Clothesline"],"picked":"Shockwave","floor":8.0},{"not_picked":["Sword Boomerang","Bloodletting"],"picked":"Body Slam","floor":10.0},{"not_picked":["Pommel Strike","Sword Boomerang"],"picked":"Heavy Blade","floor":12.0},{"not_picked":["Carnage","Sword Boomerang"],"picked":"Shrug It Off","floor":13.0},{"not_picked":["Iron Wave","Wild Strike"],"picked":"Cleave","floor":14.0},{"not_picked":["Feel No Pain","Havoc"],"picked":"Feed","floor":15.0},{"not_picked":["Berserk","Exhume"],"picked":"Offering","floor":16.0},{"not_picked":["Pummel","Dropkick"],"picked":"Shrug It Off","floor":18.0},{"not_picked":["Thunderclap","Perfected Strike","Clash+1"],"picked":"SKIP","floor":21.0},{"not_picked":["Thunderclap","Bludgeon","Sword Boomerang"],"picked":"SKIP","floor":23.0},{"not_picked":["Pommel Strike","Flex+1"],"picked":"Heavy Blade+1","floor":24.0},{"not_picked":["Inflame+1","Pommel Strike","Flex"],"picked":"SKIP","floor":25.0},{"not_picked":["Warcry","Twin Strike","Perfected Strike"],"picked":"SKIP","floor":27.0},{"not_picked":["Havoc","Armaments","Body Slam+1"],"picked":"SKIP","floor":28.0},{"not_picked":["Wild Strike","Twin Strike"],"picked":"Heavy Blade","floor":29.0},{"not_picked":["Sword Boomerang+1","Clash"],"picked":"Shrug It Off","floor":31.0},{"not_picked":["Berserk","Exhume"],"picked":"Impervious","floor":33.0},{"not_picked":["Uppercut+1","Armaments+1","Iron Wave"],"picked":"SKIP","floor":35.0},{"not_picked":["Pummel+1","Twin Strike+1","Headbutt+1"],"picked":"SKIP","floor":39.0},{"not_picked":["Reckless Charge","Uppercut","Pommel Strike+1"],"picked":"SKIP","floor":40},{"not_picked":["Flex","Shockwave"],"picked":"Offering","floor":42},{"not_picked":["Corruption","Feel No Pain+1","True Grit"],"picked":"SKIP","floor":44},{"not_picked":["Clash","Searing Blow+1","Sword Boomerang+1"],"picked":"SKIP","floor":46},{"not_picked":["Cleave+1","Iron Wave","Anger+1"],"picked":"SKIP","floor":47}],"player_experience":52644,"relics_obtained":[{"floor":6.0,"key":"Letter Opener"},{"floor":8.0,"key":"PreservedInsect"},{"floor":9.0,"key":"Bronze Scales"},{"floor":10.0,"key":"Dream Catcher"},{"floor":13.0,"key":"Odd Mushroom"},{"floor":23.0,"key":"Bottled Flame"},{"floor":26.0,"key":"Strawberry"},{"floor":36.0,"key":"Paper Frog"},{"floor":40,"key":"Vajra"},{"floor":42,"key":"Pear"},{"floor":43,"key":"Juzu Bracelet"},{"floor":44,"key":"Lantern"}],"event_choices":[{"damage_healed":0.0,"max_hp_gain":5.0,"max_hp_loss":0.0,"gold_gain":0.0,"event_name":"Big Fish","player_choice":"Donut","floor":5.0,"gold_loss":0.0,"damage_taken":0.0},{"damage_healed":0.0,"max_hp_gain":0.0,"max_hp_loss":0.0,"gold_gain":0.0,"event_name":"Mushrooms","player_choice":"Fought Mushrooms","floor":13.0,"gold_loss":0.0,"damage_taken":0.0},{"damage_healed":0.0,"max_hp_gain":0.0,"max_hp_loss":0.0,"gold_gain":0.0,"event_name":"Ghosts","player_choice":"Ignored","floor":19.0,"gold_loss":0.0,"damage_taken":0.0},{"damage_healed":0.0,"max_hp_gain":0.0,"max_hp_loss":0.0,"gold_gain":0.0,"event_name":"The Library","player_choice":"Read","floor":20.0,"gold_loss":0.0,"damage_taken":0.0,"cards_obtained":["Whirlwind"]},{"cards_removed":["Limit Break"],"damage_healed":78.0,"max_hp_gain":10.0,"max_hp_loss":0.0,"gold_gain":0.0,"event_name":"Bonfire Elementals","player_choice":"Offered Rare","floor":30.0,"gold_loss":0.0,"damage_taken":0.0},{"damage_healed":0.0,"max_hp_gain":0.0,"max_hp_loss":0.0,"gold_gain":0.0,"event_name":"The Woman in Blue","player_choice":"Bought 0 Potions","floor":38.0,"gold_loss":0.0,"damage_taken":0.0},{"cards_removed":["Defend_R"],"damage_healed":0,"gold_gain":0,"player_choice":"Removed Skill","damage_taken":0,"max_hp_gain":0,"max_hp_loss":0,"event_name":"Falling","floor":45,"gold_loss":0}],"is_beta":false,"boss_relics":[{"not_picked":["Calling Bell","Orrery"],"picked":"Astrolabe"},{"not_picked":["Runic Pyramid","White Beast Statue"],"picked":"Philosopher\u0027s Stone"}],"items_purged_floors":[2,22,37,48],"is_endless":false,"potions_floor_spawned":[8,10,12,13,14,18,21,23,29,31,35,39,47],"ascension_level":1}