{"gold_per_floor":[111,124,74,74,74,74,107,107,107,118,118,118,135,152,152,247,247,265,239,249,349,2,2,19,19,19,19,32,48,48,73,73,170,170,190,290,15,26,26,26,39,53,53,70,83,83,83,8,8,8],"floor_reached":51,"playtime":3110,"items_purged":["Steam Power"],"score":1129,"play_id":"406fd8af-1c00-4300-94a3-40ebe986405c","local_time":"20181108202440","is_ascension_mode":true,"campfire_choices":[{"floor":6,"key":"REST"},{"data":"Leap","floor":8,"key":"SMITH"},{"data":"Zap","floor":11,"key":"SMITH"},{"floor":15,"key":"REST"},{"data":"Echo Form","floor":23,"key":"SMITH"},{"data":"Tempest","floor":25,"key":"SMITH"},{"data":"Conserve Battery","floor":30,"key":"SMITH"},{"floor":32,"key":"REST"},{"data":"Defragment","floor":40,"key":"SMITH"},{"data":"Defragment","floor":46,"key":"SMITH"},{"data":"Streamline","floor":49,"key":"SMITH"}],"neow_cost":"NONE","seed_source_timestamp":2928588353783705,"circlet_count":0,"master_deck":["AscendersBane","Strike_B","Strike_B","Strike_B+1","Defend_B+1","Defend_B+1","Defend_B+1","Zap+1","Dualcast","Leap+1","Tempest+1","Genetic Algorithm","Go for the Eyes","Hologram","Echo Form+1","Auto Shields+1","Conserve Battery+1","Conserve Battery","Cold Snap","Loop+1","Echo Form","Streamline+1","Defragment+1","Gash","Defragment+1","Melter","Darkness","Flash of Steel"],"relics":["Sozu","War Paint","DataDisk","Question Card","Runic Pyramid","Thread and Needle","FossilizedHelix","Ornamental Fan","Bag of Preparation","Empty Cage","Happy Flower","Bottled Flame"],"potions_floor_usage":[],"damage_taken":[{"damage":3,"enemies":"2 Louse","floor":1,"turns":3},{"damage":0,"enemies":"Cultist","floor":2,"turns":4},{"damage":29,"enemies":"3 Sentries","floor":7,"turns":11},{"damage":0,"enemies":"Small Slimes","floor":10,"turns":3},{"damage":0,"enemies":"Exordium Thugs","floor":13,"turns":6},{"damage":0,"enemies":"Exordium Wildlife","floor":14,"turns":3},{"damage":0,"enemies":"The Guardian","floor":16,"turns":11},{"damage":3,"enemies":"Spheric Guardian","floor":18,"turns":6},{"damage":7,"enemies":"2 Thieves","floor":19,"turns":5},{"damage":1,"enemies":"Snake Plant","floor":20,"turns":7},{"damage":0,"enemies":"Sentry and Sphere","floor":24,"turns":6},{"damage":0,"enemies":"Cultist and Chosen","floor":28,"turns":7},{"damage":0,"enemies":"Centurion and Healer","floor":29,"turns":3},{"damage":20,"enemies":"Gremlin Leader","floor":31,"turns":9},{"damage":0,"enemies":"Champ","floor":33,"turns":24},{"damage":0,"enemies":"Orb Walker","floor":35,"turns":4},{"damage":0,"enemies":"3 Shapes","floor":38,"turns":4},{"damage":0,"enemies":"Transient","floor":41,"turns":5},{"damage":0,"enemies":"Maw","floor":42,"turns":8},{"damage":0,"enemies":"4 Shapes","floor":44,"turns":5},{"damage":0,"enemies":"Spire Growth","floor":45,"turns":6},{"damage":68,"enemies":"Donu and Deca","floor":50,"turns":10}],"seed_played":"7072362445021157494","potions_obtained":[],"is_trial":false,"path_per_floor":["M","M","?","?","?","R","E","R","T","M","R","?","M","M","R","B",null,"M","M","M","?","$","R","M","R","T","T","M","M","R","E","R","B",null,"M","?","$","M","?","R","M","M","T","M","M","R","?","$","R","B",null],"character_chosen":"DEFECT","items_purchased":["Thread and Needle","Conserve Battery","Defragment","Happy Flower","Gash"],"campfire_rested":3,"item_purchase_floors":[22,22,37,37,37],"current_hp_per_floor":[65,65,65,47,47,69,40,40,40,40,40,25,25,25,47,47,68,65,58,57,57,57,57,57,57,57,57,57,57,57,37,59,59,71,71,71,71,71,71,71,71,71,71,71,71,71,71,71,71,3],"gold":8,"neow_bonus":"BOSS_RELIC","is_prod":false,"is_daily":false,"chose_seed":false,"campfire_upgraded":8,"win_rate":0,"timestamp":1541676280,"path_taken":["M","M","?","?","?","R","E","R","T","?","R","?","M","M","R","BOSS","M","M","M","?","?","R","?","R","T","?","M","M","R","E","R","BOSS","M","?","?","?","?","R","M","M","T","M","M","R","?","?","R","BOSS"],"build_version":"2018-11-01","purchased_purges":1,"victory":true,"max_hp_per_floor":[75,75,75,75,75,75,75,75,75,75,75,75,75,75,75,75,75,75,75,75,75,75,75,75,75,75,75,75,75,75,75,75,75,75,75,75,75,75,75,75,75,75,75,75,75,75,75,75,75,75],"card_choices":[{"not_picked":["Chaos","Beam Cell"],"picked":"Cold Snap","floor":1},{"not_picked":["Steam","Stack"],"picked":"Leap","floor":2},{"not_picked":["Rainbow","Barrage"],"picked":"Tempest","floor":7},{"not_picked":["Consume","Turbo","Reinforced Body"],"picked":"Genetic Algorithm","floor":10},{"not_picked":["Melter","Consume","Redo"],"picked":"Go for the Eyes","floor":13},{"not_picked":["Skim","Beam Cell","Darkness"],"picked":"Hologram","floor":14},{"not_picked":["Core Surge","Electrodynamics","Creative AI"],"picked":"Echo Form","floor":16},{"not_picked":["Sweeping Beam","Fusion","Go for the Eyes"],"picked":"Auto Shields+1","floor":18},{"not_picked":["Aggregate","Streamline+1","Steam+1"],"picked":"Recycle+1","floor":19},{"not_picked":["Sunder","Rebound","Gash"],"picked":"Conserve Battery","floor":20},{"not_picked":["Rip and Tear+1","Skim","Reinforced Body","Meteor Strike"],"picked":"SKIP","floor":24},{"not_picked":["Ball Lightning","Stack","Barrage"],"picked":"Cold Snap","floor":28},{"not_picked":["Chaos","Reprogram","Redo"],"picked":"Loop+1","floor":29},{"not_picked":["Fusion+1","Reinforced Body","Hologram"],"picked":"Coolheaded","floor":31},{"not_picked":["All For One","Amplify","Multi-Cast"],"picked":"Echo Form","floor":33},{"not_picked":["Ball Lightning","Steam Power+1","Steam+1"],"picked":"Streamline","floor":35},{"not_picked":["Machine Learning","Go for the Eyes","Cold Snap"],"picked":"Defragment","floor":38},{"not_picked":["Force Field+1","Consume","Compile Driver"],"picked":"Melter","floor":41},{"not_picked":["Redo+1","Stack","Skim+1"],"picked":"Darkness","floor":42},{"not_picked":["Steam","Hologram","Recycle+1","Core Surge"],"picked":"SKIP","floor":44},{"not_picked":["Hologram","Sweeping Beam","Go for the Eyes+1","Lockon"],"picked":"SKIP","floor":45},{"not_picked":["Finesse","Metamorphosis","Blind"],"picked":"Flash of Steel","floor":47}],"player_experience":441685,"relics_obtained":[{"floor":7,"key":"DataDisk"},{"floor":9,"key":"Question Card"},{"floor":26,"key":"FossilizedHelix"},{"floor":27,"key":"Ornamental Fan"},{"floor":31,"key":"Bag of Preparation"},{"floor":43,"key":"Bottled Flame"}],"event_choices":[{"cards_removed":["Defend_B"],"damage_healed":0,"gold_gain":0,"player_choice":"Card Removal","damage_taken":0,"max_hp_gain":0,"max_hp_loss":0,"event_name":"The Cleric","floor":3,"gold_loss":50},{"damage_healed":0,"gold_gain":0,"player_choice":"Success","damage_taken":18,"relics_obtained":["War Paint"],"max_hp_gain":0,"max_hp_loss":0,"event_name":"Scrap Ooze","floor":4,"gold_loss":0},{"damage_healed":0,"gold_gain":0,"cards_transformed":["Strike_B"],"player_choice":"Transformed","damage_taken":0,"max_hp_gain":0,"max_hp_loss":0,"event_name":"Transmorgrifier","floor":5,"gold_loss":0,"cards_obtained":["Steam Power"]},{"damage_healed":0,"gold_gain":0,"player_choice":"Entered Light","damage_taken":15,"max_hp_gain":0,"max_hp_loss":0,"event_name":"Shining Light","floor":12,"gold_loss":0,"cards_upgraded":["Defend_B","Strike_B"]},{"damage_healed":0,"gold_gain":100,"player_choice":"Pray","damage_taken":0,"max_hp_gain":0,"max_hp_loss":0,"event_name":"Golden Shrine","floor":21,"gold_loss":0},{"damage_healed":0,"gold_gain":100,"player_choice":"Pray","damage_taken":0,"max_hp_gain":0,"max_hp_loss":0,"event_name":"Golden Shrine","floor":36,"gold_loss":0},{"cards_removed":["Cold Snap"],"damage_healed":0,"gold_gain":0,"player_choice":"Removed Attack","damage_taken":0,"max_hp_gain":0,"max_hp_loss":0,"event_name":"Falling","floor":39,"gold_loss":0},{"damage_healed":0,"gold_gain":0,"player_choice":"Memory 1","damage_taken":0,"max_hp_gain":0,"max_hp_loss":0,"event_name":"SensoryStone","floor":47,"gold_loss":0}],"is_beta":false,"boss_relics":[{"not_picked":["Snecko Eye","Runic Dome"],"picked":"Runic Pyramid"},{"not_picked":["Velvet Choker","Coffee Dripper"],"picked":"Empty Cage"}],"items_purged_floors":[48],"is_endless":false,"potions_floor_spawned":[1,7,16,18,28,29,35,38],"ascension_level":10}