{"gold_per_floor":[117,136,136,148,73,73,88,88,88,98,58,58,68,86,86,182,182,154,79,79,5,5,34,34,45,70,70,70,70],"floor_reached":29,"playtime":2333,"items_purged":["Strike_G"],"score":233,"play_id":"e0c246d2-fff3-431e-9514-54bce298e13e","local_time":"20190216232338","is_ascension_mode":false,"campfire_choices":[{"data":"Neutralize","floor":6,"key":"SMITH"},{"data":"Noxious Fumes","floor":12,"key":"SMITH"},{"data":"Blur","floor":15,"key":"SMITH"},{"data":"Acrobatics","floor":24,"key":"SMITH"},{"data":"Backflip","floor":27,"key":"SMITH"}],"neow_cost":"NONE","seed_source_timestamp":221905003070770,"circlet_count":0,"master_deck":["Defend_G","Defend_G","Defend_G","Defend_G","Defend_G","Strike_G","Survivor","Neutralize+1","Acrobatics+1","Deflect","Backflip+1","Deadly Poison","Noxious Fumes+1","Blur+1","Tools of the Trade","Acrobatics+1","Escape Plan","Catalyst"],"relics":["Ring of the Snake","Coffee Dripper","MutagenicStrength","The Specimen","Omamori"],"potions_floor_usage":[16,16,18],"damage_taken":[{"damage":9,"enemies":"Cultist","floor":1,"turns":4},{"damage":5,"enemies":"Small Slimes","floor":2,"turns":4},{"damage":0,"enemies":"Jaw Worm","floor":4,"turns":6},{"damage":0,"enemies":"3 Louse","floor":7,"turns":7},{"damage":0,"enemies":"Blue Slaver","floor":10,"turns":6},{"damage":0,"enemies":"2 Fungi Beasts","floor":13,"turns":4},{"damage":9,"enemies":"3 Louse","floor":14,"turns":4},{"damage":3,"enemies":"The Guardian","floor":16,"turns":12},{"damage":17,"enemies":"2 Thieves","floor":18,"turns":5},{"damage":49,"enemies":"Slavers","floor":23,"turns":9},{"damage":0,"enemies":"Shell Parasite","floor":25,"turns":6},{"damage":11,"enemies":"Snecko","floor":29,"turns":4}],"seed_played":"-1635882224250915140","potions_obtained":[{"floor":1,"key":"Block Potion"},{"floor":13,"key":"EssenceOfSteel"},{"floor":16,"key":"GhostInAJar"}],"is_trial":false,"path_per_floor":["M","M","?","M","$","R","M","?","T","M","$","R","M","M","R","B",null,"M","?","?","$","?","E","R","M","T","R","?","M"],"character_chosen":"THE_SILENT","items_purchased":["Noxious Fumes","Escape Plan"],"campfire_rested":0,"item_purchase_floors":[11,21],"current_hp_per_floor":[61,56,56,56,56,56,56,56,56,56,56,56,56,47,47,44,70,53,53,53,53,53,4,4,4,4,4,4,0],"gold":70,"neow_bonus":"REMOVE_CARD","is_prod":false,"is_daily":false,"chose_seed":false,"campfire_upgraded":5,"win_rate":0.0,"timestamp":1550327018,"path_taken":["M","M","?","M","$","R","M","?","T","M","?","R","M","M","R","BOSS","M","?","?","$","?","E","R","M","T","R","?","M"],"build_version":"2019-01-23","purchased_purges":1,"victory":false,"max_hp_per_floor":[70,70,70,70,70,70,70,70,70,70,70,70,70,70,70,70,70,70,70,70,70,70,70,70,70,70,70,70,70],"card_choices":[{"not_picked":["Quick Slash","Blade Dance"],"picked":"Acrobatics","floor":1},{"not_picked":["Sucker Punch","Dagger Throw","Leg Sweep"],"picked":"SKIP","floor":2},{"not_picked":["Crippling Poison","Distraction"],"picked":"Deflect","floor":4},{"not_picked":["Quick Slash","Underhanded Strike"],"picked":"Backflip","floor":7},{"not_picked":["Dagger Spray","All Out Attack"],"picked":"Deadly Poison","floor":10},{"not_picked":["Prepared","Flying Knee"],"picked":"Blur","floor":13},{"not_picked":["Night Terror","Dodge and Roll","Choke"],"picked":"SKIP","floor":14},{"not_picked":["Phantasmal Killer","Venomology"],"picked":"Tools of the Trade","floor":16},{"not_picked":["Prepared","Deflect"],"picked":"Acrobatics+1","floor":18},{"not_picked":["Bane+1","All Out Attack","Tactician"],"picked":"SKIP","floor":23},{"not_picked":["Underhanded Strike","PiercingWail+1"],"picked":"Catalyst","floor":25}],"player_experience":69046,"relics_obtained":[{"floor":23,"key":"The Specimen"},{"floor":26,"key":"Omamori"}],"event_choices":[{"cards_removed":["Strike_G"],"damage_healed":0,"gold_gain":0,"player_choice":"Forget","damage_taken":0,"max_hp_gain":0,"max_hp_loss":0,"event_name":"Living Wall","floor":3,"gold_loss":0},{"damage_healed":0,"gold_gain":0,"player_choice":"Ignored","damage_taken":0,"max_hp_gain":0,"max_hp_loss":0,"event_name":"Liars Game","floor":8,"gold_loss":0},{"cards_removed":["Strike_G"],"damage_healed":0,"gold_gain":0,"player_choice":"Gave Gold","damage_taken":0,"max_hp_gain":0,"max_hp_loss":0,"event_name":"Beggar","floor":19,"gold_loss":75},{"damage_healed":0,"gold_gain":0,"player_choice":"Inject Mutagens","damage_taken":0,"relics_obtained":["MutagenicStrength"],"max_hp_gain":0,"max_hp_loss":0,"event_name":"Drug Dealer","floor":20,"gold_loss":0},{"damage_healed":0,"gold_gain":0,"player_choice":"Ignored","damage_taken":0,"max_hp_gain":0,"max_hp_loss":0,"event_name":"Vampires","floor":28,"gold_loss":0}],"is_beta":false,"boss_relics":[{"not_picked":["White Beast Statue","Ectoplasm"],"picked":"Coffee Dripper"}],"items_purged_floors":[5],"is_endless":false,"potions_floor_spawned":[1,13,16],"killed_by":"Snecko","ascension_level":0}