{"gold_per_floor":[113,130,144,144,157,157,200,200,227,268,289,43,59,83,83,206,206,226,226,351,378,393,393,434,458,458,458],"floor_reached":27,"playtime":5160,"items_purged":[],"score":245,"play_id":"8fa3375b-291a-43a7-938a-1d21075bdbbf","local_time":"20190215232659","is_ascension_mode":false,"campfire_choices":[{"data":"Genetic Algorithm","floor":6,"key":"SMITH"},{"floor":8,"key":"REST"},{"floor":15,"key":"REST"},{"floor":23,"key":"REST"}],"neow_cost":"NONE","seed_source_timestamp":290106965590978,"circlet_count":0,"master_deck":["Strike_B","Strike_B","Strike_B","Strike_B","Defend_B+1","Defend_B","Defend_B","Defend_B","Zap","Dualcast","Blind","Consume","Steam","Stack+1","Injury","Genetic Algorithm+1","Redo","Conserve Battery","Thunder Strike","Transmutation","Stack","Gash","Reprogram","Cold Snap","Creative AI","Compile Driver","Sweeping Beam","Self Repair","Ball Lightning","Self Repair"],"relics":["Cracked Core","Golden Idol","Ancient Tea Set","Bronze Scales","Bag of Marbles","Nuclear Battery","War Paint","Ice Cream","Gremlin Horn","Strawberry","Lantern","Orichalcum"],"potions_floor_usage":[10,10,14,16,20,27,27,27],"damage_taken":[{"damage":2,"enemies":"Cultist","floor":1,"turns":4},{"damage":8,"enemies":"Jaw Worm","floor":2,"turns":3},{"damage":3,"enemies":"2 Louse","floor":3,"turns":3},{"damage":1,"enemies":"2 Fungi Beasts","floor":5,"turns":4},{"damage":48,"enemies":"Lagavulin","floor":7,"turns":10},{"damage":16,"enemies":"3 Sentries","floor":10,"turns":5},{"damage":2,"enemies":"Blue Slaver","floor":11,"turns":3},{"damage":6,"enemies":"3 Louse","floor":13,"turns":5},{"damage":10,"enemies":"Lots of Slimes","floor":14,"turns":3},{"damage":8,"enemies":"Slime Boss","floor":16,"turns":9},{"damage":7,"enemies":"Shell Parasite","floor":18,"turns":7},{"damage":13,"enemies":"Colosseum Slavers","floor":20,"turns":5},{"damage":22,"enemies":"Colosseum Nobs","floor":20,"turns":6},{"damage":2,"enemies":"Chosen","floor":22,"turns":6},{"damage":53,"enemies":"Gremlin Leader","floor":24,"turns":9},{"damage":5,"enemies":"Snecko","floor":25,"turns":5},{"damage":18,"enemies":"Masked Bandits","floor":27,"turns":2}],"seed_played":"-5171574890027393069","potions_obtained":[{"floor":2,"key":"Energy Potion"},{"floor":3,"key":"Energy Potion"},{"floor":13,"key":"Poison Potion"},{"floor":14,"key":"LiquidBronze"},{"floor":18,"key":"SkillPotion"},{"floor":20,"key":"Energy Potion"},{"floor":24,"key":"Strength Potion"},{"floor":25,"key":"SteroidPotion"}],"is_trial":false,"path_per_floor":["?","$","M","M","?","?","T","?"],"character_chosen":"DEFECT","items_purchased":["Transmutation","Stack","Gash"],"campfire_rested":3,"item_purchase_floors":[12,12,12],"current_hp_per_floor":[73,65,62,62,61,61,13,35,35,19,17,17,11,1,23,15,75,68,68,33,40,38,62,16,11,11,0],"gold":458,"neow_bonus":"RANDOM_COLORLESS","is_prod":false,"is_daily":false,"chose_seed":false,"campfire_upgraded":1,"win_rate":0.0,"timestamp":1550248019,"path_taken":["M","M","M","?","M","R","E","R","T","E","M","?","?","?","R","BOSS","M","?","?","?","M","R","E","M","T","?"],"build_version":"2019-01-23","purchased_purges":0,"victory":false,"max_hp_per_floor":[75,75,75,75,75,75,75,75,75,75,75,75,75,75,75,75,75,75,75,75,82,82,82,82,82,82,82],"card_choices":[{"not_picked":["Steam Power","Reprogram"],"picked":"Consume","floor":1},{"not_picked":["Turbo","Barrage"],"picked":"Steam","floor":2},{"not_picked":["Redo","Blizzard"],"picked":"Stack","floor":3},{"not_picked":["Rebound","Turbo"],"picked":"Genetic Algorithm","floor":5},{"not_picked":["Scrape","Steam"],"picked":"Redo","floor":7},{"not_picked":["Rip and Tear","Coolheaded"],"picked":"Conserve Battery","floor":10},{"not_picked":["White Noise","Conserve Battery"],"picked":"Thunder Strike","floor":11},{"not_picked":["Coolheaded","Doom and Gloom"],"picked":"Reprogram","floor":13},{"not_picked":["Rebound","Barrage"],"picked":"Cold Snap","floor":14},{"not_picked":["Meteor Strike","Amplify"],"picked":"Creative AI","floor":16},{"not_picked":["Stack","Conserve Battery"],"picked":"Compile Driver","floor":18},{"not_picked":["Steam","Coolheaded"],"picked":"Sweeping Beam","floor":20},{"not_picked":["Stack","Turbo+1"],"picked":"Self Repair","floor":22},{"not_picked":["Hologram","Double Energy"],"picked":"Ball Lightning","floor":24},{"not_picked":["Undo","FTL"],"picked":"Self Repair","floor":25}],"player_experience":112164,"relics_obtained":[{"floor":7,"key":"Ancient Tea Set"},{"floor":9,"key":"Bronze Scales"},{"floor":10,"key":"Bag of Marbles"},{"floor":20,"key":"Ice Cream"},{"floor":20,"key":"Gremlin Horn"},{"floor":21,"key":"Strawberry"},{"floor":24,"key":"Lantern"},{"floor":26,"key":"Orichalcum"}],"event_choices":[{"damage_healed":0,"gold_gain":0,"player_choice":"Take Wound","damage_taken":0,"relics_obtained":["Golden Idol"],"max_hp_gain":0,"max_hp_loss":0,"event_name":"Golden Idol","floor":4,"gold_loss":0,"cards_obtained":["Injury"]},{"damage_healed":0,"gold_gain":0,"player_choice":"Opened","damage_taken":0,"relics_obtained":["War Paint"],"max_hp_gain":0,"max_hp_loss":0,"event_name":"The Mausoleum","floor":19,"gold_loss":0},{"damage_healed":0,"gold_gain":0,"player_choice":"Fight","damage_taken":0,"max_hp_gain":0,"max_hp_loss":0,"event_name":"Colosseum","floor":20,"gold_loss":0},{"damage_healed":0,"gold_gain":0,"player_choice":"Fought Nobs","damage_taken":0,"max_hp_gain":0,"max_hp_loss":0,"event_name":"Colosseum","floor":20,"gold_loss":0},{"damage_healed":0,"gold_gain":0,"player_choice":"Fought Bandits","damage_taken":0,"max_hp_gain":0,"max_hp_loss":0,"event_name":"Masked Bandits","floor":27,"gold_loss":0}],"is_beta":false,"boss_relics":[{"not_picked":["Tiny House","Empty Cage"],"picked":"Nuclear Battery"}],"items_purged_floors":[],"is_endless":false,"potions_floor_spawned":[2,3,13,14,18,20,24,25],"killed_by":"Masked Bandits","ascension_level":0}