{"gold_per_floor":[367,542,15,15,31,64,139,39,62,62,88,17,34,59,59,157,157,173,190,190,24,36,36],"floor_reached":23,"playtime":917,"items_purged":["Writhe","Doubt"],"score":321,"play_id":"b4d7938d-f7d8-4be0-aefb-7617da4dcb90","local_time":"20190209225001","is_ascension_mode":true,"campfire_choices":[{"floor":10,"key":"REST"},{"data":"Mayhem","floor":15,"key":"SMITH"}],"neow_cost":"CURSE","seed_source_timestamp":478448954309843,"circlet_count":0,"master_deck":["AscendersBane","Strike_R","Strike_R","Strike_R","Strike_R","Strike_R","Defend_R","Defend_R","Defend_R","Defend_R","Bash","Rampage","Mayhem+1","Shrug It Off","Thunderclap","Spot Weakness+1","Shrug It Off+1","True Grit+1","Sentinel+1","Secret Weapon+1","Seeing Red+1"],"relics":["Burning Blood","Kunai","Toxic Egg 2","Blood Vial","Blue Candle","Art of War","Mark of Pain","Smiling Mask"],"potions_floor_usage":[11,11,16,22],"damage_taken":[{"damage":11,"enemies":"Cultist","floor":1,"turns":4},{"damage":18,"enemies":"Jaw Worm","floor":5,"turns":4},{"damage":30,"enemies":"Lagavulin","floor":6,"turns":10},{"damage":38,"enemies":"3 Sentries","floor":11,"turns":10},{"damage":1,"enemies":"2 Louse","floor":13,"turns":3},{"damage":14,"enemies":"Gremlin Nob","floor":14,"turns":4},{"damage":5,"enemies":"Hexaghost","floor":16,"turns":9},{"damage":14,"enemies":"Chosen","floor":18,"turns":6},{"damage":37,"enemies":"2 Thieves","floor":19,"turns":5},{"damage":14,"enemies":"Snecko","floor":22,"turns":7},{"damage":31,"enemies":"Book of Stabbing","floor":23,"turns":4}],"seed_played":"8012355690847598404","potions_obtained":[{"floor":5,"key":"Strength Potion"},{"floor":6,"key":"GamblersBrew"},{"floor":14,"key":"PowerPotion"},{"floor":18,"key":"FearPotion"},{"floor":19,"key":"Ancient Potion"}],"is_trial":false,"path_per_floor":["M","?","$","?","M","E","?","$","T","R","E","$","M","E","R","B",null,"M","M","T","$","M","E"],"character_chosen":"IRONCLAD","items_purchased":["Kunai","Mayhem","Spot Weakness+1","Secret Weapon+1"],"campfire_rested":1,"item_purchase_floors":[3,3,12,21],"current_hp_per_floor":[67,67,67,67,55,31,20,20,20,44,14,14,21,15,15,18,65,59,30,30,30,24,0],"gold":36,"neow_bonus":"TWO_FIFTY_GOLD","is_prod":false,"is_daily":false,"chose_seed":false,"campfire_upgraded":1,"win_rate":0,"timestamp":1549745401,"path_taken":["M","?","$","?","M","E","?","$","T","R","E","?","M","E","R","BOSS","M","?","?","$","M","E"],"build_version":"2019-01-23","purchased_purges":2,"victory":false,"max_hp_per_floor":[80,80,80,80,80,80,80,80,80,80,80,80,80,80,80,80,80,80,80,80,80,80,80],"card_choices":[{"not_picked":["Rage","Wild Strike"],"picked":"Rampage","floor":1},{"not_picked":["Anger","Ghostly Armor"],"picked":"Shrug It Off","floor":5},{"not_picked":["Pummel","Searing Blow","Clothesline"],"picked":"SKIP","floor":6},{"not_picked":["Dual Wield+1","Rampage"],"picked":"Thunderclap","floor":11},{"not_picked":["Pommel Strike","Warcry+1"],"picked":"Shrug It Off+1","floor":13},{"not_picked":["Seeing Red+1","Shockwave+1"],"picked":"True Grit+1","floor":14},{"not_picked":["Uppercut","Combust","Thunderclap+1"],"picked":"SKIP","floor":18},{"not_picked":["Headbutt","Bloodletting+1"],"picked":"Sentinel+1","floor":19},{"not_picked":["Perfected Strike","Feel No Pain"],"picked":"Seeing Red+1","floor":22}],"player_experience":179088,"relics_obtained":[{"floor":6,"key":"Toxic Egg 2"},{"floor":9,"key":"Blood Vial"},{"floor":11,"key":"Blue Candle"},{"floor":14,"key":"Art of War"},{"floor":20,"key":"Smiling Mask"}],"event_choices":[{"damage_healed":0,"gold_gain":175,"player_choice":"AGREE","damage_taken":0,"max_hp_gain":0,"max_hp_loss":0,"event_name":"Liars Game","floor":2,"gold_loss":0,"cards_obtained":["Doubt"]},{"damage_healed":0,"gold_gain":0,"player_choice":"Leave","damage_taken":0,"max_hp_gain":0,"max_hp_loss":0,"event_name":"The Cleric","floor":4,"gold_loss":0},{"damage_healed":0,"gold_gain":75,"player_choice":"Gather Gold","damage_taken":11,"max_hp_gain":0,"max_hp_loss":0,"event_name":"World of Goop","floor":7,"gold_loss":0}],"is_beta":false,"boss_relics":[{"not_picked":["Busted Crown","Runic Cube"],"picked":"Mark of Pain"}],"items_purged_floors":[3,8],"is_endless":false,"potions_floor_spawned":[5,6,14,18,19],"killed_by":"Book of Stabbing","ascension_level":11}