{"gold_per_floor":[112,41,61,73,83,108,127,182,182,182,208,208,208,225,225,225],"floor_reached":16,"playtime":798,"items_purged":[],"score":146,"play_id":"426cbb0a-c584-4501-85f2-85a7ca2385d2","local_time":"20190126143135","is_ascension_mode":true,"campfire_choices":[{"data":"Limit Break","floor":13,"key":"SMITH"},{"data":"Whirlwind","floor":15,"key":"SMITH"}],"neow_cost":"NONE","seed_source_timestamp":136879551171148,"circlet_count":0,"master_deck":["Strike_R","Strike_R","Strike_R","Strike_R","Defend_R","Defend_R","Defend_R","Defend_R","Bash","Inflame","Whirlwind+1","Armaments","True Grit","Limit Break+1","Iron Wave","Havoc"],"relics":["Burning Blood","Bottled Tornado","Meat on the Bone","Gremlin Horn","Paper Frog","Matryoshka"],"potions_floor_usage":[6,11,16],"damage_taken":[{"damage":1,"enemies":"Cultist","floor":1,"turns":3},{"damage":4,"enemies":"Jaw Worm","floor":3,"turns":4},{"damage":0,"enemies":"Small Slimes","floor":4,"turns":2},{"damage":11,"enemies":"Exordium Wildlife","floor":5,"turns":5},{"damage":33,"enemies":"Lagavulin","floor":6,"turns":4},{"damage":19,"enemies":"Red Slaver","floor":7,"turns":5},{"damage":20,"enemies":"3 Sentries","floor":8,"turns":4},{"damage":17,"enemies":"3 Sentries","floor":11,"turns":8},{"damage":19,"enemies":"Large Slime","floor":14,"turns":4},{"damage":27,"enemies":"Hexaghost","floor":16,"turns":10}],"seed_played":"281298891226681489","potions_obtained":[{"floor":1,"key":"AttackPotion"},{"floor":7,"key":"AttackPotion"},{"floor":11,"key":"Poison Potion"}],"is_trial":false,"path_per_floor":["M","$","M","M","M","E","M","?","T","?","E","?","R","M","R","B"],"character_chosen":"IRONCLAD","items_purchased":["Whirlwind"],"campfire_rested":0,"item_purchase_floors":[2],"current_hp_per_floor":[85,85,87,88,83,56,43,29,29,22,23,23,23,22,22,0],"gold":225,"neow_bonus":"TEN_PERCENT_HP_BONUS","is_prod":false,"is_daily":false,"chose_seed":false,"campfire_upgraded":2,"win_rate":0,"timestamp":1548505895,"path_taken":["M","$","M","M","M","E","M","?","T","?","E","?","R","?","R","BOSS"],"build_version":"2019-01-23","purchased_purges":0,"victory":false,"max_hp_per_floor":[88,88,88,88,88,88,88,88,88,88,88,88,88,88,88,88],"card_choices":[{"not_picked":["Warcry","Clash"],"picked":"Inflame","floor":1},{"not_picked":["Headbutt","Rupture"],"picked":"Armaments","floor":3},{"not_picked":["Sword Boomerang","Clothesline","Perfected Strike"],"picked":"SKIP","floor":4},{"not_picked":["Anger","Fire Breathing"],"picked":"True Grit","floor":5},{"not_picked":["Clothesline","Wild Strike"],"picked":"Limit Break","floor":6},{"not_picked":["Hemokinesis","Thunderclap"],"picked":"Iron Wave","floor":7},{"not_picked":["Rage","Whirlwind"],"picked":"Havoc","floor":11},{"not_picked":["Rage","Evolve","Perfected Strike"],"picked":"SKIP","floor":14}],"player_experience":137088,"relics_obtained":[{"floor":6,"key":"Bottled Tornado"},{"floor":8,"key":"Meat on the Bone"},{"floor":9,"key":"Gremlin Horn"},{"floor":11,"key":"Matryoshka"}],"event_choices":[{"damage_healed":0,"gold_gain":0,"player_choice":"Searched \u00271\u0027 times","damage_taken":0,"max_hp_gain":0,"max_hp_loss":0,"event_name":"Dead Adventurer","floor":8,"gold_loss":0},{"damage_healed":0,"gold_gain":0,"player_choice":"Success","damage_taken":7,"relics_obtained":["Paper Frog"],"max_hp_gain":0,"max_hp_loss":0,"event_name":"Scrap Ooze","floor":10,"gold_loss":0},{"cards_removed":["Strike_R"],"damage_healed":0,"gold_gain":0,"player_choice":"Forget","damage_taken":0,"max_hp_gain":0,"max_hp_loss":0,"event_name":"Living Wall","floor":12,"gold_loss":0}],"is_beta":false,"boss_relics":[],"items_purged_floors":[],"is_endless":false,"potions_floor_spawned":[1,7,11],"killed_by":"Hexaghost","ascension_level":6}