{"gold_per_floor":[13,13,13,29,49,77,77,77,77,104,29,63,63,74,74,175,175,188,113,126,126,140,165,165,199,269,298,298,298,324,324],"floor_reached":31,"playtime":1468,"items_purged":["Strike_R"],"score":477,"play_id":"9f65cd08-3152-461c-b21a-747c87982f1a","local_time":"20190129213817","is_ascension_mode":true,"campfire_choices":[{"data":"Juggernaut","floor":7,"key":"SMITH"},{"data":"Entrench","floor":13,"key":"SMITH"},{"data":"Metallicize","floor":15,"key":"SMITH"},{"data":"Armaments","floor":24,"key":"SMITH"},{"floor":28,"key":"REST"}],"neow_cost":"NO_GOLD","seed_source_timestamp":206768069575345,"circlet_count":0,"master_deck":["Strike_R+1","Strike_R+1","Defend_R+1","Defend_R+1","Defend_R+1","Defend_R+1","Bash+1","Juggernaut+1","Ghostly Armor","Metallicize+1","Thunderclap+1","Shrug It Off","Entrench+1","Offering","Battle Trance","Armaments+1","Sentinel","Dual Wield","Necronomicurse","Spot Weakness+1"],"relics":["Burning Blood","Kunai","PreservedInsect","Dodecahedron","Blood Vial","Magic Flower","Black Star","Lantern","Dead Branch","Orichalcum","Boot","Gremlin Horn","Potion Belt","Pear","Necronomicon","Vajra","Whetstone"],"potions_floor_usage":[18,23,27],"damage_taken":[{"damage":13,"enemies":"Jaw Worm","floor":1,"turns":5},{"damage":21,"enemies":"Small Slimes","floor":4,"turns":4},{"damage":0,"enemies":"2 Louse","floor":5,"turns":4},{"damage":19,"enemies":"Lagavulin","floor":6,"turns":7},{"damage":24,"enemies":"3 Sentries","floor":10,"turns":6},{"damage":13,"enemies":"Gremlin Nob","floor":12,"turns":4},{"damage":3,"enemies":"Looter","floor":14,"turns":4},{"damage":4,"enemies":"Hexaghost","floor":16,"turns":11},{"damage":15,"enemies":"3 Byrds","floor":18,"turns":6},{"damage":7,"enemies":"Shell Parasite","floor":20,"turns":7},{"damage":10,"enemies":"Cultist and Chosen","floor":22,"turns":8},{"damage":18,"enemies":"Book of Stabbing","floor":23,"turns":7},{"damage":61,"enemies":"Gremlin Leader","floor":25,"turns":9},{"damage":19,"enemies":"Book of Stabbing","floor":27,"turns":5},{"damage":18,"enemies":"Slavers","floor":30,"turns":5},{"damage":30,"enemies":"Snecko","floor":31,"turns":6}],"seed_played":"2321041340996167267","potions_obtained":[{"floor":1,"key":"Block Potion"},{"floor":4,"key":"Dexterity Potion"},{"floor":10,"key":"SneckoOil"},{"floor":16,"key":"Strength Potion"},{"floor":22,"key":"LiquidBronze"},{"floor":27,"key":"Explosive Potion"}],"is_trial":false,"path_per_floor":["M","?","T","M","M","E","R","?","T","E","$","E","R","M","R","B",null,"M","?","M","?","M","E","R","E","T","E","R","?","E","M"],"character_chosen":"IRONCLAD","items_purchased":[],"campfire_rested":1,"item_purchase_floors":[],"current_hp_per_floor":[65,65,65,50,56,43,43,43,43,25,25,20,20,29,29,37,69,66,66,71,71,73,67,67,18,18,21,48,32,26,0],"gold":324,"neow_bonus":"THREE_RARE_CARDS","is_prod":false,"is_daily":false,"chose_seed":false,"campfire_upgraded":4,"win_rate":0,"timestamp":1548794297,"path_taken":["M","?","?","M","M","E","R","?","T","E","$","E","R","M","R","BOSS","M","?","M","?","M","E","R","E","T","E","R","?","E","M"],"build_version":"2019-01-23","purchased_purges":1,"victory":false,"max_hp_per_floor":[80,80,80,80,80,80,80,80,80,80,80,80,80,80,80,80,80,80,80,80,80,80,80,80,80,80,90,90,90,90,90],"card_choices":[{"not_picked":["Fiend Fire","Immolate"],"picked":"Juggernaut","floor":0},{"not_picked":["Searing Blow","Pommel Strike","Havoc"],"picked":"SKIP","floor":1},{"not_picked":["Anger","Flex"],"picked":"Ghostly Armor","floor":4},{"not_picked":["Flex","Clash"],"picked":"Metallicize","floor":5},{"not_picked":["Brutality","Corruption"],"picked":"Thunderclap","floor":6},{"not_picked":["Combust","Pommel Strike"],"picked":"Shrug It Off","floor":10},{"not_picked":["Reckless Charge","Rage"],"picked":"Entrench","floor":12},{"not_picked":["Havoc","Perfected Strike","Headbutt"],"picked":"SKIP","floor":14},{"not_picked":["Immolate","Brutality"],"picked":"Offering","floor":16},{"not_picked":["Heavy Blade+1","Wild Strike+1"],"picked":"Battle Trance","floor":18},{"not_picked":["Twin Strike","Battle Trance"],"picked":"Armaments","floor":20},{"not_picked":["Rage","Twin Strike","Clothesline"],"picked":"SKIP","floor":22},{"not_picked":["Uppercut","Dark Embrace"],"picked":"Sentinel","floor":23},{"not_picked":["Heavy Blade","Clash+1"],"picked":"Dual Wield","floor":25},{"not_picked":["Twin Strike","Flex","Sword Boomerang"],"picked":"SKIP","floor":27},{"not_picked":["Cleave+1","Sever Soul"],"picked":"Spot Weakness+1","floor":30}],"player_experience":158163,"relics_obtained":[{"floor":3,"key":"Kunai"},{"floor":6,"key":"PreservedInsect"},{"floor":9,"key":"Dodecahedron"},{"floor":10,"key":"Blood Vial"},{"floor":12,"key":"Magic Flower"},{"floor":23,"key":"Lantern"},{"floor":23,"key":"Dead Branch"},{"floor":25,"key":"Orichalcum"},{"floor":25,"key":"Boot"},{"floor":26,"key":"Gremlin Horn"},{"floor":27,"key":"Potion Belt"},{"floor":27,"key":"Pear"},{"floor":29,"key":"Necronomicon"},{"floor":30,"key":"Vajra"},{"floor":30,"key":"Whetstone"}],"event_choices":[{"damage_healed":0,"gold_gain":0,"player_choice":"Leave","damage_taken":0,"max_hp_gain":0,"max_hp_loss":0,"event_name":"The Cleric","floor":2,"gold_loss":0},{"cards_removed":["Strike_R"],"damage_healed":0,"gold_gain":0,"player_choice":"Forget","damage_taken":0,"max_hp_gain":0,"max_hp_loss":0,"event_name":"Living Wall","floor":8,"gold_loss":0},{"cards_removed":["Strike_R"],"damage_healed":0,"gold_gain":0,"player_choice":"Gave Gold","damage_taken":0,"max_hp_gain":0,"max_hp_loss":0,"event_name":"Beggar","floor":19,"gold_loss":75},{"damage_healed":0,"gold_gain":0,"player_choice":"Simplicity","damage_taken":0,"max_hp_gain":0,"max_hp_loss":0,"event_name":"Back to Basics","floor":21,"gold_loss":0,"cards_upgraded":["Strike_R","Strike_R","Defend_R","Defend_R","Defend_R","Defend_R"]},{"damage_healed":0,"gold_gain":0,"player_choice":"Obtained Book","damage_taken":16,"max_hp_gain":0,"max_hp_loss":0,"event_name":"Cursed Tome","floor":29,"gold_loss":0}],"is_beta":false,"boss_relics":[{"not_picked":["Tiny House","Philosopher\u0027s Stone"],"picked":"Black Star"}],"items_purged_floors":[11],"is_endless":false,"potions_floor_spawned":[1,4,10,12,16,22,27],"killed_by":"Snecko","ascension_level":9}