{"path_per_floor":["M","M","$","M","M","E","R","?","T","M","E","?","R","M","R","B",null,"M","M","?","M","$","R","M","$","T"],"character_chosen":"THE_SILENT","items_purchased":["Terror","Infinite Blades","Toolbox","Blur","Regen Potion"],"gold_per_floor":[112,132,51,63,82,109,109,109,133,151,179,279,279,289,289,393,393,404,418,418,428,139,139,150,109,109],"floor_reached":27,"campfire_rested":3,"playtime":2198,"current_hp_per_floor":[70,68,68,67,64,46,46,46,46,32,22,22,43,38,59,37,70,45,45,36,22,22,44,1,1,1],"items_purged":[],"gold":109,"play_id":"e54ed876-1d83-4e23-83b2-c0f22ed0dd2a","is_prod":false,"is_daily":false,"campfire_rituals":0,"campfire_upgraded":1,"is_hardmode":false,"path_taken":["M","M","$","M","M","E","R","?","T","M","E","?","R","?","R","BOSS","M","?","?","M","?","R","M","$","T","M"],"build_version":"2018-01-11-PROD1","purchased_purges":0,"victory":false,"master_deck":["Defend_G","Defend_G","Defend_G","Defend_G","Defend_G","Strike_G","Strike_G","Strike_G","Strike_G","Strike_G","Survivor","Neutralize","Noxious Fumes","Sucker Punch","Cloak And Dagger","Terror","Accuracy","Blade Dance","Cloak And Dagger","Dagger Spray","Storm of Steel","Acrobatics","A Thousand Cuts","Blur","Cloak And Dagger","Blade Dance","Infinite Blades","Blur","Backstab"],"max_hp_per_floor":[70,70,70,70,70,70,70,70,70,70,70,70,70,70,70,70,70,70,70,75,75,75,75,75,75,75],"relics":["Ring of the Snake","Bag of Preparation","Art of War","The Courier","Question Card","Toolbox","Toxic Egg"],"campfire_meditates":0,"card_choices":[{"not_picked":["Acrobatics","Slice"],"picked":"Noxious Fumes"},{"not_picked":["Heel Hook","Phantasmal Killer"],"picked":"Sucker Punch"},{"not_picked":["Bane","Slice"],"picked":"Cloak And Dagger"},{"not_picked":["Distraction","Riddle With Holes"],"picked":"Accuracy"},{"not_picked":["Catalyst","Reflex"],"picked":"Blade Dance"},{"not_picked":["Escape Plan","Skewer"],"picked":"Cloak And Dagger"},{"not_picked":["Quick Slash","Terror"],"picked":"Dagger Spray"},{"not_picked":["Backflip","Slice"],"picked":"Storm of Steel"},{"not_picked":["Dodge and Roll","Catalyst"],"picked":"Acrobatics"},{"not_picked":["Burst","Die Die Die"],"picked":"A Thousand Cuts"},{"not_picked":["PiercingWail","Choke","Acrobatics"],"picked":"Blur"},{"not_picked":["Sucker Punch","Dagger Spray","Slice"],"picked":"Cloak And Dagger"},{"not_picked":["Poisoned Stab","Bane","Malaise"],"picked":"Blade Dance"},{"not_picked":["Dash","Flying Knee","Night Terror"],"picked":"Backstab"}],"player_experience":46694,"potions_floor_usage":[6,18,21,27],"damage_taken":[{"damage":0,"enemies":"Cultist","floor":1,"turns":5},{"damage":2,"enemies":"Small Slimes","floor":2,"turns":4},{"damage":1,"enemies":"Blue Slaver","floor":4,"turns":5},{"damage":3,"enemies":"Large Slime","floor":5,"turns":8},{"damage":18,"enemies":"Gremlin Nob","floor":6,"turns":5},{"damage":14,"enemies":"Red Slaver","floor":10,"turns":4},{"damage":10,"enemies":"3 Sentries","floor":11,"turns":6},{"damage":5,"enemies":"Gremlin Gang","floor":14,"turns":2},{"damage":22,"enemies":"Hexaghost","floor":16,"turns":8},{"damage":25,"enemies":"Chosen","floor":18,"turns":5},{"damage":0,"enemies":"3 Byrds","floor":19,"turns":2},{"damage":14,"enemies":"Centurion and Healer","floor":21,"turns":5},{"damage":43,"enemies":"Chosen and Byrds","floor":24,"turns":7},{"damage":5,"enemies":"Snake Plant","floor":27,"turns":1}],"event_choices":[{"event_name":"Living Wall","player_choice":"Grow","floor":8,"damage_taken":0},{"event_name":"Wheel of Change","player_choice":"Gold","floor":12,"damage_taken":0},{"event_name":"Forgotten Altar","player_choice":"Shed Blood","floor":20,"damage_taken":0}],"boss_relics":[{"not_picked":["Cursed Key","The Specimen"],"picked":"Question Card"}],"potions_floor_spawned":[1,4,11,21],"seed_played":"-2404089603020449157","killed_by":"Snake Plant","is_trial":false}