{"path_per_floor":["M","?","?","M","?","E","R","M","T","M","E","?","M","M","R","B",null,"M","$","M","M","$"],"character_chosen":"THE_SILENT","items_purchased":["Kunai","Thread and Needle","Sucker Punch"],"gold_per_floor":[118,118,193,208,173,199,199,215,215,228,254,429,446,462,462,557,557,575,35,54,74,48],"floor_reached":23,"campfire_rested":1,"playtime":2039,"current_hp_per_floor":[69,74,63,55,73,42,42,42,42,42,16,16,9,2,39,12,75,41,41,37,2,2],"items_purged":[],"gold":48,"play_id":"8cdabf7e-77d3-41dc-958a-09bd24bed107","is_prod":false,"is_daily":false,"is_ascension_mode":false,"campfire_upgraded":1,"path_taken":["M","?","?","M","?","E","R","M","T","?","E","?","M","M","R","BOSS","M","$","M","M","$","E"],"build_version":"2018-02-01-PROD3","purchased_purges":0,"victory":false,"master_deck":["Defend_G","Defend_G","Defend_G","Defend_G","Defend_G","Strike_G","Strike_G","Strike_G","Strike_G","Strike_G","Survivor","Neutralize","Flying Knee","Poisoned Stab+1","PiercingWail","Crippling Poison","Choke","Terror","Doubt","Outmaneuver","Outmaneuver","Storm of Steel","Finisher","Predator","Slice","Quick Slash","Leg Sweep","Poisoned Stab","Outmaneuver","Poisoned Stab","Sucker Punch"],"max_hp_per_floor":[70,75,75,75,75,75,75,75,75,75,75,75,75,75,75,75,75,75,75,75,75,75],"relics":["Ring of the Snake","Regal Pillow","Anchor","Toolbox","Orrery","Kunai","Thread and Needle"],"card_choices":[{"not_picked":["Prepared","Caltrops"],"picked":"Flying Knee"},{"not_picked":["Bouncing Flask","Caltrops"],"picked":"Poisoned Stab"},{"not_picked":["Underhanded Strike","Wraith Form"],"picked":"PiercingWail"},{"not_picked":["Calculated Gamble","Underhanded Strike"],"picked":"Crippling Poison"},{"not_picked":["Footwork","Eviscerate"],"picked":"Choke"},{"not_picked":["Deadly Poison","Tools of the Trade"],"picked":"Terror"},{"not_picked":["Heel Hook","Distraction"],"picked":"Outmaneuver"},{"not_picked":["Underhanded Strike","Blade Dance"],"picked":"Outmaneuver"},{"not_picked":["Phantasmal Killer","A Thousand Cuts"],"picked":"Storm of Steel"},{"not_picked":["Distraction","Deadly Poison"],"picked":"Finisher"},{"not_picked":["Quick Slash","PiercingWail"],"picked":"Predator"},{"not_picked":["Crippling Poison","Finisher"],"picked":"Slice"},{"not_picked":["Underhanded Strike","Prepared"],"picked":"Quick Slash"},{"not_picked":["Bane","Outmaneuver"],"picked":"Leg Sweep"},{"not_picked":["Quick Slash","Setup"],"picked":"Poisoned Stab"},{"not_picked":["Crippling Poison","Deadly Poison"],"picked":"Outmaneuver"},{"not_picked":["Adrenaline","Slice"],"picked":"Poisoned Stab"}],"player_experience":152441,"potions_floor_usage":[11,16,16,16,21,23,23],"damage_taken":[{"damage":1,"enemies":"Cultist","floor":1,"turns":4},{"damage":8,"enemies":"Jaw Worm","floor":4,"turns":3},{"damage":31,"enemies":"3 Sentries","floor":6,"turns":9},{"damage":0,"enemies":"Small Slimes","floor":8,"turns":3},{"damage":0,"enemies":"3 Louse","floor":10,"turns":3},{"damage":26,"enemies":"Lagavulin","floor":11,"turns":6},{"damage":7,"enemies":"Looter","floor":13,"turns":3},{"damage":7,"enemies":"Large Slime","floor":14,"turns":7},{"damage":27,"enemies":"The Guardian","floor":16,"turns":11},{"damage":34,"enemies":"Spheric Guardian","floor":18,"turns":6},{"damage":4,"enemies":"3 Byrds","floor":20,"turns":4},{"damage":35,"enemies":"Slaver and Parasite","floor":21,"turns":7},{"damage":14,"enemies":"Gremlin Leader","floor":23,"turns":6}],"event_choices":[{"event_name":"Big Fish","player_choice":"Donut","floor":2,"damage_taken":0},{"event_name":"World of Goop","player_choice":"Gather Gold","floor":3,"damage_taken":0},{"event_name":"The Cleric","player_choice":"Healed","floor":5,"damage_taken":0},{"event_name":"Liars Game","player_choice":"agreed","floor":12,"damage_taken":0}],"boss_relics":[{"not_picked":["Snecko Eye","White Beast Statue"],"picked":"Orrery"}],"potions_floor_spawned":[6,8,14,18,20,21],"seed_played":"7840763148888509053","killed_by":"Gremlin Leader","ascension_level":0,"is_trial":false}