{"gold_per_floor":[144,23,23,68,68,158,158,158,158,158,8,8,53,98,98,398,398,443,643,688,733,121,121,86,131,131,131],"floor_reached":27,"playtime":1228,"items_purged":["Reflex","Reflex"],"score":236,"play_id":"716798ce-9e48-47df-83ac-a0261ce4780c","local_time":"20190119181906","daily_mods":["Specialized","Time Dilation","Midas"],"is_ascension_mode":false,"campfire_choices":[{"floor":8,"key":"REST"},{"floor":10,"key":"REST"},{"floor":15,"key":"REST"},{"floor":23,"key":"REST"}],"neow_cost":"","seed_source_timestamp":0,"circlet_count":0,"master_deck":["Defend_G","Defend_G","Defend_G","Defend_G","Defend_G","Strike_G","Strike_G","Strike_G","Strike_G","Strike_G","Survivor","Neutralize","Reflex","Reflex","Reflex","Noxious Fumes","Deadly Poison","Decay","Terror","Deflect","Backflip","Dodge and Roll","Corpse Explosion","Footwork","Skewer+1","Dodge and Roll","Deflect","Skewer","Dodge and Roll","Caltrops","PiercingWail"],"special_seed":17915,"relics":["Ring of the Serpent","Bag of Marbles","Blue Candle","Boot","Oddly Smooth Stone","PrismaticShard","Gremlin Horn"],"potions_floor_usage":[16,21,27,27],"damage_taken":[{"damage":1,"enemies":"Cultist","floor":1,"turns":5},{"damage":7,"enemies":"Jaw Worm","floor":4,"turns":4},{"damage":53,"enemies":"Gremlin Nob","floor":6,"turns":6},{"damage":1,"enemies":"2 Louse","floor":13,"turns":3},{"damage":7,"enemies":"Blue Slaver","floor":14,"turns":4},{"damage":38,"enemies":"Hexaghost","floor":16,"turns":10},{"damage":32,"enemies":"3 Byrds","floor":18,"turns":5},{"damage":12,"enemies":"Spheric Guardian","floor":20,"turns":4},{"damage":27,"enemies":"Snecko","floor":21,"turns":4},{"damage":21,"enemies":"Sentry and Sphere","floor":25,"turns":6},{"damage":14,"enemies":"Snake Plant","floor":27,"turns":3}],"seed_played":"-5772269408916860050","potions_obtained":[{"floor":6,"key":"LiquidBronze"},{"floor":13,"key":"EssenceOfSteel"},{"floor":14,"key":"Regen Potion"},{"floor":20,"key":"LiquidBronze"},{"floor":21,"key":"Dexterity Potion"}],"is_trial":false,"path_per_floor":["M","$","?","M","?","E","?","R","T","R","$","?","M","M","R","B",null,"M","?","M","M","$","R","$","M","T","M"],"character_chosen":"THE_SILENT","items_purchased":["Deadly Poison","Boot","Oddly Smooth Stone","PrismaticShard","Deflect","Skewer","Dodge and Roll","Caltrops"],"campfire_rested":4,"item_purchase_floors":[2,11,22,22,22,22,22,24],"current_hp_per_floor":[69,69,69,62,67,14,14,36,36,58,58,58,57,50,72,34,75,43,43,31,13,13,35,35,14,14,0],"gold":131,"neow_bonus":"","is_prod":false,"is_daily":true,"chose_seed":false,"campfire_upgraded":0,"win_rate":0,"timestamp":1547914746,"path_taken":["M","?","?","?","?","E","?","R","T","R","$","?","M","M","R","BOSS","M","?","M","M","?","R","$","?","T","M"],"build_version":"2019-01-17v2","purchased_purges":2,"victory":false,"max_hp_per_floor":[70,70,70,70,75,75,75,75,75,75,75,75,75,75,75,75,75,75,75,75,75,75,75,75,75,75,75],"card_choices":[{"not_picked":["Choke","Masterful Stab"],"picked":"Noxious Fumes","floor":1},{"not_picked":["Infinite Blades","Acrobatics"],"picked":"Terror","floor":4},{"not_picked":["Leg Sweep","Well Laid Plans"],"picked":"Deflect","floor":6},{"not_picked":["Dagger Spray","Endless Agony"],"picked":"Backflip","floor":13},{"not_picked":["Dagger Spray","Deflect"],"picked":"Dodge and Roll","floor":14},{"not_picked":["Die Die Die","Venomology"],"picked":"Corpse Explosion","floor":16},{"not_picked":["Dodge and Roll","Bane"],"picked":"Footwork","floor":18},{"not_picked":["Accuracy","Crippling Poison"],"picked":"Skewer+1","floor":20},{"not_picked":["Dagger Spray","Tactician"],"picked":"Dodge and Roll","floor":21},{"not_picked":["Blur","Gash"],"picked":"PiercingWail","floor":25}],"player_experience":77968,"relics_obtained":[{"floor":6,"key":"Bag of Marbles"},{"floor":9,"key":"Blue Candle"},{"floor":26,"key":"Gremlin Horn"}],"event_choices":[{"damage_healed":0,"gold_gain":0,"player_choice":"Cursed","damage_taken":0,"max_hp_gain":0,"max_hp_loss":0,"event_name":"Wheel of Change","floor":3,"gold_loss":0,"cards_obtained":["Decay"]},{"damage_healed":0,"gold_gain":0,"player_choice":"Donut","damage_taken":0,"max_hp_gain":5,"max_hp_loss":0,"event_name":"Big Fish","floor":5,"gold_loss":0},{"damage_healed":0,"gold_gain":0,"player_choice":"Ignored","damage_taken":0,"max_hp_gain":0,"max_hp_loss":0,"event_name":"Shining Light","floor":7,"gold_loss":0},{"damage_healed":0,"gold_gain":0,"player_choice":"Leave","damage_taken":0,"max_hp_gain":0,"max_hp_loss":0,"event_name":"The Cleric","floor":12,"gold_loss":0},{"damage_healed":0,"gold_gain":250,"player_choice":"Bet on Owner","damage_taken":0,"max_hp_gain":0,"max_hp_loss":0,"event_name":"The Joust","floor":19,"gold_loss":50}],"is_beta":false,"boss_relics":[{"not_picked":["Cursed Key","Empty Cage"],"picked":"Ring of the Serpent"}],"items_purged_floors":[2,22],"is_endless":false,"potions_floor_spawned":[1,6,13,14,20,21],"killed_by":"Snake Plant","ascension_level":0}