{"path_per_floor":["M","M","?","?","?","R","M","E","T","R","M","M","R","$","R","B",null,"M","?","M","M","?","R","?","R","T","M","M","M","R","M","R","B",null,"M","M","?","M","$","R","M","?","T","?","M","M","R","$","R"],"character_chosen":"IRONCLAD","items_purchased":["Orichalcum","Lantern","Whetstone","Bronze Scales"],"gold_per_floor":[119,130,130,130,205,205,217,245,325,325,338,349,349,120,120,225,225,242,242,260,274,274,274,189,189,189,202,218,238,238,250,250,349,349,362,382,382,397,204,204,219,219,219,319,337,350,350,6,6,6],"floor_reached":50,"campfire_rested":1,"playtime":1483,"current_hp_per_floor":[72,72,77,77,66,66,72,46,46,46,52,51,51,51,51,57,72,77,77,77,76,62,62,62,62,62,68,70,72,72,77,77,65,78,80,59,59,52,52,52,38,38,38,38,40,39,63,63,63,0],"items_purged":["Defend_R","Bash","Strike_R"],"gold":6,"score":782,"play_id":"4a592f52-498e-43ec-b8be-564d4439e03a","local_time":"20180521045853","is_prod":false,"is_daily":false,"chose_seed":false,"is_ascension_mode":true,"campfire_upgraded":10,"timestamp":1526871533,"campfire_choices":[{"data":"Iron Wave","floor":6,"key":"SMITH"},{"data":"Flex","floor":10,"key":"SMITH"},{"data":"Sword Boomerang","floor":13,"key":"SMITH"},{"data":"Sword Boomerang","floor":15,"key":"SMITH"},{"data":"Offering","floor":23,"key":"SMITH"},{"data":"Pommel Strike","floor":25,"key":"SMITH"},{"data":"Flex","floor":30,"key":"SMITH"},{"data":"Pommel Strike","floor":32,"key":"SMITH"},{"data":"Heavy Blade","floor":40,"key":"SMITH"},{"floor":47,"key":"REST"},{"data":"Shockwave","floor":49,"key":"SMITH"}],"path_taken":["M","M","?","?","?","R","M","E","T","R","?","M","R","?","R","BOSS","M","?","M","M","?","R","?","R","T","?","?","M","R","M","R","BOSS","M","M","?","M","$","R","M","?","T","?","?","M","R","$","R","BOSS"],"build_version":"2018-05-17","seed_source_timestamp":113077676441251,"purchased_purges":3,"victory":false,"master_deck":["Strike_R+1","Strike_R","Strike_R+1","AscendersBane","Shockwave+1","Iron Wave+1","Sword Boomerang+1","Pommel Strike+1","Headbutt","Sword Boomerang+1","Flex+1","Offering+1","Flex+1","Pommel Strike+1","Heavy Blade+1","Heavy Blade+1","Cleave+1","Rage+1"],"max_hp_per_floor":[72,72,77,77,77,77,77,77,77,77,77,77,77,77,77,77,77,77,77,77,77,82,82,82,82,82,82,82,82,82,82,82,82,82,82,82,82,82,82,82,82,82,82,82,82,82,82,82,82,82],"relics":["Burning Blood","Art of War","Blue Candle","Orichalcum","Runic Dome","Vajra","Smiling Mask","Runic Cube","Lantern","Kunai","Whetstone","Bronze Scales"],"card_choices":[{"not_picked":["Blood for Blood","Clothesline"],"picked":"Sword Boomerang","floor":1},{"not_picked":["Body Slam","Battle Trance"],"picked":"Pommel Strike","floor":2},{"not_picked":["Pommel Strike","Uppercut"],"picked":"Sword Boomerang","floor":7},{"not_picked":["Sever Soul","Warcry"],"picked":"Flex","floor":8},{"not_picked":["Rupture","Combust","Hemokinesis"],"picked":"SKIP","floor":11},{"not_picked":["Anger","Havoc","Entrench"],"picked":"SKIP","floor":12},{"not_picked":["Impervious","Double Tap"],"picked":"Offering","floor":16},{"not_picked":["Wild Strike","Havoc","True Grit+1"],"picked":"SKIP","floor":18},{"not_picked":["Ghostly Armor+1","Metallicize","Armaments+1"],"picked":"SKIP","floor":20},{"not_picked":["Rupture+1","True Grit","Clash"],"picked":"SKIP","floor":21},{"not_picked":["Heavy Blade","Shrug It Off"],"picked":"Flex","floor":27},{"not_picked":["Shrug It Off+1","Berserk"],"picked":"Pommel Strike","floor":28},{"not_picked":["Warcry+1","Anger"],"picked":"Heavy Blade","floor":29},{"not_picked":["Pommel Strike","Rage+1"],"picked":"Heavy Blade+1","floor":31},{"not_picked":["Wild Strike","Thunderclap"],"picked":"Cleave+1","floor":35},{"not_picked":["Heavy Blade","Clash","Seeing Red"],"picked":"SKIP","floor":36},{"not_picked":["Havoc+1","Flame Barrier+1"],"picked":"Rage+1","floor":38},{"not_picked":["Sentinel","Wild Strike+1","Bludgeon"],"picked":"SKIP","floor":41},{"not_picked":["Inflame+1","Dual Wield","Clothesline+1"],"picked":"SKIP","floor":45},{"not_picked":["Iron Wave+1","Body Slam","Bludgeon"],"picked":"SKIP","floor":46}],"player_experience":153112,"potions_floor_usage":[33,50,50,50],"damage_taken":[{"damage":2,"enemies":"Jaw Worm","floor":1,"turns":5},{"damage":0,"enemies":"2 Louse","floor":2,"turns":2},{"damage":0,"enemies":"Cultist","floor":7,"turns":2},{"damage":32,"enemies":"Gremlin Nob","floor":8,"turns":4},{"damage":0,"enemies":"2 Fungi Beasts","floor":11,"turns":2},{"damage":7,"enemies":"3 Louse","floor":12,"turns":2},{"damage":0,"enemies":"Slime Boss","floor":16,"turns":5},{"damage":0,"enemies":"Spheric Guardian","floor":18,"turns":2},{"damage":4,"enemies":"3 Byrds","floor":20,"turns":2},{"damage":7,"enemies":"Snecko","floor":21,"turns":3},{"damage":0,"enemies":"3 Cultists","floor":27,"turns":3},{"damage":4,"enemies":"Snake Plant","floor":28,"turns":1},{"damage":4,"enemies":"Cultist and Chosen","floor":29,"turns":2},{"damage":1,"enemies":"Snecko","floor":31,"turns":3},{"damage":18,"enemies":"Collector","floor":33,"turns":3},{"damage":4,"enemies":"Orb Walker","floor":35,"turns":1},{"damage":27,"enemies":"3 Darklings","floor":36,"turns":3},{"damage":13,"enemies":"Sphere and 2 Shapes","floor":38,"turns":2},{"damage":20,"enemies":"Maw","floor":41,"turns":3},{"damage":4,"enemies":"4 Shapes","floor":45,"turns":1},{"damage":7,"enemies":"3 Darklings","floor":46,"turns":2},{"damage":71,"enemies":"Time Eater","floor":50,"turns":4}],"relics_obtained":[{"floor":8,"key":"Art of War"},{"floor":9,"key":"Blue Candle"},{"floor":26,"key":"Smiling Mask"},{"floor":43,"key":"Kunai"}],"event_choices":[{"event_name":"Big Fish","player_choice":"Donut","floor":3,"damage_taken":0},{"event_name":"Transmorgrifier","player_choice":"Transform","floor":4,"damage_taken":0},{"event_name":"World of Goop","player_choice":"Gather Gold","floor":5,"damage_taken":0},{"event_name":"Bonfire Elementals","player_choice":"BASIC","floor":19,"damage_taken":0},{"event_name":"Forgotten Altar","player_choice":"Shed Blood","floor":22,"damage_taken":0},{"event_name":"Addict","player_choice":"Obtained Relic","floor":24,"damage_taken":0},{"event_name":"Tomb of Lord Red Mask","player_choice":"Ignored","floor":37,"damage_taken":0},{"event_name":"Mysterious Sphere","player_choice":"Ignore","floor":42,"damage_taken":0},{"event_name":"Golden Shrine","player_choice":"Pray","floor":44,"damage_taken":0}],"boss_relics":[{"not_picked":["Mark of Pain","Runic Pyramid"],"picked":"Runic Dome"},{"not_picked":["Tiny House","Black Blood"],"picked":"Runic Cube"}],"potions_floor_spawned":[1,8,11,18,20,31,33,35,38,46],"seed_played":"6206744797719956596","killed_by":"Time Eater","ascension_level":10,"potions_obtained":[{"floor":1,"key":"Explosive Potion"},{"floor":8,"key":"Dexterity Potion"},{"floor":11,"key":"LiquidBronze"},{"floor":18,"key":"GamblersBrew"},{"floor":31,"key":"Ancient Potion"},{"floor":33,"key":"SteroidPotion"},{"floor":35,"key":"GamblersBrew"}],"is_trial":false}