{"gold_per_floor":[115,115,126,72,84,84,116,136,136,148,98,98,98,126,126,126],"floor_reached":16,"playtime":625,"items_purged":[],"score":216,"play_id":"10039b29-3e5b-404f-a50d-ce198b3bb9ff","local_time":"20190217002522","is_ascension_mode":true,"campfire_choices":[{"data":"Body Slam","floor":6,"key":"SMITH"},{"data":"Whirlwind","floor":15,"key":"SMITH"}],"neow_cost":"NONE","seed_source_timestamp":709624828643785,"circlet_count":0,"master_deck":["AscendersBane","Strike_R","Defend_R+1","Defend_R","Defend_R","Defend_R+1","Bash","True Grit","Flame Barrier","Body Slam+1","Thunderclap","Headbutt","True Grit","Clash","Whirlwind+1"],"relics":["Burning Blood","Omamori","War Paint","Shuriken","Lantern","Blood Vial"],"potions_floor_usage":[16],"damage_taken":[{"damage":7,"enemies":"Small Slimes","floor":1,"turns":3},{"damage":7,"enemies":"Jaw Worm","floor":3,"turns":3},{"damage":2,"enemies":"Cultist","floor":5,"turns":4},{"damage":22,"enemies":"3 Sentries","floor":7,"turns":12},{"damage":0,"enemies":"2 Fungi Beasts","floor":8,"turns":3},{"damage":14,"enemies":"Looter","floor":10,"turns":3},{"damage":0,"enemies":"Gremlin Nob","floor":14,"turns":3},{"damage":60,"enemies":"Hexaghost","floor":16,"turns":16}],"seed_played":"-8193950615662764690","potions_obtained":[{"floor":7,"key":"Energy Potion"},{"floor":8,"key":"EssenceOfSteel"}],"is_trial":false,"path_per_floor":["M","?","M","?","M","R","E","M","T","M","?","?","?","E","R","B"],"character_chosen":"IRONCLAD","items_purchased":[],"campfire_rested":0,"item_purchase_floors":[],"current_hp_per_floor":[71,71,70,70,74,74,58,64,64,56,56,49,49,55,55,0],"gold":126,"neow_bonus":"RANDOM_COMMON_RELIC","is_prod":false,"is_daily":false,"chose_seed":false,"campfire_upgraded":2,"win_rate":0,"timestamp":1550355922,"path_taken":["M","?","M","?","M","R","E","M","T","?","?","?","?","E","R","BOSS"],"build_version":"2019-01-23","purchased_purges":0,"victory":false,"max_hp_per_floor":[80,80,80,80,80,80,80,80,80,80,80,80,80,80,80,80],"card_choices":[{"not_picked":["Pommel Strike","Twin Strike"],"picked":"True Grit","floor":1},{"not_picked":["Headbutt","Warcry"],"picked":"Flame Barrier","floor":3},{"not_picked":["Seeing Red","Reckless Charge"],"picked":"Body Slam","floor":5},{"not_picked":["Anger","Second Wind"],"picked":"Thunderclap","floor":7},{"not_picked":["Pommel Strike","Wild Strike"],"picked":"Headbutt","floor":8},{"not_picked":["Pommel Strike","Flex"],"picked":"True Grit","floor":10},{"not_picked":["Twin Strike","Armaments"],"picked":"Whirlwind","floor":14}],"player_experience":192499,"relics_obtained":[{"floor":7,"key":"Shuriken"},{"floor":9,"key":"Lantern"},{"floor":14,"key":"Blood Vial"}],"event_choices":[{"cards_removed":["Strike_R"],"damage_healed":0,"gold_gain":0,"player_choice":"Forget","damage_taken":0,"max_hp_gain":0,"max_hp_loss":0,"event_name":"Living Wall","floor":2,"gold_loss":0},{"damage_healed":0,"gold_gain":0,"player_choice":"Paid Gold","damage_taken":0,"relics_obtained":["War Paint"],"max_hp_gain":0,"max_hp_loss":0,"event_name":"WeMeetAgain","floor":4,"gold_loss":54},{"cards_removed":["Strike_R"],"damage_healed":0,"gold_gain":0,"player_choice":"Card Removal","damage_taken":0,"max_hp_gain":0,"max_hp_loss":0,"event_name":"The Cleric","floor":11,"gold_loss":50},{"cards_removed":["Strike_R"],"damage_healed":0,"gold_gain":0,"player_choice":"Card Removal","damage_taken":7,"max_hp_gain":0,"max_hp_loss":0,"event_name":"Golden Wing","floor":12,"gold_loss":0},{"damage_healed":0,"gold_gain":0,"cards_transformed":["Strike_R"],"player_choice":"Transformed","damage_taken":0,"max_hp_gain":0,"max_hp_loss":0,"event_name":"Transmorgrifier","floor":13,"gold_loss":0,"cards_obtained":["Clash"]}],"is_beta":false,"boss_relics":[],"items_purged_floors":[],"is_endless":false,"potions_floor_spawned":[7,8],"killed_by":"Hexaghost","ascension_level":12}