{"gold_per_floor":[114,264,264,275,200,200,200,227,253,265,290,305,330,341,341,414,414,434,454,454,41,53,86,86,115,188,288,323,85,117,131,131,204,204,216,228,243,243,255,286,19,19,19,19,53,65,95,120,132,144],"floor_reached":51,"playtime":3459,"items_purged":["Strike_G","Strike_G"],"score":1739,"play_id":"2b79a888-0bee-40fb-a50d-d2e70e5ac9ec","local_time":"20190218005605","is_ascension_mode":true,"campfire_choices":[{"data":"Noxious Fumes","floor":6,"key":"SMITH"},{"floor":15,"key":"DIG"},{"floor":24,"key":"DIG"},{"floor":32,"key":"REST"},{"floor":42,"key":"DIG"},{"floor":44,"key":"DIG"},{"floor":46,"key":"DIG"},{"floor":49,"key":"DIG"}],"neow_cost":"NONE","seed_source_timestamp":388074064325800,"circlet_count":0,"master_deck":["AscendersBane","Defend_G","Defend_G","Defend_G","Defend_G","Defend_G","Strike_G","Strike_G","Survivor","Neutralize","Noxious Fumes+1","Leg Sweep","Poisoned Stab","Bane","PiercingWail+1","PiercingWail","Cloak And Dagger+1","Backflip","RitualDagger","Apotheosis","PiercingWail","Concentrate+1","Night Terror+1","Deflect+1","Cloak And Dagger+1","Blur+1","Calculated Gamble+1","Crippling Poison+1","After Image","Crippling Poison+1","Outmaneuver+1","PiercingWail+1","PiercingWail+1","Backflip+1","Footwork"],"relics":["Ring of the Snake","NeowsBlessing","Boot","Pantograph","Vajra","Shovel","Prayer Wheel","Bag of Preparation","Runic Pyramid","Medical Kit","Calipers","Singing Bowl","Toxic Egg 2","Gremlin Horn","Gambling Chip","Bottled Flame","War Paint","Orichalcum","Sozu","Happy Flower","Strawberry","Du-Vu Doll","Mummified Hand","Bag of Marbles","MawBank","Bottled Tornado","Letter Opener"],"potions_floor_usage":[11,13,13,23,27,27,28,30,33],"damage_taken":[{"damage":0,"enemies":"2 Louse","floor":1,"turns":1},{"damage":0,"enemies":"Jaw Worm","floor":4,"turns":1},{"damage":0,"enemies":"Lagavulin","floor":8,"turns":1},{"damage":0,"enemies":"Small Slimes","floor":10,"turns":3},{"damage":25,"enemies":"3 Sentries","floor":11,"turns":7},{"damage":0,"enemies":"2 Fungi Beasts","floor":12,"turns":4},{"damage":4,"enemies":"Gremlin Nob","floor":13,"turns":4},{"damage":2,"enemies":"Large Slime","floor":14,"turns":8},{"damage":6,"enemies":"Hexaghost","floor":16,"turns":11},{"damage":0,"enemies":"Chosen","floor":18,"turns":6},{"damage":1,"enemies":"Spheric Guardian","floor":19,"turns":5},{"damage":0,"enemies":"Snecko","floor":22,"turns":6},{"damage":7,"enemies":"Slavers","floor":23,"turns":7},{"damage":7,"enemies":"Gremlin Leader","floor":25,"turns":10},{"damage":19,"enemies":"Colosseum Slavers","floor":27,"turns":7},{"damage":8,"enemies":"Colosseum Nobs","floor":27,"turns":6},{"damage":2,"enemies":"Slavers","floor":28,"turns":7},{"damage":0,"enemies":"Book of Stabbing","floor":30,"turns":8},{"damage":0,"enemies":"3 Cultists","floor":31,"turns":5},{"damage":39,"enemies":"Champ","floor":33,"turns":16},{"damage":0,"enemies":"3 Shapes","floor":35,"turns":5},{"damage":0,"enemies":"Orb Walker","floor":36,"turns":3},{"damage":0,"enemies":"4 Shapes","floor":37,"turns":5},{"damage":0,"enemies":"3 Darklings","floor":39,"turns":6},{"damage":22,"enemies":"Reptomancer","floor":40,"turns":8},{"damage":0,"enemies":"Giant Head","floor":45,"turns":3},{"damage":3,"enemies":"Transient","floor":47,"turns":5},{"damage":0,"enemies":"Writhing Mass","floor":48,"turns":2},{"damage":5,"enemies":"Donu and Deca","floor":50,"turns":7}],"seed_played":"4915744447027464242","potions_obtained":[{"floor":1,"key":"Dexterity Potion"},{"floor":4,"key":"Ancient Potion"},{"floor":11,"key":"EssenceOfSteel"},{"floor":13,"key":"GamblersBrew"},{"floor":18,"key":"PowerPotion"},{"floor":25,"key":"Energy Potion"},{"floor":27,"key":"FearPotion"}],"is_trial":false,"path_per_floor":["M","?","?","M","?","R","?","E","T","M","E","M","E","M","R","B",null,"M","M","?","$","M","E","R","E","T","?","E","$","E","M","R","B",null,"M","M","M","?","M","E","$","R","T","R","E","R","M","M","R","B",null],"character_chosen":"THE_SILENT","items_purchased":["Apotheosis","Medical Kit","Cloak And Dagger+1","SkillPotion","Poison Potion","Strawberry"],"campfire_rested":1,"item_purchase_floors":[21,21,29,29,29,41],"current_hp_per_floor":[59,59,59,59,59,59,59,59,59,59,34,34,30,28,28,47,61,61,60,54,54,54,47,47,40,40,13,13,13,13,13,33,19,56,60,62,64,86,88,66,73,73,73,73,75,75,74,76,76,96],"gold":156,"neow_bonus":"THREE_ENEMY_KILL","is_prod":false,"is_daily":false,"chose_seed":false,"campfire_upgraded":1,"win_rate":0,"timestamp":1550447765,"path_taken":["M","?","?","M","?","R","?","E","T","M","E","M","E","M","R","BOSS","M","M","?","$","M","E","R","E","T","?","E","?","E","M","R","BOSS","M","?","M","?","M","E","$","R","T","R","E","R","?","M","R","BOSS"],"build_version":"2019-01-23","purchased_purges":2,"victory":true,"max_hp_per_floor":[66,66,66,66,66,66,66,66,66,66,66,66,66,66,66,66,66,66,66,66,66,66,66,66,66,66,66,68,68,68,68,68,68,68,72,74,76,86,88,88,95,95,95,95,97,97,99,101,101,101],"card_choices":[{"not_picked":["Leg Sweep","Infinite Blades"],"picked":"Noxious Fumes","floor":1},{"not_picked":["Blade Dance","Infinite Blades"],"picked":"Leg Sweep","floor":4},{"not_picked":["Riddle With Holes","Deflect"],"picked":"Poisoned Stab","floor":8},{"not_picked":["Acrobatics","Reflex"],"picked":"Bane","floor":10},{"not_picked":["Choke","Eviscerate","Accuracy"],"picked":"SKIP","floor":11},{"not_picked":["Quick Slash","Concentrate","Dagger Throw"],"picked":"SKIP","floor":12},{"not_picked":["Acrobatics","Setup"],"picked":"PiercingWail","floor":13},{"not_picked":["Sucker Punch","Deflect"],"picked":"PiercingWail","floor":14},{"not_picked":["Terror","Riddle With Holes","Endless Agony"],"picked":"SKIP","floor":14},{"not_picked":["Storm of Steel","Die Die Die"],"picked":"Envenom","floor":16},{"not_picked":["Dagger Throw","Dagger Spray"],"picked":"Cloak And Dagger","floor":18},{"not_picked":["Outmaneuver","Flechettes","Accuracy"],"picked":"SKIP","floor":18},{"not_picked":["Deadly Poison+1","Dagger Throw"],"picked":"Backflip","floor":19},{"not_picked":["Acrobatics","Dagger Throw+1","Underhanded Strike"],"picked":"SKIP","floor":19},{"not_picked":["Reflex","Dagger Throw"],"picked":"PiercingWail","floor":22},{"not_picked":["Sucker Punch","Acrobatics","Choke+1"],"picked":"SKIP","floor":22},{"not_picked":["Flying Knee","Sucker Punch"],"picked":"Concentrate+1","floor":23},{"not_picked":["Reflex","Sucker Punch"],"picked":"Night Terror","floor":25},{"not_picked":["Sucker Punch","Backflip+1"],"picked":"Deflect+1","floor":27},{"not_picked":["Doppelganger+1","Catalyst+1","Riddle With Holes"],"picked":"Singing Bowl","floor":28},{"not_picked":["Leg Sweep+1","Eviscerate"],"picked":"Blur+1","floor":30},{"not_picked":["Catalyst+1","Acrobatics+1"],"picked":"Calculated Gamble+1","floor":31},{"not_picked":["Dodge and Roll+1","Slice"],"picked":"Crippling Poison+1","floor":31},{"not_picked":["Glass Knife","Doppelganger+1"],"picked":"After Image","floor":33},{"not_picked":["Deadly Poison+1","Well Laid Plans+1","Sucker Punch"],"picked":"Singing Bowl","floor":35},{"not_picked":["Underhanded Strike+1","Bane","Poisoned Stab+1"],"picked":"Singing Bowl","floor":35},{"not_picked":["Slice","Quick Slash+1","Dagger Spray+1"],"picked":"Singing Bowl","floor":36},{"not_picked":["Finisher","Deflect+1"],"picked":"Crippling Poison+1","floor":36},{"not_picked":["Concentrate+1","Phantasmal Killer+1","Slice"],"picked":"Singing Bowl","floor":37},{"not_picked":["Underhanded Strike","Quick Slash+1"],"picked":"Outmaneuver+1","floor":37},{"not_picked":["Accuracy","Slice+1","Finisher"],"picked":"Singing Bowl","floor":39},{"not_picked":["Phantasmal Killer+1","Deadly Poison+1"],"picked":"PiercingWail+1","floor":39},{"not_picked":["Dagger Spray","Glass Knife"],"picked":"PiercingWail+1","floor":40},{"not_picked":["Flechettes","Heel Hook","Deflect+1"],"picked":"Singing Bowl","floor":45},{"not_picked":["Eviscerate","Setup+1","Underhanded Strike"],"picked":"Singing Bowl","floor":47},{"not_picked":["Slice+1","Deflect+1"],"picked":"Backflip+1","floor":47},{"not_picked":["Quick Slash","Caltrops","Underhanded Strike"],"picked":"Singing Bowl","floor":48},{"not_picked":["Deadly Poison+1","Dagger Throw"],"picked":"Footwork","floor":48}],"player_experience":478652,"relics_obtained":[{"floor":8,"key":"Pantograph"},{"floor":9,"key":"Vajra"},{"floor":11,"key":"Shovel"},{"floor":13,"key":"Prayer Wheel"},{"floor":15,"key":"Bag of Preparation"},{"floor":23,"key":"Calipers"},{"floor":24,"key":"Singing Bowl"},{"floor":25,"key":"Toxic Egg 2"},{"floor":26,"key":"Gremlin Horn"},{"floor":27,"key":"Gambling Chip"},{"floor":27,"key":"Bottled Flame"},{"floor":28,"key":"War Paint"},{"floor":30,"key":"Orichalcum"},{"floor":40,"key":"Happy Flower"},{"floor":42,"key":"Du-Vu Doll"},{"floor":43,"key":"Mummified Hand"},{"floor":44,"key":"Bag of Marbles"},{"floor":45,"key":"MawBank"},{"floor":46,"key":"Bottled Tornado"},{"floor":49,"key":"Letter Opener"}],"event_choices":[{"damage_healed":0,"gold_gain":150,"player_choice":"AGREE","damage_taken":0,"max_hp_gain":0,"max_hp_loss":0,"event_name":"Liars Game","floor":2,"gold_loss":0,"cards_obtained":["Doubt"]},{"cards_removed":["Doubt"],"damage_healed":0,"gold_gain":0,"player_choice":"Forget","damage_taken":0,"max_hp_gain":0,"max_hp_loss":0,"event_name":"Living Wall","floor":3,"gold_loss":0},{"cards_removed":["Strike_G"],"damage_healed":0,"gold_gain":0,"player_choice":"Card Removal","damage_taken":0,"max_hp_gain":0,"max_hp_loss":0,"event_name":"The Cleric","floor":5,"gold_loss":75},{"damage_healed":0,"gold_gain":0,"player_choice":"Searched \u00271\u0027 times","damage_taken":0,"relics_obtained":["Boot"],"max_hp_gain":0,"max_hp_loss":0,"event_name":"Dead Adventurer","floor":7,"gold_loss":0},{"damage_healed":0,"gold_gain":0,"player_choice":"Joined the Cult","damage_taken":6,"max_hp_gain":0,"max_hp_loss":0,"event_name":"Nest","floor":20,"gold_loss":0,"cards_obtained":["RitualDagger"]},{"damage_healed":0,"gold_gain":0,"player_choice":"Fight","damage_taken":0,"max_hp_gain":0,"max_hp_loss":0,"event_name":"Colosseum","floor":27,"gold_loss":0},{"damage_healed":0,"gold_gain":0,"player_choice":"Fought Nobs","damage_taken":0,"max_hp_gain":0,"max_hp_loss":0,"event_name":"Colosseum","floor":27,"gold_loss":0},{"cards_removed":["Envenom"],"damage_healed":12,"gold_gain":0,"player_choice":"Offered Rare","damage_taken":0,"max_hp_gain":10,"max_hp_loss":0,"event_name":"Bonfire Elementals","floor":38,"gold_loss":0}],"is_beta":false,"boss_relics":[{"not_picked":["Ectoplasm","Busted Crown"],"picked":"Runic Pyramid"},{"not_picked":["WristBlade","Cursed Key"],"picked":"Sozu"}],"items_purged_floors":[29,41],"is_endless":false,"potions_floor_spawned":[1,4,11,13,18,19,25,27,37,39,45,47],"ascension_level":16}