{"gold_per_floor":[114,129,129,129,144,159,174,174,174,189,219,219,234,249,249,349,349,364,349,9,24,24],"floor_reached":22,"playtime":3489,"items_purged":[],"score":217,"play_id":"ed720c3e-a515-4705-a3c8-469a945f813e","local_time":"20190103002511","daily_mods":["Specialized","Diverse","DeadlyEvents"],"is_ascension_mode":false,"campfire_choices":[{"floor":8,"key":"REST"},{"floor":12,"key":"REST"},{"floor":15,"key":"REST"}],"neow_cost":"","seed_source_timestamp":0,"circlet_count":0,"master_deck":["Strike_B","Strike_B","Strike_B","Strike_B","Defend_B","Defend_B","Defend_B+1","Defend_B","Zap+1","Dualcast","Shrug It Off","Shrug It Off","Shrug It Off","Shrug It Off","Shrug It Off","Cloak And Dagger","Entrench","Acrobatics","Backstab","Sever Soul","Armaments","Dark Embrace","Pommel Strike","Cleave","Doppelganger","Anger","Blade Dance+1","Sweeping Beam","Well Laid Plans","Chrysalis","Reboot"],"special_seed":17899,"relics":["FrozenCore","Sundial","The Courier","Bottled Flame","PreservedInsect"],"potions_floor_usage":[16,16,16,21,22],"damage_taken":[{"damage":6,"enemies":"Jaw Worm","floor":1,"turns":4},{"damage":0,"enemies":"2 Louse","floor":2,"turns":3},{"damage":0,"enemies":"Small Slimes","floor":5,"turns":4},{"damage":0,"enemies":"Blue Slaver","floor":6,"turns":5},{"damage":2,"enemies":"Red Slaver","floor":7,"turns":3},{"damage":0,"enemies":"Large Slime","floor":10,"turns":5},{"damage":37,"enemies":"Gremlin Nob","floor":11,"turns":5},{"damage":0,"enemies":"3 Louse","floor":13,"turns":2},{"damage":13,"enemies":"Red Slaver","floor":14,"turns":2},{"damage":51,"enemies":"Slime Boss","floor":16,"turns":15},{"damage":31,"enemies":"Chosen","floor":18,"turns":9},{"damage":15,"enemies":"2 Thieves","floor":19,"turns":4},{"damage":22,"enemies":"Chosen and Byrds","floor":21,"turns":10},{"damage":12,"enemies":"Snake Plant","floor":22,"turns":1}],"seed_played":"6069031500032485637","potions_obtained":[{"floor":1,"key":"FocusPotion"},{"floor":6,"key":"Energy Potion"},{"floor":13,"key":"Block Potion"},{"floor":16,"key":"Strength Potion"},{"floor":21,"key":"Poison Potion"}],"is_trial":false,"path_per_floor":["M","M","?","?","M","M","M","R","T","M","E","R","M","M","R","B",null,"M","M","$","M","M"],"character_chosen":"DEFECT","items_purchased":["Sweeping Beam","Well Laid Plans","Chrysalis","PreservedInsect"],"campfire_rested":3,"item_purchase_floors":[20,20,20,20],"current_hp_per_floor":[69,69,62,47,47,47,45,67,67,67,30,52,52,39,61,10,75,44,29,29,7,0],"gold":24,"neow_bonus":"","is_prod":false,"is_daily":true,"chose_seed":false,"campfire_upgraded":0,"win_rate":0.0,"timestamp":1546503911,"path_taken":["M","M","?","?","M","?","M","R","T","M","?","R","M","M","R","BOSS","M","M","$","M","M"],"build_version":"2018-12-20","purchased_purges":0,"victory":false,"max_hp_per_floor":[75,75,75,75,75,75,75,75,75,75,75,75,75,75,75,75,75,75,75,75,75,75],"card_choices":[{"not_picked":["Steam","Go for the Eyes"],"picked":"Cloak And Dagger","floor":1},{"not_picked":["Dropkick","Cloak And Dagger"],"picked":"Entrench","floor":2},{"not_picked":["Twin Strike","Scrape"],"picked":"Acrobatics","floor":5},{"not_picked":["Wild Strike","Glacier"],"picked":"Backstab","floor":6},{"not_picked":["Turbo","Footwork"],"picked":"Sever Soul","floor":7},{"not_picked":["Clash","Blizzard"],"picked":"Armaments","floor":10},{"not_picked":["Steam","Sucker Punch"],"picked":"Dark Embrace","floor":11},{"not_picked":["Redo","True Grit"],"picked":"Pommel Strike","floor":13},{"not_picked":["Loop","Disarm"],"picked":"Cleave","floor":14},{"not_picked":["Glass Knife","Feed"],"picked":"Doppelganger","floor":16},{"not_picked":["Cleave","Whirlwind"],"picked":"Anger","floor":18},{"not_picked":["Fusion","Dagger Throw"],"picked":"Blade Dance+1","floor":19},{"not_picked":["Fire Breathing","Heatsinks"],"picked":"Reboot","floor":21}],"player_experience":32915,"relics_obtained":[{"floor":9,"key":"The Courier"},{"floor":11,"key":"Bottled Flame"}],"event_choices":[{"damage_healed":0,"gold_gain":0,"player_choice":"Success","damage_taken":7,"relics_obtained":["Sundial"],"max_hp_gain":0,"max_hp_loss":0,"event_name":"Scrap Ooze","floor":3,"gold_loss":0},{"damage_healed":0,"gold_gain":0,"player_choice":"Entered Light","damage_taken":15,"max_hp_gain":0,"max_hp_loss":0,"event_name":"Shining Light","floor":4,"gold_loss":0,"cards_upgraded":["Zap","Defend_B"]}],"is_beta":false,"boss_relics":[{"not_picked":["Tiny House","Philosopher\u0027s Stone"],"picked":"FrozenCore"}],"items_purged_floors":[],"is_endless":false,"potions_floor_spawned":[1,6,13,14,16,21],"killed_by":"Snake Plant","ascension_level":0}