{"gold_per_floor":[116,126,142,142,161,161,176,207,233,245,420,420],"floor_reached":12,"playtime":637,"items_purged":[],"score":82,"play_id":"38955674-bfac-48b7-9cf6-99ed62c22641","local_time":"20181013141725","is_ascension_mode":false,"campfire_choices":[{"data":"Genetic Algorithm","floor":6,"key":"SMITH"}],"neow_cost":"","seed_source_timestamp":662626416618469,"circlet_count":0,"master_deck":["Strike_B+1","Strike_B","Strike_B","Strike_B","Defend_B","Defend_B","Defend_B","Defend_B","Zap","Dualcast+1","Genetic Algorithm+1","Gash","Stack","All For One","Steam","Sweeping Beam","Conserve Battery","Doubt"],"relics":["Cracked Core","Happy Flower","Blood Vial"],"potions_floor_usage":[8],"damage_taken":[{"damage":0,"enemies":"Cultist","floor":1,"turns":3},{"damage":4,"enemies":"2 Louse","floor":2,"turns":3},{"damage":0,"enemies":"Small Slimes","floor":3,"turns":3},{"damage":2,"enemies":"2 Fungi Beasts","floor":5,"turns":4},{"damage":18,"enemies":"Large Slime","floor":7,"turns":6},{"damage":27,"enemies":"Lagavulin","floor":8,"turns":6},{"damage":10,"enemies":"Exordium Thugs","floor":10,"turns":4},{"damage":3,"enemies":"Red Slaver","floor":12,"turns":2}],"seed_played":"4664252811471606919","potions_obtained":[{"floor":1,"key":"FearPotion"},{"floor":3,"key":"Energy Potion"},{"floor":7,"key":"Fire Potion"}],"is_trial":false,"path_per_floor":["M","M","M","?","M","R","M","E","T","M","?"],"character_chosen":"DEFECT","items_purchased":[],"campfire_rested":0,"item_purchase_floors":[],"current_hp_per_floor":[75,71,71,56,54,54,36,9,9,1,1,0],"gold":420,"neow_bonus":"","is_prod":false,"is_daily":false,"chose_seed":false,"campfire_upgraded":1,"win_rate":0,"timestamp":1539407845,"path_taken":["M","?","M","?","M","R","M","E","T","M","?","M"],"build_version":"2018-10-11","purchased_purges":0,"victory":false,"max_hp_per_floor":[75,75,75,75,75,75,75,75,75,75,75,75],"card_choices":[{"not_picked":["Aggregate","Stack"],"picked":"Genetic Algorithm","floor":1},{"not_picked":["Chill","Coolheaded"],"picked":"Gash","floor":2},{"not_picked":["Beam Cell","Static Discharge"],"picked":"Stack","floor":3},{"not_picked":["Glacier","Tempest"],"picked":"All For One","floor":5},{"not_picked":["Turbo","Consume"],"picked":"Steam","floor":7},{"not_picked":["Defragment","BootSequence"],"picked":"Sweeping Beam","floor":8},{"not_picked":["Go for the Eyes","Stack"],"picked":"Conserve Battery","floor":10}],"player_experience":66137,"relics_obtained":[{"floor":8,"key":"Happy Flower"},{"floor":9,"key":"Blood Vial"}],"event_choices":[{"event_name":"Shining Light","player_choice":"Entered Light","floor":4,"damage_taken":0},{"event_name":"Liars Game","player_choice":"agreed","floor":11,"damage_taken":0}],"is_beta":false,"boss_relics":[],"items_purged_floors":[],"is_endless":false,"potions_floor_spawned":[1,3,7],"killed_by":"Red Slaver","ascension_level":0}