{"gold_per_floor":[363,363,383,394,12,37,37,72,127,158,223,223,223,241,241,316,316,334,334,8,22,39,39,65,82,82,109,109,109,109,34,34,105,105,124,94,106,0,0,33,47,80,80,95,121,136,165,75,75,75],"floor_reached":51,"playtime":3617,"items_purged":["Strike_G","Strike_G"],"score":1570,"play_id":"e4fb6a82-a071-4f3a-9467-d2fc84642d7f","local_time":"20190217082923","is_ascension_mode":true,"campfire_choices":[{"data":"Cloak And Dagger","floor":7,"key":"SMITH"},{"floor":12,"key":"REST"},{"floor":15,"key":"REST"},{"data":"Cloak And Dagger","floor":23,"key":"SMITH"},{"data":"After Image","floor":28,"key":"SMITH"},{"data":"Well Laid Plans","floor":30,"key":"SMITH"},{"data":"Malaise","floor":32,"key":"SMITH"}],"neow_cost":"PERCENT_DAMAGE","seed_source_timestamp":0,"circlet_count":0,"master_deck":["AscendersBane","Defend_G","Defend_G","Defend_G","Defend_G","Defend_G","Strike_G+1","Survivor","Neutralize","Bouncing Flask","Cloak And Dagger+1","Dagger Throw+1","Cloak And Dagger+1","Well Laid Plans+1","Malaise+1","Escape Plan","Deflect","After Image+1","Footwork","Backflip","Corpse Explosion","Endless Agony","PiercingWail","Burst","Calculated Gamble","Infinite Blades","Accuracy"],"special_seed":0,"relics":["Ring of the Snake","Bag of Preparation","Shuriken","Pen Nib","Smiling Mask","Tiny Chest","Potion Belt","Dodecahedron","Coffee Dripper","PreservedInsect","Du-Vu Doll","Oddly Smooth Stone","Singing Bowl","Fusion Hammer","Red Mask","Bronze Scales","Whetstone","The Specimen","Ancient Tea Set","Strawberry"],"potions_floor_usage":[6,8,11,14,18,20,27,37,42,50,50,50,50],"damage_taken":[{"damage":0.0,"enemies":"2 Louse","floor":1.0,"turns":4.0},{"damage":0,"enemies":"Small Slimes","floor":3,"turns":3},{"damage":0,"enemies":"Cultist","floor":4,"turns":4},{"damage":17,"enemies":"Gremlin Nob","floor":6,"turns":4},{"damage":8,"enemies":"3 Sentries","floor":8,"turns":7},{"damage":5,"enemies":"Gremlin Nob","floor":10,"turns":4},{"damage":1,"enemies":"Gremlin Nob","floor":11,"turns":3},{"damage":12,"enemies":"3 Louse","floor":14,"turns":5},{"damage":10,"enemies":"Hexaghost","floor":16,"turns":9},{"damage":0,"enemies":"3 Byrds","floor":18,"turns":5},{"damage":0,"enemies":"Shell Parasite","floor":21,"turns":5},{"damage":18,"enemies":"3 Cultists","floor":22,"turns":6},{"damage":34,"enemies":"Slavers","floor":24,"turns":6},{"damage":0,"enemies":"Snecko","floor":25,"turns":4},{"damage":1,"enemies":"Gremlin Leader","floor":27,"turns":6},{"damage":0,"enemies":"Automaton","floor":33,"turns":10},{"damage":10,"enemies":"Orb Walker","floor":35,"turns":5},{"damage":0,"enemies":"3 Shapes","floor":37,"turns":3},{"damage":31,"enemies":"Giant Head","floor":40,"turns":9},{"damage":13,"enemies":"Jaw Worm Horde","floor":41,"turns":3},{"damage":0,"enemies":"Reptomancer","floor":42,"turns":6},{"damage":0,"enemies":"Sphere and 2 Shapes","floor":44,"turns":4},{"damage":0,"enemies":"Nemesis","floor":45,"turns":7},{"damage":6,"enemies":"Transient","floor":46,"turns":5},{"damage":0,"enemies":"Giant Head","floor":47,"turns":8},{"damage":10,"enemies":"Time Eater","floor":50,"turns":12}],"seed_played":"2258354640408674313","potions_obtained":[{"floor":3,"key":"Poison Potion"},{"floor":4,"key":"Swift Potion"},{"floor":10,"key":"SkillPotion"},{"floor":11,"key":"GamblersBrew"},{"floor":16,"key":"SkillPotion"},{"floor":21,"key":"GamblersBrew"},{"floor":25,"key":"Block Potion"},{"floor":33,"key":"GhostInAJar"},{"floor":36,"key":"Swift Potion"},{"floor":36,"key":"SteroidPotion"},{"floor":37,"key":"Fruit Juice"},{"floor":41,"key":"Block Potion"},{"floor":42,"key":"SneckoOil"},{"floor":44,"key":"Poison Potion"}],"is_trial":false,"path_per_floor":["M","?","M","M","$","E","R","E","T","E","?","R","?","M","R","B",null,"M","?","$","M","M","R","E","M","T","E","R","?","R","?","R","B",null,"M","?","M","?","$","E","M","E","T","M","E","M","E","$","R","B",null],"character_chosen":"THE_SILENT","items_purchased":["Shuriken","Cloak And Dagger","Well Laid Plans","PreservedInsect","Footwork","Fruit Juice","Accuracy"],"campfire_rested":2,"item_purchase_floors":[5,5,5,20,20,20,48],"current_hp_per_floor":[45,42,42,42,42,25,25,17,17,12,11,32,25,13,34,24,59,59,70,75,75,57,57,23,23,23,22,22,22,22,22,22,22,62,52,52,59,59,59,30,19,21,21,21,23,19,28,28,28,18],"gold":75,"neow_bonus":"TWO_FIFTY_GOLD","is_prod":false,"is_daily":false,"chose_seed":false,"campfire_upgraded":5,"win_rate":0,"timestamp":1550388563,"path_taken":["M","?","M","M","$","E","R","E","T","E","?","R","?","M","R","BOSS","M","?","$","M","?","R","E","M","T","E","R","?","R","?","R","BOSS","M","?","?","?","$","E","M","E","T","M","E","M","E","$","R","BOSS"],"build_version":"2019-01-23","purchased_purges":2,"victory":true,"max_hp_per_floor":[70,70,70,70,70,70,70,70,70,70,70,70,70,70,70,70,70,70,70,75,75,75,75,75,75,75,75,75,75,75,75,75,75,75,75,75,82,82,82,84,86,88,88,88,90,92,101,101,101,101],"card_choices":[{"not_picked":["Flying Knee","Sucker Punch"],"picked":"Bouncing Flask","floor":1.0},{"not_picked":["Prepared","Sucker Punch"],"picked":"Cloak And Dagger","floor":3},{"not_picked":["Expertise","Heel Hook"],"picked":"Dagger Throw","floor":4},{"not_picked":["Terror","Phantasmal Killer"],"picked":"Malaise","floor":6},{"not_picked":["Bane","Slice"],"picked":"Escape Plan","floor":8},{"not_picked":["Setup","Noxious Fumes"],"picked":"Deflect","floor":10},{"not_picked":["Dagger Throw","Quick Slash","Glass Knife"],"picked":"SKIP","floor":14},{"not_picked":["Night Terror","Corpse Explosion"],"picked":"After Image","floor":16},{"not_picked":["Deflect","Prepared","Choke"],"picked":"SKIP","floor":18},{"not_picked":["Underhanded Strike","Flying Knee","Deflect"],"picked":"SKIP","floor":21},{"not_picked":["Dagger Throw","Outmaneuver"],"picked":"Backflip","floor":22},{"not_picked":["Eviscerate","Sucker Punch"],"picked":"Corpse Explosion","floor":24},{"not_picked":["Deadly Poison","Flying Knee"],"picked":"Endless Agony","floor":25},{"not_picked":["Acrobatics","Outmaneuver"],"picked":"PiercingWail","floor":27},{"not_picked":["Adrenaline","Envenom"],"picked":"Burst","floor":33},{"not_picked":["Prepared+1","Slice"],"picked":"Calculated Gamble","floor":35},{"not_picked":["Outmaneuver","Sucker Punch","Distraction"],"picked":"Singing Bowl","floor":37},{"not_picked":["Eviscerate","Noxious Fumes","Sucker Punch"],"picked":"Singing Bowl","floor":40},{"not_picked":["Dodge and Roll","Sucker Punch+1","Tactician"],"picked":"Singing Bowl","floor":41},{"not_picked":["Well Laid Plans","Glass Knife","Prepared"],"picked":"Singing Bowl","floor":42},{"not_picked":["Leg Sweep","Backstab+1"],"picked":"Infinite Blades","floor":44},{"not_picked":["Slice","Deadly Poison","Heel Hook"],"picked":"Singing Bowl","floor":45},{"not_picked":["Poisoned Stab+1","Backstab+1","Noxious Fumes"],"picked":"Singing Bowl","floor":46},{"not_picked":["Escape Plan","Prepared","Flying Knee"],"picked":"Singing Bowl","floor":47}],"player_experience":462898,"relics_obtained":[{"floor":6,"key":"Pen Nib"},{"floor":8,"key":"Smiling Mask"},{"floor":9,"key":"Tiny Chest"},{"floor":10,"key":"Potion Belt"},{"floor":11,"key":"Dodecahedron"},{"floor":24,"key":"Du-Vu Doll"},{"floor":26,"key":"Oddly Smooth Stone"},{"floor":27,"key":"Singing Bowl"},{"floor":40,"key":"Bronze Scales"},{"floor":42,"key":"Whetstone"},{"floor":43,"key":"The Specimen"},{"floor":45,"key":"Ancient Tea Set"},{"floor":47,"key":"Strawberry"}],"event_choices":[{"damage_healed":0,"gold_gain":0,"player_choice":"Success","damage_taken":3,"relics_obtained":["Bag of Preparation"],"max_hp_gain":0,"max_hp_loss":0,"event_name":"Scrap Ooze","floor":2,"gold_loss":0},{"damage_healed":0,"gold_gain":30,"player_choice":"Searched \u00272\u0027 times","damage_taken":0,"max_hp_gain":0,"max_hp_loss":0,"event_name":"Dead Adventurer","floor":11,"gold_loss":0},{"cards_removed":["Strike_G"],"damage_healed":0,"gold_gain":0,"player_choice":"Card Removal","damage_taken":7,"max_hp_gain":0,"max_hp_loss":0,"event_name":"Golden Wing","floor":13,"gold_loss":0},{"damage_healed":11,"gold_gain":0,"player_choice":"Full Heal","damage_taken":0,"max_hp_gain":0,"max_hp_loss":0,"event_name":"Wheel of Change","floor":19,"gold_loss":0},{"damage_healed":0,"gold_gain":0,"player_choice":"Ignored","damage_taken":0,"max_hp_gain":0,"max_hp_loss":0,"event_name":"Ghosts","floor":29,"gold_loss":0},{"cards_removed":["Strike_G"],"damage_healed":0,"gold_gain":0,"player_choice":"Gave Gold","damage_taken":0,"max_hp_gain":0,"max_hp_loss":0,"event_name":"Beggar","floor":31,"gold_loss":75},{"damage_healed":0,"gold_gain":0,"player_choice":"Bought 2 Potions","damage_taken":0,"max_hp_gain":0,"max_hp_loss":0,"event_name":"The Woman in Blue","floor":36,"gold_loss":0},{"damage_healed":0,"gold_gain":0,"player_choice":"Paid","damage_taken":0,"relics_obtained":["Red Mask"],"max_hp_gain":0,"max_hp_loss":0,"event_name":"Tomb of Lord Red Mask","floor":38,"gold_loss":106}],"is_beta":false,"boss_relics":[{"not_picked":["Calling Bell","Ring of the Serpent"],"picked":"Coffee Dripper"},{"not_picked":["Runic Dome","Pandora\u0027s Box"],"picked":"Fusion Hammer"}],"items_purged_floors":[20,48],"is_endless":false,"potions_floor_spawned":[3,4,10,11,16,21,25,33,37,41,42,44],"ascension_level":13}