{"gold_per_floor":[110,127,137,155,155,155,183,200,200,51,67,85,103,127,127,226,226,236,252,277,29,46,46,71,71,71,397,412,440,18,51,51,146,146,156,167,167,181,193,219,236,266,292,292,322,322,322,98,98,98],"floor_reached":51,"playtime":3568,"items_purged":["Strike_B","Strike_B","Strike_B+1"],"score":934,"play_id":"8bf4bd8d-046a-4c25-a28a-a8fd434d76c9","local_time":"20181006220508","is_ascension_mode":true,"campfire_choices":[{"data":"Zap","floor":6.0,"key":"SMITH"},{"floor":15.0,"key":"REST"},{"data":"Storm","floor":23.0,"key":"SMITH"},{"data":"Echo Form","floor":25.0,"key":"SMITH"},{"data":"Reboot","floor":32.0,"key":"SMITH"},{"data":"Madness","floor":44,"key":"SMITH"},{"data":"Madness","floor":47,"key":"SMITH"},{"data":"Reboot","floor":49,"key":"SMITH"}],"neow_cost":"PERCENT_DAMAGE","seed_source_timestamp":0,"circlet_count":0,"master_deck":["Defend_B","Defend_B","Defend_B","Defend_B","Zap+1","Dualcast","FTL+1","Echo Form+1","Electrodynamics","Static Discharge","Capacitor","Loop","Storm+1","Echo Form","Loop+1","Heatsinks+1","Machine Learning+1","Reboot+1","Static Discharge+1","Self Repair+1","Buffer+1","Static Discharge+1","Capacitor+1","Madness+1","Madness+1","Reboot+1","Capacitor+1","Static Discharge+1","Static Discharge+1","Capacitor+1","Finesse"],"special_seed":0,"relics":["Cracked Core","Bird Faced Urn","Pocketwatch","StoneCalendar","Odd Mushroom","Coffee Dripper","Red Mask","Bottled Tornado","Frozen Egg 2","Pear","Old Coin","Ancient Tea Set","Prayer Wheel","Whetstone","Lizard Tail","Meat on the Bone","Sundial","Blood Vial","Smiling Mask"],"potions_floor_usage":[50],"damage_taken":[{"damage":0.0,"enemies":"2 Louse","floor":1.0,"turns":1.0},{"damage":0.0,"enemies":"Cultist","floor":2.0,"turns":3.0},{"damage":1.0,"enemies":"Jaw Worm","floor":3.0,"turns":3.0},{"damage":6.0,"enemies":"Gremlin Gang","floor":4.0,"turns":5.0},{"damage":26.0,"enemies":"Gremlin Nob","floor":7.0,"turns":4.0},{"damage":7.0,"enemies":"Blue Slaver","floor":8.0,"turns":2.0},{"damage":8.0,"enemies":"Lots of Slimes","floor":11.0,"turns":2.0},{"damage":2.0,"enemies":"3 Louse","floor":12.0,"turns":3.0},{"damage":7.0,"enemies":"Large Slime","floor":13.0,"turns":4.0},{"damage":17.0,"enemies":"The Mushroom Lair","floor":14.0,"turns":3.0},{"damage":20.0,"enemies":"Hexaghost","floor":16.0,"turns":4.0},{"damage":10.0,"enemies":"Chosen","floor":18.0,"turns":4.0},{"damage":0.0,"enemies":"Spheric Guardian","floor":19.0,"turns":3.0},{"damage":41.0,"enemies":"Masked Bandits","floor":20.0,"turns":3.0},{"damage":24.0,"enemies":"Shelled Parasite and Fungi","floor":22.0,"turns":5.0},{"damage":22.0,"enemies":"Gremlin Leader","floor":24.0,"turns":4.0},{"damage":19.0,"enemies":"Slavers","floor":27.0,"turns":2.0},{"damage":5.0,"enemies":"Sentry and Sphere","floor":28.0,"turns":3.0},{"damage":0.0,"enemies":"Gremlin Leader","floor":29.0,"turns":4.0},{"damage":35.0,"enemies":"Book of Stabbing","floor":31.0,"turns":4.0},{"damage":7.0,"enemies":"Collector","floor":33.0,"turns":5.0},{"damage":19,"enemies":"3 Darklings","floor":35,"turns":3},{"damage":37,"enemies":"Orb Walker","floor":36,"turns":4},{"damage":22,"enemies":"Reptomancer","floor":38,"turns":4},{"damage":41,"enemies":"Maw","floor":39,"turns":5},{"damage":18,"enemies":"2 Orb Walkers","floor":40,"turns":3},{"damage":44,"enemies":"Spire Growth","floor":41,"turns":4},{"damage":34,"enemies":"Giant Head","floor":42,"turns":7},{"damage":100,"enemies":"Nemesis","floor":45,"turns":6},{"damage":51,"enemies":"Donu and Deca","floor":50,"turns":6}],"seed_played":"5124344737843110133","potions_obtained":[{"floor":2.0,"key":"FearPotion"},{"floor":8.0,"key":"Poison Potion"},{"floor":12.0,"key":"Energy Potion"},{"floor":13.0,"key":"LiquidBronze"},{"floor":14.0,"key":"Poison Potion"},{"floor":18.0,"key":"Strength Potion"},{"floor":20.0,"key":"Energy Potion"},{"floor":22.0,"key":"Regen Potion"},{"floor":29.0,"key":"Swift Potion"},{"floor":31.0,"key":"AttackPotion"},{"floor":35,"key":"PowerPotion"}],"is_trial":false,"path_per_floor":["M","M","M","M","?","R","E","M","T","$","M","M","M","?","R","B",null,"M","M","?","$","M","R","E","R","T","E","M","E","$","E","R","B",null,"M","M","?","M","M","E","M","E","T","R","E","?","R","$","R","B"],"character_chosen":"DEFECT","items_purchased":["Capacitor","Bottled Tornado","Self Repair+1","Prayer Wheel","Capacitor+1","Finesse"],"campfire_rested":1,"item_purchase_floors":[10,21,30,30,48,48],"current_hp_per_floor":[54,54,53,47,47,47,23,18,18,18,14,18,19,10,32,28,75,75,75,40,40,26,26,38,38,48,43,50,78,78,73,73,85,85,74,81,70,85,80,75,67,85,85,85,21,74,74,74,74,74],"gold":98,"neow_bonus":"ONE_RARE_RELIC","is_prod":false,"is_daily":false,"chose_seed":false,"campfire_upgraded":7,"win_rate":0,"timestamp":1538856308,"path_taken":["M","M","M","M","?","R","E","M","T","$","?","M","M","?","R","BOSS","M","M","?","$","M","R","E","R","T","E","M","E","$","E","R","BOSS","M","M","?","?","M","E","M","E","T","R","E","?","R","$","R","BOSS"],"build_version":"2018-10-04v2","purchased_purges":3,"victory":true,"max_hp_per_floor":[75,75,75,75,75,75,75,75,75,75,75,75,75,75,75,75,75,75,75,75,75,75,75,75,75,85,85,85,85,85,85,85,85,85,85,85,85,85,85,85,85,85,85,85,85,74,74,74,74,74],"card_choices":[{"not_picked":["Turbo","Undo","Coolheaded"],"picked":"SKIP","floor":1.0},{"not_picked":["Sweeping Beam","Cold Snap"],"picked":"FTL","floor":2.0},{"not_picked":["Steam","Redo","Stack"],"picked":"SKIP","floor":3.0},{"not_picked":["Static Discharge","Beam Cell"],"picked":"Echo Form","floor":4.0},{"not_picked":["Steam","Redo"],"picked":"Electrodynamics","floor":7.0},{"not_picked":["Steam","Sunder"],"picked":"Static Discharge","floor":8.0},{"not_picked":["Blizzard","Sweeping Beam","Coolheaded"],"picked":"SKIP","floor":11.0},{"not_picked":["Darkness","Reinforced Body"],"picked":"Loop","floor":12.0},{"not_picked":["Turbo","Steam","Leap"],"picked":"SKIP","floor":13.0},{"not_picked":["Force Field","Turbo"],"picked":"Storm","floor":14.0},{"not_picked":["All For One","Meteor Strike"],"picked":"Echo Form","floor":16.0},{"not_picked":["Barrage+1","Compile Driver","Lockon+1"],"picked":"SKIP","floor":18.0},{"not_picked":["Leap+1","Cold Snap"],"picked":"Loop+1","floor":19.0},{"not_picked":["Doom and Gloom","Steam+1"],"picked":"Heatsinks+1","floor":22.0},{"not_picked":["Meteor Strike","Beam Cell"],"picked":"Machine Learning","floor":24.0},{"not_picked":["Barrage","Leap+1"],"picked":"Reboot","floor":27.0},{"not_picked":["Scrape","Streamline"],"picked":"Static Discharge+1","floor":28.0},{"not_picked":["Streamline+1","Coolheaded+1","Fusion+1"],"picked":"SKIP","floor":29.0},{"not_picked":["Tempest","Genetic Algorithm","Barrage+1"],"picked":"SKIP","floor":31.0},{"not_picked":["Meteor Strike","Electrodynamics+1"],"picked":"Buffer+1","floor":33.0},{"not_picked":["Steam+1","Beam Cell"],"picked":"Static Discharge+1","floor":35},{"not_picked":["Redo+1","Rip and Tear+1","Hologram"],"picked":"SKIP","floor":35},{"not_picked":["Aggregate","Go for the Eyes+1"],"picked":"Capacitor+1","floor":36},{"not_picked":["Go for the Eyes+1","Gash","Ball Lightning+1"],"picked":"SKIP","floor":36},{"not_picked":["Barrage","Recycle+1"],"picked":"Reboot","floor":38},{"not_picked":["Go for the Eyes+1","Sunder"],"picked":"Capacitor+1","floor":38},{"not_picked":["FTL","Scrape+1"],"picked":"Static Discharge+1","floor":39},{"not_picked":["Leap","Redo","Go for the Eyes+1"],"picked":"SKIP","floor":39},{"not_picked":["Ball Lightning+1","Recycle","Sweeping Beam+1"],"picked":"SKIP","floor":40},{"not_picked":["Core Surge","Streamline+1","Barrage+1"],"picked":"SKIP","floor":41},{"not_picked":["Go for the Eyes+1","Conserve Battery+1","Rebound+1"],"picked":"SKIP","floor":41},{"not_picked":["Darkness","Go for the Eyes+1","Reinforced Body+1"],"picked":"SKIP","floor":42},{"not_picked":["Sunder+1","Steam+1"],"picked":"Static Discharge+1","floor":45}],"player_experience":219899,"relics_obtained":[{"floor":7.0,"key":"Pocketwatch"},{"floor":9.0,"key":"StoneCalendar"},{"floor":14.0,"key":"Odd Mushroom"},{"floor":20.0,"key":"Red Mask"},{"floor":24.0,"key":"Frozen Egg 2"},{"floor":26.0,"key":"Pear"},{"floor":27.0,"key":"Old Coin"},{"floor":29.0,"key":"Ancient Tea Set"},{"floor":31.0,"key":"Whetstone"},{"floor":40,"key":"Meat on the Bone"},{"floor":42,"key":"Sundial"},{"floor":43,"key":"Blood Vial"},{"floor":45,"key":"Smiling Mask"}],"event_choices":[{"event_name":"Purifier","player_choice":"One Purge","floor":5.0,"damage_taken":0.0},{"event_name":"Mushrooms","player_choice":"Fought Mushrooms","floor":14.0,"damage_taken":0.0},{"event_name":"Masked Bandits","player_choice":"Fought Bandits","floor":20.0,"damage_taken":0.0},{"event_name":"Winding Halls","player_choice":"Embrace Madness","floor":37,"damage_taken":0},{"event_name":"The Moai Head","player_choice":"Heal","floor":46,"damage_taken":0}],"is_beta":false,"boss_relics":[{"not_picked":["Inserter","Pandora\u0027s Box"],"picked":"Coffee Dripper"},{"not_picked":["FrozenCore","Tiny House"],"picked":"Lizard Tail"}],"items_purged_floors":[10,30,48],"is_endless":false,"potions_floor_spawned":[2,8,12,13,14,18,20,22,29,31,35,39,42],"ascension_level":1}