{"gold_per_floor":[117,133,83,83,8,34,34,54,54,68,68,86,11,11,11,114,114,132,232,182,199,217,217,142,142,167,199,231,243,287,311,323,335],"floor_reached":33,"playtime":4285,"items_purged":["Strike_R","Strike_R","Strike_R"],"score":272,"play_id":"71821120-a21d-49f5-ba2c-6d39cc45251d","local_time":"20190219230622","is_ascension_mode":false,"campfire_choices":[{"data":"Wild Strike","floor":7,"key":"SMITH"},{"data":"Rampage","floor":11,"key":"SMITH"},{"data":"Intimidate","floor":15,"key":"SMITH"},{"floor":23,"key":"REST"},{"data":"Limit Break","floor":29,"key":"SMITH"},{"floor":32,"key":"REST"}],"neow_cost":"NONE","seed_source_timestamp":282813525350728,"circlet_count":0,"master_deck":["Defend_R","Defend_R","Defend_R","Bash","Carnage","Wild Strike+1","Headbutt","Rampage+1","Intimidate+1","Flex","Limit Break+1","Headbutt","Shrug It Off","Inflame","Pommel Strike","Flame Barrier","Power Through+1","Whirlwind+1","Sentinel+1","Battle Trance+1","Shrug It Off"],"relics":["Burning Blood","NeowsBlessing","Smiling Mask","Orrery","MawBank","Red Mask"],"potions_floor_usage":[16,16,27,27,30],"damage_taken":[{"damage":0,"enemies":"2 Louse","floor":1,"turns":1},{"damage":0,"enemies":"Jaw Worm","floor":2,"turns":1},{"damage":0,"enemies":"3 Sentries","floor":6,"turns":2},{"damage":1,"enemies":"Cultist","floor":8,"turns":3},{"damage":19,"enemies":"Large Slime","floor":10,"turns":8},{"damage":0,"enemies":"2 Fungi Beasts","floor":12,"turns":3},{"damage":28,"enemies":"Hexaghost","floor":16,"turns":9},{"damage":38,"enemies":"Chosen","floor":18,"turns":7},{"damage":16,"enemies":"3 Byrds","floor":21,"turns":6},{"damage":17,"enemies":"Shelled Parasite and Fungi","floor":22,"turns":9},{"damage":22,"enemies":"Snake Plant","floor":27,"turns":4},{"damage":3,"enemies":"Snecko","floor":28,"turns":5},{"damage":0,"enemies":"Masked Bandits","floor":30,"turns":2},{"damage":23,"enemies":"Shelled Parasite and Fungi","floor":31,"turns":6},{"damage":71,"enemies":"Automaton","floor":33,"turns":8}],"seed_played":"-643707036713377959","potions_obtained":[{"floor":1,"key":"Poison Potion"},{"floor":8,"key":"Weak Potion"},{"floor":16,"key":"Poison Potion"},{"floor":22,"key":"Regen Potion"},{"floor":28,"key":"Strength Potion"}],"is_trial":false,"path_per_floor":["M","M","?","?","$","E","R","M","T","M","R","M","$","?","R","B",null,"M","?","$","M","M","R","?","?","T","M","M","R","?","M","R","B"],"character_chosen":"IRONCLAD","items_purchased":["Flex"],"campfire_rested":2,"item_purchase_floors":[13],"current_hp_per_floor":[80,80,80,85,85,85,85,85,85,72,72,78,78,71,71,49,85,53,53,53,43,32,57,57,57,57,53,56,56,62,45,70,0],"gold":335,"neow_bonus":"THREE_ENEMY_KILL","is_prod":false,"is_daily":false,"chose_seed":false,"campfire_upgraded":4,"win_rate":0,"timestamp":1550585182,"path_taken":["M","M","?","?","?","E","R","M","T","M","R","?","$","?","R","BOSS","M","?","$","M","?","R","?","?","T","M","M","R","?","?","R","BOSS"],"build_version":"2019-01-23","purchased_purges":3,"victory":false,"max_hp_per_floor":[80,80,80,85,85,85,85,85,85,85,85,85,85,85,85,85,85,85,85,85,85,85,85,85,85,85,85,85,85,85,85,85,85],"card_choices":[{"not_picked":["Blood for Blood","Fire Breathing"],"picked":"Carnage","floor":1},{"not_picked":["Carnage","Sentinel","Blood for Blood"],"picked":"SKIP","floor":2},{"not_picked":["Carnage","Clash"],"picked":"Wild Strike","floor":6},{"not_picked":["Shrug It Off","True Grit"],"picked":"Headbutt","floor":8},{"not_picked":["True Grit","Thunderclap"],"picked":"Rampage","floor":10},{"not_picked":["Sword Boomerang","Ghostly Armor"],"picked":"Intimidate","floor":12},{"not_picked":["Feed","Juggernaut"],"picked":"Limit Break","floor":16},{"not_picked":["Iron Wave","Whirlwind"],"picked":"Headbutt","floor":17},{"not_picked":["Flex","Clothesline"],"picked":"Shrug It Off","floor":17},{"not_picked":["Blood for Blood","Cleave"],"picked":"Inflame","floor":17},{"not_picked":["Clash","Anger"],"picked":"Pommel Strike","floor":17},{"not_picked":["Clothesline","Sever Soul"],"picked":"Flame Barrier","floor":17},{"not_picked":["Carnage","Iron Wave"],"picked":"Power Through+1","floor":18},{"not_picked":["Warcry","Barricade"],"picked":"Whirlwind+1","floor":21},{"not_picked":["Blood for Blood","Infernal Blade"],"picked":"Sentinel+1","floor":22},{"not_picked":["Bloodletting","Rampage"],"picked":"Battle Trance+1","floor":27},{"not_picked":["Havoc","Wild Strike","Fire Breathing"],"picked":"SKIP","floor":28},{"not_picked":["Iron Wave","Flex"],"picked":"Shrug It Off","floor":31}],"player_experience":267211,"relics_obtained":[{"floor":9,"key":"Smiling Mask"},{"floor":26,"key":"MawBank"},{"floor":30,"key":"Red Mask"}],"event_choices":[{"cards_removed":["Strike_R"],"damage_healed":0,"gold_gain":0,"player_choice":"Card Removal","damage_taken":0,"max_hp_gain":0,"max_hp_loss":0,"event_name":"The Cleric","floor":3,"gold_loss":50},{"damage_healed":0,"gold_gain":0,"player_choice":"Donut","damage_taken":0,"max_hp_gain":5,"max_hp_loss":0,"event_name":"Big Fish","floor":4,"gold_loss":0},{"cards_removed":["Strike_R"],"damage_healed":0,"gold_gain":0,"player_choice":"Card Removal","damage_taken":7,"max_hp_gain":0,"max_hp_loss":0,"event_name":"Golden Wing","floor":14,"gold_loss":0},{"damage_healed":0,"gold_gain":100,"player_choice":"Pray","damage_taken":0,"max_hp_gain":0,"max_hp_loss":0,"event_name":"Golden Shrine","floor":19,"gold_loss":0},{"cards_removed":["Defend_R"],"damage_healed":0,"gold_gain":0,"player_choice":"Gave Gold","damage_taken":0,"max_hp_gain":0,"max_hp_loss":0,"event_name":"Beggar","floor":24,"gold_loss":75},{"damage_healed":0,"gold_gain":0,"player_choice":"Ignored","damage_taken":0,"max_hp_gain":0,"max_hp_loss":0,"event_name":"Ghosts","floor":25,"gold_loss":0},{"damage_healed":0,"gold_gain":0,"player_choice":"Fought Bandits","damage_taken":0,"max_hp_gain":0,"max_hp_loss":0,"event_name":"Masked Bandits","floor":30,"gold_loss":0}],"is_beta":false,"boss_relics":[{"not_picked":["Ectoplasm","Black Blood"],"picked":"Orrery"}],"items_purged_floors":[5,13,20],"is_endless":false,"potions_floor_spawned":[1,8,16,22,28],"killed_by":"Automaton","ascension_level":0}