{"gold_per_floor":[111,124,299,374,388,388,417,417,417,435,435,435,435,452,452,525,525,540,550,475,390,408,408,424,424,424,424,424],"floor_reached":28,"playtime":2253,"items_purged":["Doubt"],"score":371,"play_id":"09bd324a-e85c-4bc4-9e09-587b6c565928","local_time":"20181116225426","is_ascension_mode":true,"campfire_choices":[{"floor":6,"key":"REST"},{"data":"Self Repair","floor":8,"key":"SMITH"},{"data":"Zap","floor":13,"key":"SMITH"},{"data":"Melter","floor":15,"key":"SMITH"},{"floor":23,"key":"REST"},{"floor":25,"key":"REST"},{"data":"Leap","floor":27,"key":"SMITH"}],"neow_cost":"NONE","seed_source_timestamp":155418138125828,"circlet_count":0,"master_deck":["AscendersBane","Strike_B","Strike_B","Strike_B","Strike_B","Defend_B","Defend_B","Defend_B","Defend_B","Zap+1","Dualcast","Leap+1","Self Repair+1","Melter+1","Double Energy","Cold Snap","Creative AI","White Noise","BootSequence","Cold Snap","Hologram","Blizzard+1","Leap"],"relics":["Cracked Core","Art of War","Dream Catcher","Mercury Hourglass","Regal Pillow","Black Star","Sundial","WingedGreaves"],"potions_floor_usage":[7,22,28],"damage_taken":[{"damage":0,"enemies":"2 Louse","floor":1,"turns":3},{"damage":4,"enemies":"Small Slimes","floor":2,"turns":4},{"damage":2,"enemies":"Cultist","floor":5,"turns":4},{"damage":26,"enemies":"3 Sentries","floor":7,"turns":10},{"damage":3,"enemies":"Looter","floor":10,"turns":3},{"damage":7,"enemies":"2 Fungi Beasts","floor":14,"turns":3},{"damage":57,"enemies":"The Guardian","floor":16,"turns":16},{"damage":24,"enemies":"Shell Parasite","floor":18,"turns":7},{"damage":32,"enemies":"3 Byrds","floor":19,"turns":5},{"damage":18,"enemies":"Snecko","floor":22,"turns":7},{"damage":18,"enemies":"3 Cultists","floor":24,"turns":4},{"damage":89,"enemies":"Gremlin Leader","floor":28,"turns":9}],"seed_played":"5958352252095843474","potions_obtained":[{"floor":2,"key":"Explosive Potion"},{"floor":5,"key":"SteroidPotion"},{"floor":7,"key":"PowerPotion"},{"floor":18,"key":"Energy Potion"}],"is_trial":false,"path_per_floor":["M","M","?","?","M","R","E","R","T","M","?","?","R","M","R","B",null,"M","M","$","?","M","R","M","R","T","R","E"],"character_chosen":"DEFECT","items_purchased":[],"campfire_rested":3,"item_purchase_floors":[],"current_hp_per_floor":[64,60,60,49,54,71,52,52,52,59,64,64,64,67,67,20,62,48,26,26,26,18,55,47,76,76,76,0],"gold":424,"neow_bonus":"RANDOM_COMMON_RELIC","is_prod":false,"is_daily":false,"chose_seed":false,"campfire_upgraded":4,"win_rate":0,"timestamp":1542376466,"path_taken":["M","M","?","?","M","R","E","R","T","M","?","?","R","?","R","BOSS","M","M","$","?","M","R","M","R","T","R","E"],"build_version":"2018-11-15","purchased_purges":1,"victory":false,"max_hp_per_floor":[71,71,71,71,71,71,71,71,71,71,76,76,76,76,76,76,76,76,76,76,76,76,76,76,76,76,76,76],"card_choices":[{"not_picked":["Barrage","Stack"],"picked":"Leap","floor":1},{"not_picked":["Consume","Cold Snap"],"picked":"Self Repair","floor":2},{"not_picked":["Sweeping Beam","Aggregate","Steam Power"],"picked":"SKIP","floor":5},{"not_picked":["Loop","Turbo"],"picked":"Melter","floor":7},{"not_picked":["Go for the Eyes","Hologram"],"picked":"Double Energy","floor":10},{"not_picked":["Coolheaded","Heatsinks"],"picked":"Cold Snap","floor":14},{"not_picked":["Core Surge","Electrodynamics"],"picked":"Creative AI","floor":16},{"not_picked":["Steam","Beam Cell"],"picked":"White Noise","floor":18},{"not_picked":["Double Energy","Beam Cell+1"],"picked":"BootSequence","floor":19},{"not_picked":["Steam","Steam Power+1"],"picked":"Cold Snap","floor":22},{"not_picked":["Gash","Chaos"],"picked":"Hologram","floor":23},{"not_picked":["Genetic Algorithm","Turbo"],"picked":"Blizzard+1","floor":24},{"not_picked":["Rebound","Barrage"],"picked":"Leap","floor":25}],"player_experience":511142,"relics_obtained":[{"floor":7,"key":"Dream Catcher"},{"floor":9,"key":"Mercury Hourglass"},{"floor":26,"key":"WingedGreaves"}],"event_choices":[{"damage_healed":0,"gold_gain":175,"player_choice":"AGREE","damage_taken":0,"max_hp_gain":0,"max_hp_loss":0,"event_name":"Liars Game","floor":3,"gold_loss":0,"cards_obtained":["Doubt"]},{"damage_healed":0,"gold_gain":75,"player_choice":"Gather Gold","damage_taken":11,"max_hp_gain":0,"max_hp_loss":0,"event_name":"World of Goop","floor":4,"gold_loss":0},{"damage_healed":0,"gold_gain":0,"player_choice":"Donut","damage_taken":0,"max_hp_gain":5,"max_hp_loss":0,"event_name":"Big Fish","floor":11,"gold_loss":0},{"damage_healed":0,"gold_gain":0,"player_choice":"Gave Potion","damage_taken":0,"relics_obtained":["Regal Pillow"],"max_hp_gain":0,"max_hp_loss":0,"event_name":"WeMeetAgain","floor":12,"gold_loss":0},{"damage_healed":0,"gold_gain":0,"player_choice":"Obtained Relic","damage_taken":0,"relics_obtained":["Sundial"],"max_hp_gain":0,"max_hp_loss":0,"event_name":"Addict","floor":21,"gold_loss":85}],"is_beta":false,"boss_relics":[{"not_picked":["Runic Dome","Runic Pyramid"],"picked":"Black Star"}],"items_purged_floors":[20],"is_endless":false,"potions_floor_spawned":[2,5,7,18,19],"killed_by":"Gremlin Leader","ascension_level":14}