{"path_per_floor":["M","?","M","?","M","R","M","T","T","M","R","M","E","M","R","B",null,"M","M"],"character_chosen":"THE_SILENT","items_purchased":[],"gold_per_floor":[109,109,126,301,319,319,330,330,330,343,343,355,380,390,390,488,488,501,521],"floor_reached":20,"campfire_rested":2,"playtime":1417,"current_hp_per_floor":[56,56,55,55,55,55,55,55,55,35,70,63,40,20,56,19,70,48,31],"items_purged":[],"gold":521,"score":178,"play_id":"73c25733-debb-4233-9731-8f8e983018c3","is_prod":false,"is_daily":false,"is_ascension_mode":false,"campfire_upgraded":1,"path_taken":["M","?","M","?","M","R","M","?","T","M","R","?","E","?","R","BOSS","M","M","M"],"build_version":"2018-02-12-PROD1","purchased_purges":0,"victory":false,"master_deck":["Defend_G","Defend_G","Defend_G","Defend_G","Defend_G","Strike_G","Strike_G","Strike_G","Strike_G","Strike_G","Survivor","Neutralize","Dagger Spray+1","Noxious Fumes+1","Doubt","Choke","Sucker Punch","Outmaneuver","PiercingWail","Tools of the Trade","Doppelganger","Flying Knee","Deadly Poison","Quick Slash","Poisoned Stab","Bane","Dagger Spray","Quick Slash"],"max_hp_per_floor":[70,70,70,70,70,70,70,70,70,70,70,70,70,70,70,70,70,70,70],"relics":["Ring of the Snake","Regal Pillow","Bird Faced Urn","Prayer Wheel","Orrery"],"card_choices":[{"not_picked":["Malaise","Quick Slash"],"picked":"Dagger Spray"},{"not_picked":["Blur","Infinite Blades"],"picked":"Noxious Fumes"},{"not_picked":["Bane","Calculated Gamble"],"picked":"Choke"},{"not_picked":["Dagger Spray","Leg Sweep"],"picked":"Sucker Punch"},{"not_picked":["PiercingWail","Prepared"],"picked":"Outmaneuver"},{"not_picked":["Dagger Spray","Catalyst"],"picked":"PiercingWail"},{"not_picked":["Acrobatics","Calculated Gamble"],"picked":"Tools of the Trade"},{"not_picked":["Glass Knife","After Image"],"picked":"Doppelganger"},{"not_picked":["Slice","Deadly Poison"],"picked":"Flying Knee"},{"not_picked":["Quick Slash","Slice"],"picked":"Deadly Poison"},{"not_picked":["Crippling Poison","Calculated Gamble"],"picked":"Quick Slash"},{"not_picked":["Setup","Backstab"],"picked":"Poisoned Stab"},{"not_picked":["Backflip","Poisoned Stab"],"picked":"Bane"},{"not_picked":["Calculated Gamble","Reflex"],"picked":"Dagger Spray"},{"not_picked":["Cloak And Dagger","Infinite Blades"],"picked":"Quick Slash"}],"player_experience":172615,"potions_floor_usage":[],"damage_taken":[{"damage":14.0,"enemies":"Blue Slaver","floor":1.0,"turns":4.0},{"damage":1.0,"enemies":"Cultist","floor":3.0,"turns":3.0},{"damage":0.0,"enemies":"2 Louse","floor":5.0,"turns":2.0},{"damage":0.0,"enemies":"Large Slime","floor":7.0,"turns":5.0},{"damage":34.0,"enemies":"Exordium Thugs","floor":10.0,"turns":5.0},{"damage":7.0,"enemies":"Looter","floor":12.0,"turns":3.0},{"damage":25.0,"enemies":"3 Sentries","floor":13.0,"turns":6.0},{"damage":22.0,"enemies":"Red Slaver","floor":14.0,"turns":5.0},{"damage":41.0,"enemies":"Hexaghost","floor":16.0,"turns":13.0},{"damage":24.0,"enemies":"3 Byrds","floor":18.0,"turns":5.0},{"damage":21.0,"enemies":"Spheric Guardian","floor":19.0,"turns":4.0},{"damage":41,"enemies":"Chosen and Byrds","floor":20,"turns":6}],"event_choices":[{"event_name":"Upgrade Shrine","player_choice":"Upgraded","floor":2.0,"damage_taken":0.0},{"event_name":"Liars Game","player_choice":"agreed","floor":4.0,"damage_taken":0.0}],"boss_relics":[],"potions_floor_spawned":[1,10,12,13,14,16],"seed_played":"4035871290071461377","killed_by":"Chosen and Byrds","ascension_level":0,"is_trial":false}