{"gold_per_floor":[119,129,41,41,316,347,347,51,120,156,170,210,234,248,248,344,344,362,380,360,144,168,232,232,285,285,285,285,308,308,344,344,440,503,528,528,548,571,265,265,300,319,343,377,433,433],"floor_reached":46,"playtime":2783,"items_purged":["Regret"],"score":1262,"play_id":"13bead77-8ef7-4df5-81e2-d5c3c8e3a90e","local_time":"20190212021338","is_ascension_mode":true,"campfire_choices":[{"data":"Seeing Red","floor":7,"key":"SMITH"},{"data":"Havoc","floor":15,"key":"SMITH"},{"floor":24,"key":"REST"},{"data":"Pommel Strike","floor":28,"key":"SMITH"},{"floor":32,"key":"REST"},{"floor":40,"key":"REST"}],"neow_cost":"NONE","seed_source_timestamp":455110800977000,"circlet_count":0,"master_deck":["AscendersBane","Strike_R","Strike_R","Strike_R","Strike_R","Strike_R","Defend_R","Defend_R","Defend_R","Defend_R","Bash","Twin Strike","Infernal Blade","Evolve","Seeing Red+1","Metallicize+1","Intimidate","Clash","Metallicize+1","Havoc+1","Demon Form+1","Pommel Strike+1","Magnetism+1","Iron Wave","Inflame+1","Feel No Pain+1","Havoc+1","Barricade+1","Metallicize+1","Battle Trance","Infernal Blade","Discovery","Infernal Blade","Shame","Havoc","Battle Trance"],"relics":["Burning Blood","NeowsBlessing","Golden Idol","Bird Faced Urn","OrangePellets","Frozen Egg 2","Bronze Scales","FossilizedHelix","Cursed Key","Mango","Lantern","Ginger","MutagenicStrength","Pen Nib","Tiny House","PrismaticShard","Blood Vial","Ancient Tea Set","Pantograph","Pocketwatch"],"potions_floor_usage":[12,12,16,19,22,31,31,41,41,45],"damage_taken":[{"damage":0,"enemies":"Jaw Worm","floor":1,"turns":1},{"damage":0,"enemies":"Small Slimes","floor":2,"turns":1},{"damage":2,"enemies":"Lagavulin","floor":6,"turns":2},{"damage":0,"enemies":"Gremlin Nob","floor":10,"turns":2},{"damage":0,"enemies":"Cultist","floor":11,"turns":2},{"damage":27,"enemies":"Lagavulin","floor":12,"turns":7},{"damage":9,"enemies":"Lots of Slimes","floor":13,"turns":4},{"damage":6,"enemies":"3 Louse","floor":14,"turns":4},{"damage":45,"enemies":"Hexaghost","floor":16,"turns":11},{"damage":2,"enemies":"Shell Parasite","floor":18,"turns":4},{"damage":2,"enemies":"2 Thieves","floor":19,"turns":5},{"damage":26,"enemies":"Chosen and Byrds","floor":22,"turns":5},{"damage":65,"enemies":"Slavers","floor":23,"turns":6},{"damage":24,"enemies":"Gremlin Leader","floor":25,"turns":7},{"damage":16,"enemies":"3 Cultists","floor":29,"turns":5},{"damage":27,"enemies":"Slavers","floor":31,"turns":5},{"damage":38,"enemies":"Collector","floor":33,"turns":7},{"damage":67,"enemies":"Orb Walker","floor":35,"turns":6},{"damage":30,"enemies":"3 Darklings","floor":37,"turns":7},{"damage":25,"enemies":"Writhing Mass","floor":38,"turns":7},{"damage":59,"enemies":"Giant Head","floor":41,"turns":6},{"damage":0,"enemies":"4 Shapes","floor":42,"turns":23},{"damage":48,"enemies":"Nemesis","floor":44,"turns":7},{"damage":33,"enemies":"2 Orb Walkers","floor":45,"turns":7},{"damage":34,"enemies":"Reptomancer","floor":46,"turns":2}],"seed_played":"8169986312702117776","potions_obtained":[{"floor":1,"key":"FearPotion"},{"floor":6,"key":"SpeedPotion"},{"floor":11,"key":"Poison Potion"},{"floor":13,"key":"Weak Potion"},{"floor":18,"key":"Fire Potion"},{"floor":19,"key":"SteroidPotion"},{"floor":20,"key":"BloodPotion"},{"floor":22,"key":"Dexterity Potion"},{"floor":31,"key":"Energy Potion"},{"floor":34,"key":"PowerPotion"},{"floor":42,"key":"Poison Potion"},{"floor":44,"key":"SteroidPotion"}],"is_trial":false,"path_per_floor":["M","M","$","?","?","E","R","$","T","E","M","E","M","M","R","B",null,"M","M","?","$","M","E","R","E","T","?","R","M","?","E","R","B",null,"M","?","M","M","$","R","E","M","T","E","?","E"],"character_chosen":"IRONCLAD","items_purchased":["Evolve","OrangePellets","Magnetism+1","PrismaticShard","Infernal Blade"],"campfire_rested":3,"item_purchase_floors":[3,8,21,39,39],"current_hp_per_floor":[74,75,75,68,68,68,68,68,68,68,68,47,48,50,50,17,55,63,68,68,68,62,27,51,43,43,43,43,43,43,30,54,36,76,33,33,27,28,28,54,19,47,47,25,16,0],"gold":433,"neow_bonus":"THREE_ENEMY_KILL","is_prod":false,"is_daily":false,"chose_seed":false,"campfire_upgraded":3,"win_rate":0,"timestamp":1549934018,"path_taken":["M","M","$","?","?","E","R","$","T","E","M","E","?","?","R","BOSS","M","M","?","$","?","E","R","E","T","?","R","M","?","E","R","BOSS","M","?","?","M","$","R","E","M","T","E","?","E"],"build_version":"2019-01-23","purchased_purges":1,"victory":false,"max_hp_per_floor":[75,75,75,68,68,68,68,68,68,68,68,68,68,68,68,68,68,68,68,68,68,68,82,82,82,82,82,82,82,82,82,82,82,87,87,87,87,87,87,87,87,87,87,87,87,87],"card_choices":[{"not_picked":["Sever Soul","Rampage"],"picked":"Twin Strike","floor":1},{"not_picked":["Sword Boomerang","Searing Blow"],"picked":"Infernal Blade","floor":2},{"not_picked":["Rupture","Twin Strike"],"picked":"Seeing Red","floor":6},{"not_picked":["Dual Wield","Burning Pact"],"picked":"Metallicize+1","floor":10},{"not_picked":["Wild Strike","Bloodletting"],"picked":"Intimidate","floor":11},{"not_picked":["Rampage","Power Through"],"picked":"Clash","floor":12},{"not_picked":["Dropkick","Clash"],"picked":"Metallicize+1","floor":13},{"not_picked":["Sword Boomerang","Heavy Blade"],"picked":"Havoc","floor":14},{"not_picked":["Immolate","Brutality+1"],"picked":"Demon Form+1","floor":16},{"not_picked":["Shockwave","Shrug It Off"],"picked":"Pommel Strike","floor":18},{"not_picked":["Warcry","Rage+1","Combust+1"],"picked":"SKIP","floor":19},{"not_picked":["Wild Strike","Flex","Dropkick"],"picked":"SKIP","floor":22},{"not_picked":["Entrench+1","Fire Breathing+1"],"picked":"Iron Wave","floor":23},{"not_picked":["Exhume","Perfected Strike"],"picked":"Inflame+1","floor":25},{"not_picked":["Warcry+1","Disarm"],"picked":"Feel No Pain+1","floor":29},{"not_picked":["Rupture+1","Armaments"],"picked":"Havoc","floor":31},{"not_picked":["Berserk+1","Limit Break"],"picked":"Barricade+1","floor":33},{"not_picked":["Shrug It Off+1","Rupture+1"],"picked":"Metallicize+1","floor":35},{"not_picked":["Ghostly Armor","Uppercut"],"picked":"Battle Trance","floor":37},{"not_picked":["Twin Strike+1","Cleave","Clothesline"],"picked":"SKIP","floor":38},{"not_picked":["Acrobatics+1","Amplify"],"picked":"Discovery","floor":41},{"not_picked":["Sweeping Beam","Deep Breath"],"picked":"Infernal Blade","floor":42},{"not_picked":["Redo","Conserve Battery+1"],"picked":"Havoc","floor":44},{"not_picked":["Cleave+1","Turbo+1"],"picked":"Battle Trance","floor":45}],"player_experience":370795,"relics_obtained":[{"floor":6,"key":"Bird Faced Urn"},{"floor":9,"key":"Frozen Egg 2"},{"floor":10,"key":"Bronze Scales"},{"floor":12,"key":"FossilizedHelix"},{"floor":23,"key":"Mango"},{"floor":25,"key":"Lantern"},{"floor":26,"key":"Ginger"},{"floor":31,"key":"Pen Nib"},{"floor":41,"key":"Blood Vial"},{"floor":43,"key":"Ancient Tea Set"},{"floor":44,"key":"Pantograph"},{"floor":45,"key":"Pocketwatch"}],"event_choices":[{"damage_healed":0,"gold_gain":0,"player_choice":"Lose Max HP","damage_taken":0,"relics_obtained":["Golden Idol"],"max_hp_gain":0,"max_hp_loss":7,"event_name":"Golden Idol","floor":4,"gold_loss":0},{"damage_healed":0,"gold_gain":275,"player_choice":"Desecrate","damage_taken":0,"max_hp_gain":0,"max_hp_loss":0,"event_name":"Golden Shrine","floor":5,"gold_loss":0,"cards_obtained":["Regret"]},{"damage_healed":0,"gold_gain":0,"player_choice":"Bought 1 Potion","damage_taken":0,"max_hp_gain":0,"max_hp_loss":0,"event_name":"The Woman in Blue","floor":20,"gold_loss":0},{"damage_healed":0,"gold_gain":0,"player_choice":"Ignored","damage_taken":0,"max_hp_gain":0,"max_hp_loss":0,"event_name":"Vampires","floor":27,"gold_loss":0},{"damage_healed":0,"gold_gain":0,"player_choice":"Inject Mutagens","damage_taken":0,"relics_obtained":["MutagenicStrength"],"max_hp_gain":0,"max_hp_loss":0,"event_name":"Drug Dealer","floor":30,"gold_loss":0},{"cards_removed":["Doubt"],"damage_healed":0,"gold_gain":0,"player_choice":"Purged","damage_taken":0,"max_hp_gain":0,"max_hp_loss":0,"event_name":"Purifier","floor":36,"gold_loss":0},{"damage_healed":0,"gold_gain":0,"player_choice":"Fight","damage_taken":0,"max_hp_gain":0,"max_hp_loss":0,"event_name":"Mysterious Sphere","floor":45,"gold_loss":0}],"is_beta":false,"boss_relics":[{"not_picked":["Orrery","Eternal Feather"],"picked":"Cursed Key"},{"not_picked":["Calling Bell","Runic Dome"],"picked":"Tiny House"}],"items_purged_floors":[8],"is_endless":false,"potions_floor_spawned":[1,6,11,13,18,19,22,31,35,42,44],"killed_by":"Reptomancer","ascension_level":20}