{"path_per_floor":["M","?","?","M","M","E","R","M","T","T","$","M","R","?","R","B",null,"M","?","M","?","M","R","M","E","T","M","R","?","$","M","R"],"character_chosen":"THE_SILENT","items_purchased":["Quick Slash","Snake Skull","Tough Bandages","Backflip"],"gold_per_floor":[110,110,110,123,134,168,168,184,262,285,262,280,280,356,356,452,452,468,468,478,403,419,419,429,493,517,534,534,534,103,121,121],"floor_reached":33,"campfire_rested":4,"playtime":1996,"current_hp_per_floor":[68,61,61,60,58,39,60,54,54,54,54,47,47,47,47,17,70,51,51,47,47,30,51,39,30,30,22,43,43,43,36,57],"items_purged":[],"gold":121,"play_id":"a0bd628b-d258-4e88-8ba3-d9a1f518c6b0","is_prod":false,"is_daily":false,"campfire_rituals":0,"campfire_upgraded":2,"is_hardmode":false,"path_taken":["M","?","?","M","M","E","R","M","T","?","$","M","R","?","R","BOSS","M","?","M","?","M","R","M","E","T","M","R","?","$","M","R","BOSS"],"build_version":"2018-01-11-PROD1","purchased_purges":0,"victory":false,"master_deck":["Defend_G","Defend_G","Strike_G","Strike_G","Strike_G","Strike_G","Survivor","Neutralize","Terror","Accuracy","Predator","Cloak And Dagger","Flying Knee","Quick Slash","Slice","A Thousand Cuts","Predator","Terror","Burst","Slice","Blur","Flying Knee","Slice","Blur","Dagger Throw","Backflip","Prepared"],"max_hp_per_floor":[70,70,70,70,70,70,70,70,70,70,70,70,70,70,70,70,70,70,70,70,70,70,70,70,70,70,70,70,70,70,70,70],"relics":["Ring of the Snake","Bag of Marbles","Bag of Preparation","Matryoshka","Orichalcum","Juzu Bracelet","Astrolabe","Girya","Tiny Chest","Pantograph","Pen Nib","Snake Skull","Tough Bandages"],"campfire_meditates":0,"card_choices":[{"not_picked":["Dagger Throw","Infinite Blades"],"picked":"Terror"},{"not_picked":["Sucker Punch","Quick Slash"],"picked":"Accuracy"},{"not_picked":["Dagger Throw","PiercingWail"],"picked":"Predator"},{"not_picked":["All Out Attack","Finisher"],"picked":"Cloak And Dagger"},{"not_picked":["Noxious Fumes","Bane"],"picked":"Flying Knee"},{"not_picked":["Dodge and Roll","Quick Slash"],"picked":"Slice"},{"not_picked":["Burst","Corpse Explosion"],"picked":"A Thousand Cuts"},{"not_picked":["Dagger Throw","Bouncing Flask"],"picked":"Slice"},{"not_picked":["Finisher","Bouncing Flask"],"picked":"Blur"},{"not_picked":["Calculated Gamble","Deflect"],"picked":"Flying Knee"},{"not_picked":["Distraction","Quick Slash"],"picked":"Slice"},{"not_picked":["Flying Knee","Footwork"],"picked":"Blur"},{"not_picked":["Catalyst","Dodge and Roll"],"picked":"Dagger Throw"},{"not_picked":["Deadly Poison","PiercingWail"],"picked":"Prepared"}],"player_experience":66579,"potions_floor_usage":[6,25,25,33,33,33],"damage_taken":[{"damage":2,"enemies":"Jaw Worm","floor":1,"turns":4},{"damage":1,"enemies":"Cultist","floor":4,"turns":3},{"damage":2,"enemies":"Blue Slaver","floor":5,"turns":5},{"damage":31,"enemies":"Lagavulin","floor":6,"turns":7},{"damage":6,"enemies":"Large Slime","floor":8,"turns":4},{"damage":7,"enemies":"Red Slaver","floor":12,"turns":2},{"damage":30,"enemies":"Slime Boss","floor":16,"turns":15},{"damage":19,"enemies":"2 Thieves","floor":18,"turns":4},{"damage":4,"enemies":"Spheric Guardian","floor":20,"turns":3},{"damage":17,"enemies":"Chosen and Byrds","floor":22,"turns":6},{"damage":12,"enemies":"Snake Plant","floor":24,"turns":3},{"damage":9,"enemies":"Book of Stabbing","floor":25,"turns":4},{"damage":8,"enemies":"Centurion and Healer","floor":27,"turns":4},{"damage":7,"enemies":"3 Cultists","floor":31,"turns":3},{"damage":74,"enemies":"Automaton","floor":33,"turns":8}],"event_choices":[{"event_name":"Wheel of Change","player_choice":"Damage","floor":2,"damage_taken":0},{"event_name":"Upgrade Shrine","player_choice":"Upgraded","floor":3,"damage_taken":0},{"event_name":"Golden Wing","player_choice":"Gained Gold","floor":14,"damage_taken":0},{"event_name":"The Mausoleum","player_choice":"Yes","floor":19,"damage_taken":0},{"event_name":"Beggar","player_choice":"Gave Gold","floor":21,"damage_taken":0},{"event_name":"Back to Basics","player_choice":"Simplicity","floor":29,"damage_taken":0}],"boss_relics":[{"not_picked":["Cursed Key","The Specimen"],"picked":"Astrolabe"}],"potions_floor_spawned":[4,5,12,16,20,25,31],"seed_played":"-2275950361514107697","killed_by":"Automaton","is_trial":false}