{"path_per_floor":["M","?","M","M","M","E","M","$","T","M","$","M","R","M","R","B",null,"M","$","M","?","M","R","M","R","T","R","?","R","M","M","R"],"character_chosen":"THE_SILENT","items_purchased":["Membership Card","Predator","Bag of Marbles"],"gold_per_floor":[118,118,133,150,169,199,219,11,91,103,75,91,91,107,107,210,210,224,107,123,123,142,142,155,155,155,155,70,70,89,103,103],"floor_reached":33,"campfire_rested":4,"playtime":1516,"current_hp_per_floor":[69,74,74,74,73,49,49,49,49,44,44,43,65,65,65,36,75,47,47,43,29,14,38,16,40,40,64,64,74,51,51,51],"items_purged":[],"gold":103,"score":278,"play_id":"c0dfad36-d31d-4135-a2e7-36cf075a95c1","is_prod":false,"is_daily":false,"is_ascension_mode":false,"campfire_upgraded":1,"path_taken":["M","?","M","M","M","E","M","?","T","?","$","M","R","M","R","BOSS","M","$","M","?","?","R","M","R","T","R","?","R","?","M","R","BOSS"],"build_version":"2018-02-15-PROD1","purchased_purges":0,"victory":false,"master_deck":["Defend_G","Defend_G","Defend_G","Strike_G","Strike_G","Strike_G","Strike_G","Survivor","Neutralize","Backstab+1","Die Die Die","Cloak And Dagger","Slice","Backstab","Footwork","Quick Slash","Predator","Backflip","Quick Slash","Phantasmal Killer","Glass Knife+1","Tools of the Trade+1","All Out Attack+1","Quick Slash+1","Footwork","Endless Agony","Poisoned Stab","Sucker Punch","Blur+1"],"max_hp_per_floor":[70,75,75,75,75,75,75,75,75,75,75,75,75,75,75,75,75,75,75,75,80,80,80,80,80,80,80,80,90,90,90,90],"relics":["Ring of the Snake","Oddly Smooth Stone","Membership Card","Paper Crane","Astrolabe","Bag of Marbles","Peace Pipe","Shovel","Pear","Bag of Preparation"],"card_choices":[{"not_picked":["Outmaneuver","Acrobatics"],"picked":"Backstab"},{"not_picked":["Footwork","Cloak And Dagger"],"picked":"Die Die Die"},{"not_picked":["Heel Hook","Prepared"],"picked":"Cloak And Dagger"},{"not_picked":["Deflect","Footwork"],"picked":"Slice"},{"not_picked":["Deflect","All Out Attack"],"picked":"Backstab"},{"not_picked":["Escape Plan","Acrobatics"],"picked":"Footwork"},{"not_picked":["All Out Attack","Dodge and Roll"],"picked":"Quick Slash"},{"not_picked":["Corpse Explosion","Cloak And Dagger"],"picked":"Backflip"},{"not_picked":["Riddle With Holes","Dodge and Roll"],"picked":"Quick Slash"},{"not_picked":["Envenom","After Image"],"picked":"Phantasmal Killer"},{"not_picked":["Deflect","Flying Knee"],"picked":"Quick Slash"},{"not_picked":["Calculated Gamble","Backflip"],"picked":"Footwork"},{"not_picked":["Backflip","Cloak And Dagger"],"picked":"Endless Agony"},{"not_picked":["Slice","Die Die Die"],"picked":"Poisoned Stab"},{"not_picked":["Skewer","Endless Agony"],"picked":"Sucker Punch"},{"not_picked":["Bane","Flechettes"],"picked":"Blur"}],"player_experience":193403,"potions_floor_usage":[6,16,16,33,33],"damage_taken":[{"damage":1,"enemies":"Jaw Worm","floor":1,"turns":4},{"damage":0,"enemies":"2 Louse","floor":3,"turns":1},{"damage":0,"enemies":"Cultist","floor":4,"turns":3},{"damage":1,"enemies":"Exordium Wildlife","floor":5,"turns":3},{"damage":24,"enemies":"Lagavulin","floor":6,"turns":8},{"damage":0,"enemies":"Red Slaver","floor":7,"turns":2},{"damage":5,"enemies":"Gremlin Gang","floor":10,"turns":3},{"damage":1,"enemies":"3 Louse","floor":12,"turns":2},{"damage":0,"enemies":"2 Fungi Beasts","floor":14,"turns":1},{"damage":29,"enemies":"Slime Boss","floor":16,"turns":10},{"damage":28,"enemies":"3 Byrds","floor":18,"turns":4},{"damage":4,"enemies":"2 Thieves","floor":20,"turns":2},{"damage":15,"enemies":"3 Cultists","floor":22,"turns":4},{"damage":22,"enemies":"Centurion and Healer","floor":24,"turns":5},{"damage":23,"enemies":"Snake Plant","floor":30,"turns":3},{"damage":0,"enemies":"Sentry and Sphere","floor":31,"turns":2},{"damage":52,"enemies":"Automaton","floor":33,"turns":6}],"event_choices":[{"event_name":"Big Fish","player_choice":"Donut","floor":2,"damage_taken":0},{"event_name":"Forgotten Altar","player_choice":"Shed Blood","floor":21,"damage_taken":0},{"event_name":"Addict","player_choice":"Obtained Relic","floor":28,"damage_taken":0}],"boss_relics":[{"not_picked":["Eternal Feather","Philosopher\u0027s Stone"],"picked":"Astrolabe"}],"potions_floor_spawned":[3,5,10,12,16,22,30,31],"seed_played":"4812005789954219704","killed_by":"Automaton","ascension_level":0,"is_trial":false}