{"path_per_floor":["M","T","$","M","M","R","M","E","T","E","?","T","M","M","R","B",null,"M","M","$","M","$"],"character_chosen":"IRONCLAD","items_purchased":["Thread and Needle"],"gold_per_floor":[109,109,49,61,81,81,94,120,120,147,147,172,183,197,197,292,292,305,317,75,95,15,15],"floor_reached":23,"campfire_rested":0,"playtime":1070,"current_hp_per_floor":[75,75,75,78,81,81,77,61,61,64,64,64,73,83,83,66,119,99,83,83,67,67,0],"items_purged":["Defend_R","Wild Strike"],"gold":15,"score":263,"play_id":"62545b1e-9b6e-4017-92a2-0670be207559","local_time":"20180514183522","is_prod":false,"is_daily":false,"chose_seed":false,"is_ascension_mode":true,"campfire_upgraded":2,"timestamp":1526315722,"path_taken":["M","?","$","M","M","R","M","E","T","E","?","?","?","M","R","BOSS","M","M","?","?","$","E"],"build_version":"2018-05-10","seed_source_timestamp":61309240619965,"purchased_purges":2,"victory":false,"master_deck":["Strike_R","Strike_R","Strike_R","Strike_R","Strike_R","Defend_R","Defend_R","Feed+1","Clash","Spot Weakness+1","Clash","Thunderclap","Exhume","Warcry+1"],"max_hp_per_floor":[75,75,75,78,81,81,85,103,103,107,107,107,111,115,115,119,119,123,131,131,139,139,139],"relics":["Burning Blood","The Courier","Mango","Toolbox","Paper Frog","Ornamental Fan","Regal Pillow","Eternal Feather","Thread and Needle"],"card_choices":[{"not_picked":["Shockwave","Havoc"],"picked":"Clash","floor":5},{"not_picked":["Hemokinesis","Uppercut"],"picked":"Spot Weakness","floor":7},{"not_picked":["Body Slam","Heavy Blade"],"picked":"Clash","floor":10},{"not_picked":["Dropkick","Bloodletting"],"picked":"Thunderclap","floor":13},{"not_picked":["Reaper","Bludgeon"],"picked":"Exhume","floor":16},{"not_picked":["Clothesline","True Grit"],"picked":"Warcry","floor":18}],"player_experience":59377,"potions_floor_usage":[],"damage_taken":[{"damage":6,"enemies":"Cultist","floor":1,"turns":3},{"damage":2,"enemies":"2 Louse","floor":4,"turns":2},{"damage":1,"enemies":"Jaw Worm","floor":5,"turns":4},{"damage":14,"enemies":"Red Slaver","floor":7,"turns":5},{"damage":40,"enemies":"Lagavulin","floor":8,"turns":6},{"damage":7,"enemies":"3 Sentries","floor":10,"turns":5},{"damage":1,"enemies":"2 Fungi Beasts","floor":13,"turns":2},{"damage":0,"enemies":"3 Louse","floor":14,"turns":3},{"damage":27,"enemies":"Slime Boss","floor":16,"turns":9},{"damage":30,"enemies":"Spheric Guardian","floor":18,"turns":5},{"damage":30,"enemies":"2 Thieves","floor":19,"turns":3},{"damage":30,"enemies":"Centurion and Healer","floor":21,"turns":4},{"damage":72,"enemies":"Gremlin Leader","floor":23,"turns":6}],"event_choices":[{"event_name":"Dead Adventurer","player_choice":"Searched \u00271\u0027 times","floor":11,"damage_taken":0}],"boss_relics":[{"not_picked":["Runic Dome","Runic Pyramid"],"picked":"Eternal Feather"}],"potions_floor_spawned":[4,5,13,18,19],"seed_played":"-9217161955225337603","killed_by":"Gremlin Leader","ascension_level":1,"is_trial":false}