{"gold_per_floor":[118,43,56,68,81,81,100,100,123,147,159,246,277,307,319,426,438,437,296,314,329,340,340,355,154,181,196,295,328,328],"floor_reached":30,"playtime":1917,"items_purged":["Strike_B","Strike_B","Strike_B"],"score":248,"play_id":"33cbba83-6f05-4038-a6b1-e394f8a77e2e","local_time":"20190219012646","is_ascension_mode":false,"campfire_choices":[{"floor":6,"key":"REST"},{"floor":8,"key":"REST"},{"floor":15,"key":"REST"},{"floor":23,"key":"REST"}],"neow_cost":"PERCENT_DAMAGE","seed_source_timestamp":402511563147307,"circlet_count":0,"master_deck":["Strike_B","Defend_B","Defend_B","Defend_B","Defend_B","Zap","Dualcast","Cold Snap","Consume","Cold Snap","Ball Lightning","Cold Snap","Ball Lightning","Consume+1","Chaos"],"relics":["Cracked Core","Bird Faced Urn","MawBank","Potion Belt","Velvet Choker","Boot","Happy Flower"],"potions_floor_usage":[10,16,18],"damage_taken":[{"damage":1,"enemies":"Cultist","floor":1,"turns":3},{"damage":1,"enemies":"Jaw Worm","floor":3,"turns":3},{"damage":0,"enemies":"2 Louse","floor":4,"turns":2},{"damage":18,"enemies":"Lots of Slimes","floor":5,"turns":5},{"damage":10,"enemies":"3 Louse","floor":7,"turns":4},{"damage":5,"enemies":"Blue Slaver","floor":10,"turns":3},{"damage":13,"enemies":"Gremlin Gang","floor":13,"turns":5},{"damage":6,"enemies":"Exordium Thugs","floor":14,"turns":4},{"damage":16,"enemies":"The Guardian","floor":16,"turns":10},{"damage":16,"enemies":"2 Thieves","floor":18,"turns":4},{"damage":3,"enemies":"Chosen","floor":20,"turns":5},{"damage":18,"enemies":"Snake Plant","floor":21,"turns":4},{"damage":6,"enemies":"Snecko","floor":22,"turns":5},{"damage":10,"enemies":"Cultist and Chosen","floor":24,"turns":5},{"damage":13,"enemies":"Snake Plant","floor":27,"turns":4},{"damage":18,"enemies":"Book of Stabbing","floor":29,"turns":6},{"damage":13,"enemies":"Snecko","floor":30,"turns":4}],"seed_played":"6114459818688372170","potions_obtained":[{"floor":4,"key":"Weak Potion"},{"floor":5,"key":"PowerPotion"},{"floor":7,"key":"SteroidPotion"},{"floor":13,"key":"EssenceOfSteel"},{"floor":18,"key":"Swift Potion"},{"floor":24,"key":"Explosive Potion"},{"floor":29,"key":"LiquidBronze"}],"is_trial":false,"path_per_floor":["M","$","M","M","M","R","M","R","T","M","?","?","M","M","R","B",null,"M","$","M","M","M","R","M","$","T","M","?","E","M"],"character_chosen":"DEFECT","items_purchased":["Ball Lightning","Chaos"],"campfire_rested":4,"item_purchase_floors":[19,25],"current_hp_per_floor":[53,53,52,52,34,56,46,68,68,63,60,53,40,34,56,42,75,59,59,56,38,32,54,44,44,44,31,31,13,0],"gold":328,"neow_bonus":"ONE_RARE_RELIC","is_prod":false,"is_daily":false,"chose_seed":false,"campfire_upgraded":0,"win_rate":0.0,"timestamp":1550507206,"path_taken":["M","$","M","?","?","R","M","R","T","M","?","?","?","M","R","BOSS","M","$","M","M","M","R","M","$","T","M","?","E","M"],"build_version":"2019-01-23","purchased_purges":3,"victory":false,"max_hp_per_floor":[75,75,75,75,75,75,75,75,75,75,75,75,75,75,75,75,75,75,75,75,75,75,75,75,75,75,75,75,75,75],"card_choices":[{"not_picked":["Stack","Steam","Leap"],"picked":"SKIP","floor":1},{"not_picked":["Gash","Go for the Eyes"],"picked":"Cold Snap","floor":3},{"not_picked":["Conserve Battery","Steam","All For One"],"picked":"SKIP","floor":4},{"not_picked":["Redo","Turbo"],"picked":"Consume","floor":5},{"not_picked":["Sweeping Beam","Conserve Battery"],"picked":"Cold Snap","floor":7},{"not_picked":["Streamline","Fusion"],"picked":"Ball Lightning","floor":10},{"not_picked":["Seek","Rip and Tear","Heatsinks"],"picked":"SKIP","floor":13},{"not_picked":["Gash","Stack"],"picked":"Cold Snap","floor":14},{"not_picked":["Reprogram+1","Hello World","Storm"],"picked":"SKIP","floor":18},{"not_picked":["Lockon","Compile Driver+1","Stack+1"],"picked":"SKIP","floor":20},{"not_picked":["Hologram","Streamline","Redo"],"picked":"SKIP","floor":21},{"not_picked":["Stack+1","Barrage"],"picked":"Consume+1","floor":22},{"not_picked":["Reprogram+1","Double Energy","Scrape"],"picked":"SKIP","floor":24},{"not_picked":["Self Repair","Auto Shields","Leap"],"picked":"SKIP","floor":27},{"not_picked":["Scrape","Redo","Hologram+1"],"picked":"SKIP","floor":29}],"player_experience":123277,"relics_obtained":[{"floor":9,"key":"MawBank"},{"floor":26,"key":"Boot"},{"floor":29,"key":"Happy Flower"}],"event_choices":[{"damage_healed":0,"gold_gain":0,"player_choice":"Success","damage_taken":3,"relics_obtained":["Potion Belt"],"max_hp_gain":0,"max_hp_loss":0,"event_name":"Scrap Ooze","floor":11,"gold_loss":0},{"damage_healed":0,"gold_gain":75,"player_choice":"Touch","damage_taken":7,"max_hp_gain":0,"max_hp_loss":0,"event_name":"FaceTrader","floor":12,"gold_loss":0},{"damage_healed":0,"gold_gain":99,"player_choice":"Stole From Cult","damage_taken":0,"max_hp_gain":0,"max_hp_loss":0,"event_name":"Nest","floor":28,"gold_loss":0}],"is_beta":false,"boss_relics":[{"not_picked":["Runic Pyramid","Philosopher\u0027s Stone"],"picked":"Velvet Choker"}],"items_purged_floors":[2,19,25],"is_endless":false,"potions_floor_spawned":[4,5,7,13,18,24,29],"killed_by":"Snecko","ascension_level":0}