{"gold_per_floor":[115,115,115,115,190,254,254,288,288,313,333,12,12,12,12,12],"floor_reached":16,"playtime":538,"items_purged":[],"score":207,"play_id":"2bc32570-5d9b-4801-bf01-1fe53223f8ed","local_time":"20190206231735","is_ascension_mode":true,"campfire_choices":[{"data":"Havoc","floor":7,"key":"SMITH"},{"floor":13,"key":"REST"},{"floor":15,"key":"REST"}],"neow_cost":"NONE","seed_source_timestamp":14789155605900,"circlet_count":0,"master_deck":["AscendersBane","Strike_R","Strike_R","Strike_R","Strike_R","Strike_R","Defend_R","Defend_R","Defend_R","Defend_R","Bash","Juggernaut","Shrug It Off","Shrug It Off","Fiend Fire+1","Havoc+1","Clash","Dual Wield+1"],"relics":["Orrery","Golden Idol","Blue Candle","Tiny Chest","Unceasing Top","Toxic Egg 2","Magic Flower","Paper Frog"],"potions_floor_usage":[16],"damage_taken":[{"damage":15,"enemies":"Small Slimes","floor":1,"turns":4},{"damage":21,"enemies":"3 Sentries","floor":6,"turns":11},{"damage":17,"enemies":"Lagavulin","floor":8,"turns":7},{"damage":5,"enemies":"Jaw Worm","floor":10,"turns":3},{"damage":8,"enemies":"2 Louse","floor":11,"turns":3},{"damage":42,"enemies":"Hexaghost","floor":16,"turns":9}],"seed_played":"335050050012134314","potions_obtained":[{"floor":8,"key":"PowerPotion"}],"is_trial":false,"path_per_floor":["M","?","?","?","T","E","R","E","T","M","M","$","R","?","R","B"],"character_chosen":"IRONCLAD","items_purchased":["Magic Flower"],"campfire_rested":2,"item_purchase_floors":[12],"current_hp_per_floor":[53,53,53,53,53,32,32,15,15,10,2,2,22,22,42,0],"gold":12,"neow_bonus":"BOSS_RELIC","is_prod":false,"is_daily":false,"chose_seed":false,"campfire_upgraded":1,"win_rate":0,"timestamp":1549491455,"path_taken":["M","?","?","?","?","E","R","E","T","?","M","?","R","?","R","BOSS"],"build_version":"2019-01-23","purchased_purges":0,"victory":false,"max_hp_per_floor":[75,68,68,68,68,68,68,68,68,68,68,68,68,68,68,68],"card_choices":[{"not_picked":["Dual Wield","Clash"],"picked":"Juggernaut","floor":0},{"not_picked":["Sword Boomerang","Body Slam"],"picked":"Shrug It Off","floor":0},{"not_picked":["Headbutt","Armaments"],"picked":"Shrug It Off","floor":0},{"not_picked":["Ghostly Armor","Havoc"],"picked":"Iron Wave","floor":0},{"not_picked":["Heavy Blade","Twin Strike"],"picked":"Fiend Fire","floor":1},{"not_picked":["True Grit","Thunderclap"],"picked":"Havoc","floor":6},{"not_picked":["Perfected Strike","Sword Boomerang"],"picked":"Clash","floor":8},{"not_picked":["Heavy Blade","Cleave","Whirlwind"],"picked":"SKIP","floor":10},{"not_picked":["Heavy Blade","Shockwave+1"],"picked":"Dual Wield+1","floor":11}],"player_experience":342010,"relics_obtained":[{"floor":5,"key":"Blue Candle"},{"floor":6,"key":"Tiny Chest"},{"floor":8,"key":"Unceasing Top"},{"floor":9,"key":"Toxic Egg 2"}],"event_choices":[{"damage_healed":0,"gold_gain":0,"player_choice":"Lose Max HP","damage_taken":0,"relics_obtained":["Golden Idol"],"max_hp_gain":0,"max_hp_loss":7,"event_name":"Golden Idol","floor":2,"gold_loss":0},{"damage_healed":0,"gold_gain":0,"player_choice":"Grow","damage_taken":0,"max_hp_gain":0,"max_hp_loss":0,"event_name":"Living Wall","floor":3,"gold_loss":0,"cards_upgraded":["Fiend Fire"]},{"damage_healed":0,"gold_gain":0,"player_choice":"Ignored","damage_taken":0,"max_hp_gain":0,"max_hp_loss":0,"event_name":"Liars Game","floor":4,"gold_loss":0},{"cards_removed":["Iron Wave"],"damage_healed":0,"gold_gain":0,"player_choice":"Gave Card","damage_taken":0,"relics_obtained":["Paper Frog"],"max_hp_gain":0,"max_hp_loss":0,"event_name":"WeMeetAgain","floor":14,"gold_loss":0}],"is_beta":false,"boss_relics":[],"items_purged_floors":[],"is_endless":false,"potions_floor_spawned":[8],"killed_by":"Hexaghost","ascension_level":19}