{"gold_per_floor":[119,169,66,77,23,52,64,94,94,114,129,145,159,191,191,191],"floor_reached":16,"playtime":1058,"items_purged":[],"score":308,"play_id":"5f7eeaf8-1f6a-493c-9e91-674c3e095c0f","local_time":"20190205011119","is_ascension_mode":true,"campfire_choices":[{"data":"Body Slam","floor":15,"key":"SMITH"}],"neow_cost":"NONE","seed_source_timestamp":631289189786800,"circlet_count":0,"master_deck":["AscendersBane","Strike_R","Strike_R","Strike_R","Strike_R","Strike_R","Defend_R","Defend_R","Defend_R","Defend_R","Bash","Carnage","Body Slam+1","Shrug It Off","Shrug It Off","Clothesline","Feed+1","Warcry","Body Slam+1","Impervious"],"relics":["Burning Blood","NeowsBlessing","Ginger","Molten Egg 2","Mummified Hand","Juzu Bracelet"],"potions_floor_usage":[14],"damage_taken":[{"damage":0,"enemies":"Small Slimes","floor":1,"turns":1},{"damage":0,"enemies":"Cultist","floor":4,"turns":1},{"damage":0,"enemies":"Gremlin Nob","floor":6,"turns":1},{"damage":9,"enemies":"Jaw Worm","floor":7,"turns":4},{"damage":39,"enemies":"3 Sentries","floor":8,"turns":10},{"damage":18,"enemies":"Lots of Slimes","floor":10,"turns":4},{"damage":13,"enemies":"Gremlin Gang","floor":11,"turns":6},{"damage":6,"enemies":"2 Fungi Beasts","floor":12,"turns":3},{"damage":10,"enemies":"Lots of Slimes","floor":13,"turns":4},{"damage":3,"enemies":"Gremlin Nob","floor":14,"turns":3},{"damage":40,"enemies":"Hexaghost","floor":16,"turns":9}],"seed_played":"6018182611798513610","potions_obtained":[{"floor":1,"key":"PowerPotion"},{"floor":7,"key":"Weak Potion"},{"floor":11,"key":"SkillPotion"},{"floor":12,"key":"Energy Potion"},{"floor":14,"key":"EssenceOfSteel"}],"is_trial":false,"path_per_floor":["M","?","$","M","$","E","M","E","T","M","M","M","M","E","R","B"],"character_chosen":"IRONCLAD","items_purchased":["Body Slam","Shrug It Off","Shrug It Off"],"campfire_rested":0,"item_purchase_floors":[3,3,5],"current_hp_per_floor":[74,74,74,75,75,75,72,39,39,31,28,32,32,39,39,0],"gold":191,"neow_bonus":"THREE_ENEMY_KILL","is_prod":false,"is_daily":false,"chose_seed":false,"campfire_upgraded":1,"win_rate":0,"timestamp":1549325479,"path_taken":["M","?","?","M","$","E","M","E","T","?","M","M","M","E","R","BOSS"],"build_version":"2019-01-23","purchased_purges":0,"victory":false,"max_hp_per_floor":[75,75,75,75,75,75,75,75,75,79,83,87,91,95,95,95],"card_choices":[{"not_picked":["Pommel Strike","Fire Breathing"],"picked":"Carnage","floor":1},{"not_picked":["Clash","Twin Strike","Perfected Strike"],"picked":"SKIP","floor":4},{"not_picked":["Heavy Blade","Dropkick","Perfected Strike"],"picked":"SKIP","floor":6},{"not_picked":["Shrug It Off","Perfected Strike"],"picked":"Clothesline","floor":7},{"not_picked":["Shrug It Off","Perfected Strike"],"picked":"Feed","floor":8},{"not_picked":["Blood for Blood+1","Iron Wave+1"],"picked":"Warcry","floor":10},{"not_picked":["Heavy Blade+1","True Grit","Pommel Strike+1"],"picked":"SKIP","floor":11},{"not_picked":["Flex","Iron Wave+1"],"picked":"Body Slam+1","floor":12},{"not_picked":["Second Wind","Hemokinesis+1","Inflame"],"picked":"SKIP","floor":13},{"not_picked":["True Grit","Cleave+1"],"picked":"Impervious","floor":14}],"player_experience":329162,"relics_obtained":[{"floor":6,"key":"Ginger"},{"floor":8,"key":"Molten Egg 2"},{"floor":9,"key":"Mummified Hand"},{"floor":14,"key":"Juzu Bracelet"}],"event_choices":[{"damage_healed":0,"gold_gain":50,"player_choice":"Pray","damage_taken":0,"max_hp_gain":0,"max_hp_loss":0,"event_name":"Golden Shrine","floor":2,"gold_loss":0}],"is_beta":false,"boss_relics":[],"items_purged_floors":[],"is_endless":false,"potions_floor_spawned":[1,7,11,12,14],"killed_by":"Hexaghost","ascension_level":18}