{"gold_per_floor":[117,117,137,16,28,56,75,75,75,89,101,101,112,12,12,12],"floor_reached":16,"playtime":693,"items_purged":["Defend_R","Defend_R"],"score":154,"play_id":"74ce31d2-0fa2-4ed3-9dc2-bfbbab631ce9","local_time":"20190215073447","is_ascension_mode":false,"campfire_choices":[{"floor":12,"key":"REST"},{"data":"Perfected Strike","floor":15,"key":"SMITH"}],"neow_cost":"NONE","seed_source_timestamp":80208524822779,"circlet_count":0,"master_deck":["Strike_R","Strike_R","Strike_R","Strike_R","Strike_R","Defend_R","Defend_R","Bash","Perfected Strike+1","Cleave","Twin Strike","Headbutt","Twin Strike","Perfected Strike","Twin Strike","Warcry","Pommel Strike"],"relics":["Burning Blood","Blood Vial","Sundial"],"potions_floor_usage":[10,13,16,16],"damage_taken":[{"damage":2,"enemies":"Small Slimes","floor":1,"turns":4},{"damage":1,"enemies":"Cultist","floor":3,"turns":3},{"damage":1,"enemies":"Jaw Worm","floor":5,"turns":3},{"damage":40,"enemies":"Lagavulin","floor":6,"turns":6},{"damage":11,"enemies":"Red Slaver","floor":7,"turns":3},{"damage":7,"enemies":"2 Fungi Beasts","floor":10,"turns":2},{"damage":7,"enemies":"Gremlin Gang","floor":11,"turns":4},{"damage":24,"enemies":"Lots of Slimes","floor":13,"turns":4}],"seed_played":"6018043976806630259","potions_obtained":[{"floor":1,"key":"Weak Potion"},{"floor":2,"key":"Explosive Potion"},{"floor":7,"key":"LiquidBronze"},{"floor":10,"key":"LiquidBronze"}],"is_trial":false,"path_per_floor":["M","?","M","$","M","E","M","?","T","M","M","R","M","$","R","B"],"character_chosen":"IRONCLAD","items_purchased":["Twin Strike"],"campfire_rested":1,"item_purchase_floors":[4],"current_hp_per_floor":[88,88,88,88,88,54,51,51,51,52,53,79,63,63,63,0],"gold":12,"neow_bonus":"TEN_PERCENT_HP_BONUS","is_prod":false,"is_daily":false,"chose_seed":false,"campfire_upgraded":1,"win_rate":0.0,"timestamp":1550183687,"path_taken":["M","?","M","$","?","E","M","?","T","M","M","R","?","$","R","BOSS"],"build_version":"2019-01-23","purchased_purges":2,"victory":false,"max_hp_per_floor":[88,88,88,88,88,88,88,88,88,88,88,88,88,88,88,88],"card_choices":[{"not_picked":["Corruption","Clothesline"],"picked":"Perfected Strike","floor":1},{"not_picked":["Sword Boomerang","Shockwave"],"picked":"Cleave","floor":3},{"not_picked":["Limit Break","Clothesline"],"picked":"Headbutt","floor":5},{"not_picked":["Cleave","Power Through"],"picked":"Twin Strike","floor":6},{"not_picked":["Clash","Twin Strike"],"picked":"Perfected Strike","floor":7},{"not_picked":["Flame Barrier","Uppercut"],"picked":"Twin Strike","floor":10},{"not_picked":["True Grit","Metallicize"],"picked":"Warcry","floor":11},{"not_picked":["True Grit","Flex"],"picked":"Pommel Strike","floor":13}],"player_experience":34982,"relics_obtained":[{"floor":6,"key":"Blood Vial"},{"floor":9,"key":"Sundial"}],"event_choices":[{"damage_healed":0,"gold_gain":0,"player_choice":"Got Potions","damage_taken":0,"max_hp_gain":0,"max_hp_loss":0,"event_name":"Lab","floor":2,"gold_loss":0},{"damage_healed":0,"gold_gain":0,"player_choice":"Bought 0 Potions","damage_taken":0,"max_hp_gain":0,"max_hp_loss":0,"event_name":"The Woman in Blue","floor":8,"gold_loss":0}],"is_beta":false,"boss_relics":[],"items_purged_floors":[4,14],"is_endless":false,"potions_floor_spawned":[1,7,10,11],"killed_by":"The Guardian","ascension_level":0}