{"gold_per_floor":[210,221,371,387,399,399,268,303,303,303,317,317,337,356,356,356],"floor_reached":16,"playtime":718,"items_purged":["Doubt"],"score":192,"play_id":"bd00a7fe-f51f-4846-bdd2-8e20a094cf96","local_time":"20190210012414","is_ascension_mode":true,"campfire_choices":[{"floor":6,"key":"REST"},{"data":"White Noise","floor":12,"key":"SMITH"},{"data":"Zap","floor":15,"key":"SMITH"}],"neow_cost":"NONE","seed_source_timestamp":2048016219495953,"circlet_count":0,"master_deck":["AscendersBane","Strike_B","Strike_B","Strike_B","Strike_B","Defend_B","Defend_B","Defend_B","Defend_B","Zap+1","Dualcast","Auto Shields","Cold Snap","Cold Snap","Leap","White Noise+1","Injury","Leap","Double Energy"],"relics":["Cracked Core","Blood Vial","Bottled Lightning","Golden Idol"],"potions_floor_usage":[8,16],"damage_taken":[{"damage":4,"enemies":"Small Slimes","floor":1,"turns":3},{"damage":1,"enemies":"2 Louse","floor":2,"turns":3},{"damage":0,"enemies":"Jaw Worm","floor":4,"turns":4},{"damage":10,"enemies":"Gremlin Gang","floor":5,"turns":6},{"damage":22,"enemies":"3 Sentries","floor":8,"turns":11},{"damage":3,"enemies":"Looter","floor":11,"turns":4},{"damage":0,"enemies":"Blue Slaver","floor":13,"turns":5},{"damage":0,"enemies":"Large Slime","floor":14,"turns":3},{"damage":75,"enemies":"The Guardian","floor":16,"turns":20}],"seed_played":"-4021412805967560778","potions_obtained":[{"floor":1,"key":"SkillPotion"},{"floor":4,"key":"Ancient Potion"},{"floor":8,"key":"Strength Potion"},{"floor":11,"key":"EssenceOfSteel"}],"is_trial":false,"path_per_floor":["M","M","?","M","M","R","$","E","T","?","M","R","M","M","R","B"],"character_chosen":"DEFECT","items_purchased":["Leap"],"campfire_rested":1,"item_purchase_floors":[7],"current_hp_per_floor":[60,59,59,59,49,70,70,48,48,48,47,47,49,51,51,0],"gold":356,"neow_bonus":"HUNDRED_GOLD","is_prod":false,"is_daily":false,"chose_seed":false,"campfire_upgraded":2,"win_rate":0,"timestamp":1549729454,"path_taken":["M","M","?","M","M","R","$","E","T","?","M","R","M","M","R","BOSS"],"build_version":"2019-01-23","purchased_purges":1,"victory":false,"max_hp_per_floor":[71,71,71,71,71,71,71,71,71,71,71,71,71,71,71,71],"card_choices":[{"not_picked":["Ball Lightning","Conserve Battery"],"picked":"Auto Shields","floor":1},{"not_picked":["Rebound","Sweeping Beam"],"picked":"Cold Snap","floor":2},{"not_picked":["Lockon","Static Discharge"],"picked":"Cold Snap","floor":4},{"not_picked":["Stack","Barrage","Heatsinks"],"picked":"SKIP","floor":5},{"not_picked":["Leap","Redo"],"picked":"White Noise","floor":8},{"not_picked":["Gash","Hologram"],"picked":"Leap","floor":11},{"not_picked":["Barrage","Compile Driver"],"picked":"Double Energy","floor":13},{"not_picked":["Steam","Gash","Streamline"],"picked":"SKIP","floor":14}],"player_experience":608202,"relics_obtained":[{"floor":8,"key":"Blood Vial"},{"floor":9,"key":"Bottled Lightning"}],"event_choices":[{"damage_healed":0,"gold_gain":150,"player_choice":"AGREE","damage_taken":0,"max_hp_gain":0,"max_hp_loss":0,"event_name":"Liars Game","floor":3,"gold_loss":0,"cards_obtained":["Doubt"]},{"damage_healed":0,"gold_gain":0,"player_choice":"Take Wound","damage_taken":0,"relics_obtained":["Golden Idol"],"max_hp_gain":0,"max_hp_loss":0,"event_name":"Golden Idol","floor":10,"gold_loss":0,"cards_obtained":["Injury"]}],"is_beta":false,"boss_relics":[],"items_purged_floors":[7],"is_endless":false,"potions_floor_spawned":[1,4,8,11,13],"killed_by":"The Guardian","ascension_level":17}