{"gold_per_floor":[115,115,40,40,52,81,81,108,108,108,122,122,149,224,224,319,319,335,335,349,361,460,492,492,492,547,547],"floor_reached":27,"playtime":1101,"items_purged":["Strike_R"],"score":383,"play_id":"8f8e2085-1fcf-463f-a97a-28c126393535","local_time":"20190209223430","is_ascension_mode":true,"campfire_choices":[{"data":"Armaments","floor":7,"key":"SMITH"},{"data":"Spot Weakness","floor":12,"key":"SMITH"},{"data":"Metallicize","floor":15,"key":"SMITH"},{"data":"True Grit","floor":24,"key":"SMITH"}],"neow_cost":"NONE","seed_source_timestamp":477332268098433,"circlet_count":0,"master_deck":["AscendersBane","Strike_R","Strike_R","Strike_R","Strike_R","Defend_R","Defend_R","Defend_R","Defend_R","Bash","Armaments+1","Rampage","Burning Pact","Metallicize+1","Spot Weakness+1","Barricade+1","True Grit+1","Battle Trance+1","Ghostly Armor","Trip"],"relics":["Burning Blood","Meat on the Bone","PreservedInsect","Art of War","Frozen Egg 2","Gremlin Horn","Velvet Choker","CultistMask","Thread and Needle","Bag of Marbles"],"potions_floor_usage":[16,27],"damage_taken":[{"damage":7,"enemies":"Jaw Worm","floor":1,"turns":3},{"damage":2,"enemies":"2 Louse","floor":5,"turns":5},{"damage":39,"enemies":"Lagavulin","floor":6,"turns":8},{"damage":20,"enemies":"Gremlin Nob","floor":8,"turns":4},{"damage":1,"enemies":"Cultist","floor":11,"turns":3},{"damage":24,"enemies":"Lagavulin","floor":13,"turns":7},{"damage":31,"enemies":"The Guardian","floor":16,"turns":13},{"damage":8,"enemies":"Chosen","floor":18,"turns":8},{"damage":19,"enemies":"3 Byrds","floor":20,"turns":7},{"damage":5,"enemies":"Centurion and Healer","floor":21,"turns":9},{"damage":26,"enemies":"Gremlin Leader","floor":23,"turns":6},{"damage":37,"enemies":"Slavers","floor":27,"turns":3}],"seed_played":"-5378808671592198117","potions_obtained":[{"floor":6,"key":"Fire Potion"},{"floor":13,"key":"GamblersBrew"},{"floor":16,"key":"Dexterity Potion"},{"floor":23,"key":"PowerPotion"}],"is_trial":false,"path_per_floor":["M","?","$","?","M","E","R","E","T","?","M","R","E","?","R","B",null,"M","?","M","M","?","E","R","?","T","E"],"character_chosen":"IRONCLAD","items_purchased":[],"campfire_rested":0,"item_purchase_floors":[],"current_hp_per_floor":[79,67,67,67,71,50,50,48,48,53,58,58,52,41,41,28,77,75,75,62,63,63,55,55,37,37,0],"gold":547,"neow_bonus":"TEN_PERCENT_HP_BONUS","is_prod":false,"is_daily":false,"chose_seed":false,"campfire_upgraded":4,"win_rate":0,"timestamp":1549744470,"path_taken":["M","?","$","?","M","E","R","E","T","?","M","R","E","?","R","BOSS","M","?","M","?","?","E","R","?","T","E"],"build_version":"2019-01-23","purchased_purges":1,"victory":false,"max_hp_per_floor":[88,88,88,88,88,88,88,88,88,93,93,93,93,93,93,93,93,93,93,93,93,93,93,93,93,93,93],"card_choices":[{"not_picked":["Anger","Wild Strike"],"picked":"Armaments","floor":1},{"not_picked":["Iron Wave","Shockwave"],"picked":"Rampage","floor":5},{"not_picked":["Corruption","Dropkick"],"picked":"Burning Pact","floor":6},{"not_picked":["Flex","Disarm"],"picked":"Metallicize","floor":8},{"not_picked":["Bloodletting","Pommel Strike"],"picked":"Spot Weakness","floor":11},{"not_picked":["Rupture+1","Dropkick","Armaments"],"picked":"SKIP","floor":13},{"not_picked":["Dark Embrace+1","Bludgeon"],"picked":"Barricade+1","floor":16},{"not_picked":["Twin Strike","Blood for Blood"],"picked":"True Grit","floor":18},{"not_picked":["Pommel Strike","Searing Blow+1","Armaments+1"],"picked":"SKIP","floor":20},{"not_picked":["Cleave+1","Iron Wave"],"picked":"Battle Trance+1","floor":21},{"not_picked":["Pommel Strike","Shrug It Off"],"picked":"Ghostly Armor","floor":23}],"player_experience":177987,"relics_obtained":[{"floor":6,"key":"PreservedInsect"},{"floor":8,"key":"Art of War"},{"floor":9,"key":"Frozen Egg 2"},{"floor":13,"key":"Gremlin Horn"},{"floor":23,"key":"Thread and Needle"},{"floor":26,"key":"Bag of Marbles"}],"event_choices":[{"damage_healed":0,"gold_gain":0,"player_choice":"Success","damage_taken":12,"relics_obtained":["Meat on the Bone"],"max_hp_gain":0,"max_hp_loss":0,"event_name":"Scrap Ooze","floor":2,"gold_loss":0},{"damage_healed":0,"gold_gain":0,"player_choice":"Ignored","damage_taken":0,"max_hp_gain":0,"max_hp_loss":0,"event_name":"Liars Game","floor":4,"gold_loss":0},{"damage_healed":0,"gold_gain":0,"player_choice":"Donut","damage_taken":0,"max_hp_gain":5,"max_hp_loss":0,"event_name":"Big Fish","floor":10,"gold_loss":0},{"damage_healed":0,"gold_gain":75,"player_choice":"Gather Gold","damage_taken":11,"max_hp_gain":0,"max_hp_loss":0,"event_name":"World of Goop","floor":14,"gold_loss":0},{"damage_healed":0,"gold_gain":0,"player_choice":"Trade","damage_taken":0,"relics_obtained":["CultistMask"],"max_hp_gain":0,"max_hp_loss":0,"event_name":"FaceTrader","floor":19,"gold_loss":0},{"damage_healed":0,"gold_gain":99,"player_choice":"Stole From Cult","damage_taken":0,"max_hp_gain":0,"max_hp_loss":0,"event_name":"Nest","floor":22,"gold_loss":0},{"damage_healed":0,"gold_gain":0,"player_choice":"CARD ","damage_taken":18,"max_hp_gain":0,"max_hp_loss":0,"event_name":"Knowing Skull","floor":25,"potions_obtained":[],"gold_loss":0,"cards_obtained":["Trip"]},{"damage_healed":0,"gold_gain":0,"player_choice":"CARD ","damage_taken":18,"max_hp_gain":0,"max_hp_loss":0,"event_name":"Knowing Skull","floor":25,"potions_obtained":[],"gold_loss":0,"cards_obtained":["Trip"]}],"is_beta":false,"boss_relics":[{"not_picked":["Runic Cube","Cursed Key"],"picked":"Velvet Choker"}],"items_purged_floors":[3],"is_endless":false,"potions_floor_spawned":[6,13,16,18,23],"killed_by":"Slavers","ascension_level":11}