{"gold_per_floor":[109,109,109,58,73,105,118,136,136,136,152,187,187,221,221,319,319,338,338,338,212,229,262,262,289,289,289,31,65,27,27,27,27],"floor_reached":33,"playtime":1617,"items_purged":[],"score":455,"play_id":"f92460dd-b299-4a3c-bb1e-a41d2ced551b","local_time":"20190214031909","is_ascension_mode":true,"campfire_choices":[{"floor":13,"key":"REST"},{"data":"Well Laid Plans","floor":15,"key":"SMITH"},{"floor":24,"key":"REST"},{"data":"Envenom","floor":27,"key":"SMITH"},{"floor":32,"key":"REST"}],"neow_cost":"NONE","seed_source_timestamp":52907246792800,"circlet_count":0,"master_deck":["Defend_G","Defend_G","Defend_G","Defend_G","Defend_G","Survivor","Neutralize","All Out Attack","Storm of Steel","Well Laid Plans+1","Predator","Poisoned Stab","Adrenaline","Envenom+1","Normality","Bite","Bite","Bite","Bite","Bite","RitualDagger","Noxious Fumes","Dodge and Roll+1","Escape Plan+1","After Image","Caltrops"],"relics":["Ring of the Snake","NeowsBlessing","Omamori","Pantograph","The Specimen","Lantern","Mummified Hand","Calling Bell","Blue Candle","Bird Faced Urn","Bag of Preparation","Paper Crane","Peace Pipe","Chemical X","Sundial"],"potions_floor_usage":[6,12,16,22,23],"damage_taken":[{"damage":0,"enemies":"Cultist","floor":1,"turns":1},{"damage":0,"enemies":"Small Slimes","floor":5,"turns":1},{"damage":0,"enemies":"3 Sentries","floor":6,"turns":1},{"damage":0,"enemies":"2 Louse","floor":7,"turns":3},{"damage":6,"enemies":"Looter","floor":8,"turns":3},{"damage":8,"enemies":"Exordium Wildlife","floor":11,"turns":4},{"damage":32,"enemies":"Gremlin Nob","floor":12,"turns":4},{"damage":12,"enemies":"3 Sentries","floor":14,"turns":5},{"damage":5,"enemies":"Slime Boss","floor":16,"turns":7},{"damage":35,"enemies":"Shell Parasite","floor":18,"turns":6},{"damage":31,"enemies":"2 Thieves","floor":22,"turns":5},{"damage":37,"enemies":"Slavers","floor":23,"turns":6},{"damage":9,"enemies":"Gremlin Leader","floor":25,"turns":8},{"damage":55,"enemies":"Book of Stabbing","floor":29,"turns":8},{"damage":98,"enemies":"Automaton","floor":33,"turns":10}],"seed_played":"2204155091238969827","potions_obtained":[{"floor":1,"key":"Swift Potion"},{"floor":3,"key":"Weak Potion"},{"floor":3,"key":"SkillPotion"},{"floor":5,"key":"PowerPotion"},{"floor":12,"key":"FearPotion"},{"floor":14,"key":"Swift Potion"},{"floor":29,"key":"SteroidPotion"}],"is_trial":false,"path_per_floor":["M","$","?","$","M","E","M","M","T","?","M","E","R","E","R","B",null,"M","?","?","$","M","E","R","E","T","R","$","E","$","?","R","B"],"character_chosen":"THE_SILENT","items_purchased":["PowerPotion","Noxious Fumes","PowerPotion","Chemical X","After Image","Caltrops"],"campfire_rested":3,"item_purchase_floors":[4,21,21,28,28,30],"current_hp_per_floor":[70,70,70,70,70,70,70,64,64,64,56,24,45,33,33,53,66,37,37,31,31,16,3,24,41,41,41,41,16,16,16,37,0],"gold":27,"neow_bonus":"THREE_ENEMY_KILL","is_prod":false,"is_daily":false,"chose_seed":false,"campfire_upgraded":2,"win_rate":0,"timestamp":1550110749,"path_taken":["M","$","?","$","?","E","?","M","T","?","?","E","R","E","R","BOSS","M","?","?","?","?","E","R","E","T","R","$","E","$","?","R","BOSS"],"build_version":"2019-01-23","purchased_purges":0,"victory":false,"max_hp_per_floor":[70,70,70,70,70,70,70,70,70,70,70,70,70,70,70,70,70,70,70,70,70,70,70,70,70,70,70,70,70,70,70,70,70],"card_choices":[{"not_picked":["Choke","Concentrate"],"picked":"All Out Attack","floor":1},{"not_picked":["Masterful Stab","Slice","Sucker Punch"],"picked":"SKIP","floor":5},{"not_picked":["Slice","Acrobatics"],"picked":"Storm of Steel","floor":6},{"not_picked":["Cloak And Dagger","Underhanded Strike"],"picked":"Well Laid Plans","floor":7},{"not_picked":["Expertise","Deflect"],"picked":"Predator","floor":8},{"not_picked":["Flying Knee","Outmaneuver"],"picked":"Poisoned Stab","floor":11},{"not_picked":["Riddle With Holes","Dagger Throw","Prepared"],"picked":"SKIP","floor":12},{"not_picked":["Leg Sweep","Bane"],"picked":"Adrenaline","floor":14},{"not_picked":["Tools of the Trade","Bullet Time"],"picked":"Envenom","floor":16},{"not_picked":["Riddle With Holes","Flying Knee","Quick Slash"],"picked":"SKIP","floor":18},{"not_picked":["Cloak And Dagger","Skewer"],"picked":"Dodge and Roll+1","floor":22},{"not_picked":["Predator+1","Concentrate+1","Dagger Throw+1"],"picked":"SKIP","floor":23},{"not_picked":["Backflip","Flying Knee"],"picked":"Escape Plan+1","floor":25},{"not_picked":["Underhanded Strike","Dodge and Roll","Terror"],"picked":"SKIP","floor":29}],"player_experience":402263,"relics_obtained":[{"floor":6,"key":"Omamori"},{"floor":9,"key":"Pantograph"},{"floor":12,"key":"Lantern"},{"floor":14,"key":"Mummified Hand"},{"floor":17,"key":"Blood Vial"},{"floor":17,"key":"Blue Candle"},{"floor":17,"key":"Bird Faced Urn"},{"floor":23,"key":"Bag of Preparation"},{"floor":25,"key":"Paper Crane"},{"floor":26,"key":"Peace Pipe"},{"floor":29,"key":"Sundial"}],"event_choices":[{"damage_healed":0,"gold_gain":0,"player_choice":"Got Potions","damage_taken":0,"max_hp_gain":0,"max_hp_loss":0,"event_name":"Lab","floor":3,"gold_loss":0},{"damage_healed":0,"gold_gain":0,"player_choice":"Gave Potion","damage_taken":0,"relics_obtained":["The Specimen"],"max_hp_gain":0,"max_hp_loss":0,"event_name":"WeMeetAgain","floor":10,"gold_loss":0},{"damage_healed":0,"gold_gain":0,"player_choice":"Became a vampire (Vial)","damage_taken":0,"max_hp_gain":0,"max_hp_loss":0,"event_name":"Vampires","floor":19,"relics_lost":["Blood Vial"],"gold_loss":0,"cards_obtained":["Bite","Bite","Bite","Bite","Bite"]},{"damage_healed":0,"gold_gain":0,"player_choice":"Joined the Cult","damage_taken":6,"max_hp_gain":0,"max_hp_loss":0,"event_name":"Nest","floor":20,"gold_loss":0,"cards_obtained":["RitualDagger"]},{"damage_healed":0,"gold_gain":0,"player_choice":"Ignored","damage_taken":0,"max_hp_gain":0,"max_hp_loss":0,"event_name":"Ghosts","floor":31,"gold_loss":0}],"is_beta":false,"boss_relics":[{"not_picked":["Ring of the Serpent","Lizard Tail"],"picked":"Calling Bell"}],"items_purged_floors":[],"is_endless":false,"potions_floor_spawned":[1,5,12,14,29],"killed_by":"Automaton","ascension_level":5}