{"gold_per_floor":[114,114,264,264,281,311,322,322,347,347,18,18,18,31,31,31],"floor_reached":16,"playtime":233,"items_purged":[],"score":234,"play_id":"543fd3df-f92f-421f-8cec-eec879b0f90d","local_time":"20190202215140","is_ascension_mode":true,"campfire_choices":[{"data":"Strike_R","floor":8,"key":"SMITH"},{"data":"1","floor":15,"key":"LIFT"}],"neow_cost":"NONE","seed_source_timestamp":447334025122900,"circlet_count":0,"master_deck":["AscendersBane","Strike_R","Strike_R","Strike_R+1","Strike_R+1","Defend_R","Defend_R","Defend_R","Bash+1","Uppercut"],"relics":["Burning Blood","NeowsBlessing","Whetstone","Bronze Scales","Bag of Preparation","Girya"],"potions_floor_usage":[],"damage_taken":[{"damage":0,"enemies":"Jaw Worm","floor":1,"turns":1},{"damage":0,"enemies":"2 Louse","floor":5,"turns":1},{"damage":0,"enemies":"3 Sentries","floor":6,"turns":2},{"damage":6,"enemies":"Cultist","floor":7,"turns":3},{"damage":10,"enemies":"3 Louse","floor":14,"turns":5},{"damage":0,"enemies":"Slime Boss","floor":16,"turns":3}],"seed_played":"-3348318240919069516","potions_obtained":[{"floor":1,"key":"Energy Potion"},{"floor":14,"key":"Ancient Potion"}],"is_trial":false,"path_per_floor":["M","$","?","?","M","E","M","R","T","?","$","?","?","M","R","B"],"character_chosen":"IRONCLAD","items_purchased":["Girya"],"campfire_rested":0,"item_purchase_floors":[11],"current_hp_per_floor":[74,74,74,74,75,75,75,75,75,64,64,57,57,53,53,53],"gold":31,"neow_bonus":"THREE_ENEMY_KILL","is_prod":false,"is_daily":false,"chose_seed":false,"campfire_upgraded":1,"win_rate":0,"timestamp":1549140700,"path_taken":["M","$","?","?","?","E","M","R","T","?","$","?","?","M","R","BOSS"],"build_version":"2019-01-23","purchased_purges":0,"victory":false,"max_hp_per_floor":[75,75,75,75,75,75,75,75,75,75,75,75,75,75,75,75],"card_choices":[{"not_picked":["Rupture","Flex","Metallicize"],"picked":"SKIP","floor":1},{"not_picked":["Body Slam","Heavy Blade","Shrug It Off"],"picked":"SKIP","floor":5},{"not_picked":["Brutality","Thunderclap","Havoc"],"picked":"SKIP","floor":6},{"not_picked":["Shrug It Off","Flex","Perfected Strike"],"picked":"SKIP","floor":7},{"not_picked":["Clothesline","Searing Blow","Warcry"],"picked":"SKIP","floor":14}],"player_experience":315493,"relics_obtained":[{"floor":6,"key":"Whetstone"},{"floor":9,"key":"Bronze Scales"}],"event_choices":[{"damage_healed":0,"gold_gain":150,"player_choice":"AGREE","damage_taken":0,"max_hp_gain":0,"max_hp_loss":0,"event_name":"Liars Game","floor":3,"gold_loss":0,"cards_obtained":["Doubt"]},{"cards_removed":["Doubt"],"damage_healed":0,"gold_gain":0,"player_choice":"Purged","damage_taken":0,"max_hp_gain":0,"max_hp_loss":0,"event_name":"Purifier","floor":4,"gold_loss":0},{"damage_healed":0,"gold_gain":0,"player_choice":"Success","damage_taken":11,"relics_obtained":["Bag of Preparation"],"max_hp_gain":0,"max_hp_loss":0,"event_name":"Scrap Ooze","floor":10,"gold_loss":0},{"cards_removed":["Defend_R"],"damage_healed":0,"gold_gain":0,"player_choice":"Card Removal","damage_taken":7,"max_hp_gain":0,"max_hp_loss":0,"event_name":"Golden Wing","floor":12,"gold_loss":0},{"damage_healed":0,"gold_gain":0,"cards_transformed":["Strike_R"],"player_choice":"Change","damage_taken":0,"max_hp_gain":0,"max_hp_loss":0,"event_name":"Living Wall","floor":13,"gold_loss":0,"cards_obtained":["Uppercut"]}],"is_beta":false,"boss_relics":[],"items_purged_floors":[],"is_endless":false,"potions_floor_spawned":[1,14],"killed_by":"Slime Boss","ascension_level":18}