{"path_per_floor":["M","?","?","M","$","R","E","M","T","M","M","M","T","?","R","B",null,"M","$","?","M","M","M","E","?","T"],"character_chosen":"THE_SILENT","items_purchased":["Dagger Throw","Bottled Lightning"],"gold_per_floor":[115,115,115,133,108,108,152,166,166,181,205,219,219,219,219,344,344,368,115,115,128,146,170,203,118,118],"floor_reached":27,"campfire_rested":1,"playtime":953,"current_hp_per_floor":[70,75,69,69,69,69,69,69,69,68,56,50,50,36,56,31,69,69,69,69,67,60,30,9,9,9],"items_purged":[],"gold":118,"score":260,"play_id":"ce5b55a5-17a7-4064-acaf-3e2a9268f158","is_prod":false,"is_daily":false,"is_ascension_mode":false,"campfire_upgraded":1,"path_taken":["M","?","?","M","$","R","E","M","T","M","M","?","?","?","R","BOSS","M","$","?","M","M","M","E","?","T","E"],"build_version":"2018-02-12-PROD1","purchased_purges":0,"victory":false,"master_deck":["Defend_G","Defend_G","Defend_G","Defend_G","Defend_G","Strike_G","Strike_G","Strike_G","Strike_G","Strike_G","Survivor","Neutralize","Terror+1","Flying Knee","Dagger Throw","Adrenaline+1","Dodge and Roll","Riddle With Holes+1","Finisher","Quick Slash","Night Terror","Choke+1","Normality","Setup","Flechettes+1","Footwork","Backstab+1","Parasite","Slice"],"max_hp_per_floor":[70,75,69,69,69,69,69,69,69,69,69,69,69,69,69,69,69,69,69,69,69,69,69,69,69,69],"relics":["Ring of the Snake","NeowsBlessing","Golden Idol","Sundial","Bag of Marbles","Lantern","Cursed Key","Bottled Lightning","Shuriken","Happy Flower","Prayer Wheel","Unceasing Top"],"card_choices":[{"not_picked":["Slice","Choke"],"picked":"Terror"},{"not_picked":["Catalyst","Underhanded Strike"],"picked":"Flying Knee"},{"not_picked":["Choke","Setup"],"picked":"Adrenaline"},{"not_picked":["Prepared","Accuracy"],"picked":"Dodge and Roll"},{"not_picked":["Cloak And Dagger","PiercingWail"],"picked":"Riddle With Holes"},{"not_picked":["Underhanded Strike","Dagger Throw"],"picked":"Finisher"},{"not_picked":["Prepared","Outmaneuver"],"picked":"Quick Slash"},{"not_picked":["Phantasmal Killer","After Image"],"picked":"Night Terror"},{"not_picked":["Prepared","Setup"],"picked":"Choke"},{"not_picked":["Dodge and Roll","Cloak And Dagger"],"picked":"Setup"},{"not_picked":["Dagger Spray","Noxious Fumes"],"picked":"Flechettes"},{"not_picked":["Cloak And Dagger","Calculated Gamble"],"picked":"Footwork"},{"not_picked":["Tactician","Dodge and Roll"],"picked":"Backstab"},{"not_picked":["Dodge and Roll","Dagger Throw"],"picked":"Slice"}],"player_experience":185760,"potions_floor_usage":[18,24,24,27],"damage_taken":[{"damage":0,"enemies":"2 Louse","floor":1,"turns":1},{"damage":0,"enemies":"Jaw Worm","floor":4,"turns":1},{"damage":0,"enemies":"Lagavulin","floor":7,"turns":1},{"damage":0,"enemies":"Small Slimes","floor":8,"turns":2},{"damage":1,"enemies":"Red Slaver","floor":10,"turns":3},{"damage":12,"enemies":"Exordium Thugs","floor":11,"turns":4},{"damage":6,"enemies":"2 Fungi Beasts","floor":12,"turns":2},{"damage":25,"enemies":"Hexaghost","floor":16,"turns":8},{"damage":0,"enemies":"3 Byrds","floor":18,"turns":4},{"damage":2,"enemies":"Shell Parasite","floor":21,"turns":2},{"damage":7,"enemies":"Centurion and Healer","floor":22,"turns":3},{"damage":30,"enemies":"Snecko","floor":23,"turns":4},{"damage":21,"enemies":"Slavers","floor":24,"turns":4},{"damage":18,"enemies":"Book of Stabbing","floor":27,"turns":2}],"event_choices":[{"event_name":"Big Fish","player_choice":"Donut","floor":2,"damage_taken":0},{"event_name":"Golden Idol","player_choice":"Lose Max HP","floor":3,"damage_taken":0},{"event_name":"Shining Light","player_choice":"Entered Light","floor":14,"damage_taken":0},{"event_name":"Accursed Blacksmith","player_choice":"Rummage","floor":20,"damage_taken":0},{"event_name":"Addict","player_choice":"Obtained Relic","floor":25,"damage_taken":0}],"boss_relics":[{"not_picked":["Eternal Feather","Philosopher\u0027s Stone"],"picked":"Cursed Key"}],"potions_floor_spawned":[10,12,16,22,24],"seed_played":"5500516901375329526","killed_by":"Book of Stabbing","ascension_level":0,"is_trial":false}