{"gold_per_floor":[114,114,114,114,130,130,143,169,193,193,204,204,222,222,222,345,345,360,134,148,148,148],"floor_reached":22,"playtime":1510,"items_purged":["Injury"],"score":195,"play_id":"d54a1ad5-3449-4eb7-9ba7-2468f8c5f111","local_time":"20190219155833","is_ascension_mode":true,"campfire_choices":[{"floor":6,"key":"RECALL"},{"floor":15,"key":"REST"}],"neow_cost":"NONE","seed_source_timestamp":455228757330362,"circlet_count":0,"master_deck":["Strike_B","Strike_B","Strike_B","Defend_B","Defend_B","Defend_B","Defend_B","Zap","Dualcast","Ball Lightning","BootSequence","Chill","Cold Snap","Ball Lightning","Biased Cognition","Glacier","Cold Snap"],"relics":["Cracked Core","NeowsBlessing","FaceOfCleric","Bag of Marbles","Golden Idol","Orrery"],"potions_floor_usage":[13,16,16],"damage_taken":[{"damage":0,"enemies":"Small Slimes","floor":1,"turns":1},{"damage":0,"enemies":"Cultist","floor":4,"turns":1},{"damage":0,"enemies":"2 Louse","floor":5,"turns":1},{"damage":20,"enemies":"Large Slime","floor":7,"turns":7},{"damage":42,"enemies":"3 Sentries","floor":8,"turns":9},{"damage":11,"enemies":"Red Slaver","floor":11,"turns":3},{"damage":5,"enemies":"Exordium Thugs","floor":13,"turns":5},{"damage":18,"enemies":"Hexaghost","floor":16,"turns":11},{"damage":21,"enemies":"Shell Parasite","floor":18,"turns":11},{"damage":0,"enemies":"Chosen","floor":20,"turns":3},{"damage":65,"enemies":"3 Cultists","floor":22,"turns":7}],"seed_played":"7744678206219968904","potions_obtained":[{"floor":7,"key":"SpeedPotion"},{"floor":8,"key":"GamblersBrew"},{"floor":11,"key":"LiquidBronze"},{"floor":16,"key":"EssenceOfSteel"},{"floor":18,"key":"Energy Potion"}],"is_trial":false,"path_per_floor":["M","?","?","M","M","R","M","E","T","?","M","?","M","?","R","B",null,"M","$","M","?","M"],"character_chosen":"DEFECT","items_purchased":["Biased Cognition"],"campfire_rested":1,"item_purchase_floors":[19],"current_hp_per_floor":[75,75,75,76,77,77,58,17,17,17,7,7,3,3,27,10,82,62,62,63,63,0],"gold":148,"neow_bonus":"THREE_ENEMY_KILL","is_prod":false,"is_daily":false,"chose_seed":false,"campfire_upgraded":0,"win_rate":0,"timestamp":1550559513,"path_taken":["M","?","?","?","M","R","M","E","T","?","M","?","M","?","R","BOSS","M","$","M","?","M"],"build_version":"2019-01-23","purchased_purges":1,"victory":false,"max_hp_per_floor":[75,75,75,76,77,77,78,79,79,79,80,80,81,81,81,82,82,83,83,84,84,84],"card_choices":[{"not_picked":["Conserve Battery","Beam Cell","Compile Driver"],"picked":"SKIP","floor":1},{"not_picked":["Barrage","Steam","Sweeping Beam"],"picked":"SKIP","floor":4},{"not_picked":["Go for the Eyes","Hello World","Steam Power"],"picked":"SKIP","floor":5},{"not_picked":["Hologram","Turbo","Beam Cell"],"picked":"SKIP","floor":7},{"not_picked":["Reprogram","Steam"],"picked":"Ball Lightning","floor":8},{"not_picked":["Fission","Skim"],"picked":"BootSequence","floor":11},{"not_picked":["Stack","Redo"],"picked":"Chill","floor":13},{"not_picked":["Coolheaded","Turbo"],"picked":"Cold Snap","floor":17},{"not_picked":["Gash","FTL"],"picked":"Ball Lightning","floor":18},{"not_picked":["Rebound","Buffer"],"picked":"Glacier","floor":20}],"player_experience":134244,"relics_obtained":[{"floor":8,"key":"Bag of Marbles"}],"event_choices":[{"damage_healed":0,"gold_gain":0,"player_choice":"Ignored","damage_taken":0,"max_hp_gain":0,"max_hp_loss":0,"event_name":"Shining Light","floor":2,"gold_loss":0},{"damage_healed":0,"gold_gain":0,"player_choice":"Trade","damage_taken":0,"relics_obtained":["FaceOfCleric"],"max_hp_gain":0,"max_hp_loss":0,"event_name":"FaceTrader","floor":3,"gold_loss":0},{"damage_healed":0,"gold_gain":0,"player_choice":"Ignored","damage_taken":0,"max_hp_gain":0,"max_hp_loss":0,"event_name":"Liars Game","floor":10,"gold_loss":0},{"damage_healed":0,"gold_gain":0,"player_choice":"Take Wound","damage_taken":0,"relics_obtained":["Golden Idol"],"max_hp_gain":0,"max_hp_loss":0,"event_name":"Golden Idol","floor":12,"gold_loss":0,"cards_obtained":["Injury"]},{"cards_removed":["Strike_B"],"damage_healed":0,"gold_gain":0,"player_choice":"Purged","damage_taken":0,"max_hp_gain":0,"max_hp_loss":0,"event_name":"Purifier","floor":14,"gold_loss":0},{"damage_healed":0,"gold_gain":0,"player_choice":"Read","damage_taken":0,"max_hp_gain":0,"max_hp_loss":0,"event_name":"The Library","floor":21,"gold_loss":0,"cards_obtained":["Cold Snap"]}],"is_beta":false,"boss_relics":[{"not_picked":["Snecko Eye","Ectoplasm"],"picked":"Orrery"}],"items_purged_floors":[19],"is_endless":false,"potions_floor_spawned":[7,8,11,16,18],"killed_by":"3 Cultists","ascension_level":1}