{"gold_per_floor":[112,125,155,165,176,176,73,73,98,98,98,117,117,117,117,236,236,255,278,278,278],"floor_reached":21,"playtime":897,"items_purged":[],"score":237,"play_id":"8c72ff0a-3ece-4368-86f6-c00c2c0d73bb","local_time":"20181106222427","is_ascension_mode":true,"campfire_choices":[{"data":"Sunder","floor":6,"key":"SMITH"},{"data":"Zap","floor":8,"key":"SMITH"},{"floor":10,"key":"REST"},{"floor":15,"key":"REST"}],"neow_cost":"NONE","seed_source_timestamp":2765200254495313,"circlet_count":0,"master_deck":["Strike_B","Strike_B","Strike_B","Strike_B","Defend_B","Defend_B","Defend_B","Defend_B","Zap+1","Dualcast","Sunder+1","Ball Lightning","Tempest","Electrodynamics","Go for the Eyes","Conserve Battery","Ball Lightning","Conserve Battery","Machine Learning","Echo Form","Force Field"],"relics":["Cracked Core","Dream Catcher","Tiny Chest","Art of War","Golden Idol","Velvet Choker","Nilry\u0027s Codex"],"potions_floor_usage":[21,21],"damage_taken":[{"damage":7,"enemies":"Small Slimes","floor":1,"turns":3},{"damage":1,"enemies":"Cultist","floor":2,"turns":3},{"damage":2,"enemies":"Jaw Worm","floor":4,"turns":3},{"damage":15,"enemies":"Large Slime","floor":5,"turns":5},{"damage":2,"enemies":"3 Louse","floor":12,"turns":2},{"damage":54,"enemies":"The Guardian","floor":16,"turns":11},{"damage":7,"enemies":"Chosen","floor":18,"turns":3},{"damage":22,"enemies":"2 Thieves","floor":19,"turns":3},{"damage":36,"enemies":"Shelled Parasite and Fungi","floor":21,"turns":3}],"seed_played":"-3817509980228877415","potions_obtained":[{"floor":1,"key":"Strength Potion"},{"floor":4,"key":"SkillPotion"},{"floor":18,"key":"Regen Potion"}],"is_trial":false,"path_per_floor":["M","M","?","M","M","R","$","R","T","R","?","M","?","?","R","B",null,"M","M","?","M"],"character_chosen":"DEFECT","items_purchased":["Go for the Eyes","Conserve Battery"],"campfire_rested":2,"item_purchase_floors":[7,7],"current_hp_per_floor":[61,60,57,55,40,40,40,40,40,62,62,60,42,42,64,10,59,52,30,14,0],"gold":278,"neow_bonus":"RANDOM_COMMON_RELIC","is_prod":false,"is_daily":false,"chose_seed":false,"campfire_upgraded":2,"win_rate":0,"timestamp":1541510667,"path_taken":["M","M","?","M","M","R","$","R","T","R","?","?","?","?","R","BOSS","M","M","?","M"],"build_version":"2018-11-01","purchased_purges":0,"victory":false,"max_hp_per_floor":[75,75,75,75,75,75,75,75,75,75,75,75,75,75,75,75,75,75,75,75,75],"card_choices":[{"not_picked":["Barrage","Doom and Gloom"],"picked":"Sunder","floor":1},{"not_picked":["Darkness","Rebound"],"picked":"Ball Lightning","floor":2},{"not_picked":["Loop","Steam"],"picked":"Tempest","floor":4},{"not_picked":["Sweeping Beam","Compile Driver"],"picked":"Electrodynamics","floor":5},{"not_picked":["Stack","Loop"],"picked":"Ball Lightning","floor":10},{"not_picked":["Scrape","Ball Lightning"],"picked":"Conserve Battery","floor":12},{"not_picked":["Turbo","Coolheaded"],"picked":"Machine Learning","floor":15},{"not_picked":["Machine Learning","All For One"],"picked":"Echo Form","floor":16},{"not_picked":["Gash","Beam Cell","Streamline+1"],"picked":"SKIP","floor":18},{"not_picked":["Rip and Tear","Hologram"],"picked":"Force Field","floor":19}],"player_experience":419221,"relics_obtained":[{"floor":9,"key":"Art of War"},{"floor":20,"key":"Nilry\u0027s Codex"}],"event_choices":[{"damage_healed":0,"gold_gain":0,"player_choice":"Success","damage_taken":3,"relics_obtained":["Tiny Chest"],"max_hp_gain":0,"max_hp_loss":0,"event_name":"Scrap Ooze","floor":3,"gold_loss":0},{"damage_healed":0,"gold_gain":0,"player_choice":"Cursed","damage_taken":0,"max_hp_gain":0,"max_hp_loss":0,"event_name":"Wheel of Change","floor":11,"gold_loss":0,"cards_obtained":["Decay"]},{"damage_healed":0,"gold_gain":0,"player_choice":"Take Damage","damage_taken":18,"relics_obtained":["Golden Idol"],"max_hp_gain":0,"max_hp_loss":0,"event_name":"Golden Idol","floor":13,"gold_loss":0},{"cards_removed":["Decay"],"damage_healed":0,"gold_gain":0,"player_choice":"Forget","damage_taken":0,"max_hp_gain":0,"max_hp_loss":0,"event_name":"Living Wall","floor":14,"gold_loss":0},{"damage_healed":0,"gold_gain":0,"player_choice":"Obtained Book","damage_taken":16,"max_hp_gain":0,"max_hp_loss":0,"event_name":"Cursed Tome","floor":20,"gold_loss":0}],"is_beta":false,"boss_relics":[{"not_picked":["Fusion Hammer","Runic Pyramid"],"picked":"Velvet Choker"}],"items_purged_floors":[],"is_endless":false,"potions_floor_spawned":[1,4,18],"killed_by":"Shelled Parasite and Fungi","ascension_level":8}