{"gold_per_floor":[118,118,43,43,62,92,92,153,178,178,178,88,108,140,140,237,287,302,312,312,411,430,461,474,474,474,474,486,344,344,43,43,142,142,155,155,237,248,50,84,84,84,84,101,120,120,120,137,137,137],"floor_reached":51,"playtime":2982,"items_purged":["Strike_MRS"],"score":826,"play_id":"69e69460-1450-4ac3-9646-2e29ae9b6ad6","local_time":"20190214222745","is_ascension_mode":false,"campfire_choices":[{"data":"UpSweep","floor":7,"key":"SMITH"},{"data":"LuminesStrike","floor":11,"key":"SMITH"},{"floor":15,"key":"DIG"},{"floor":25,"key":"REST"},{"data":"CasketOfStar","floor":27,"key":"SMITH"},{"data":"PolarisUnique","floor":32,"key":"SMITH"},{"data":"SporeBomb","floor":41,"key":"SMITH"},{"data":"EventHorizon","floor":46,"key":"SMITH"},{"data":"AsteroidBelt","floor":49,"key":"SMITH"}],"neow_cost":"NONE","seed_source_timestamp":666359519755519,"circlet_count":0,"master_deck":["Strike_MRS+1","Defend_MRS+1","Defend_MRS+1","Defend_MRS+1","Defend_MRS+1","MasterSpark+1","UpSweep+1","StarlightTyphoon+1","SporeBomb+1","LuminesStrike+1","Parasite","Good Instincts","PowerUp","CasketOfStar+1","StarlightTyphoon","6A+1","AsteroidBelt","LuminesStrike","RefractionSpark","LuminesStrike+1","BinaryStars+1","GasGiant","AsteroidBelt+1","PolarisUnique+1","UltimateShortwave","PowerUp","EarthLightRay+1","Finesse","ReplayTheSpireMod:Necrogeddon","ReplayTheSpireMod:Necrogeddon","PowerUp","Parasite","PowerUp+1","EarthLightRay","Singularity+1","EventHorizon+1","Wraith"],"relics":["MiniHakkero","StoneCalendar","Incense Burner","Boot","Regal Pillow","Blue Doll","Tiny House","Quantum Egg","Replay:Ringing Soul","ExperimentalFamiliar","Tiny Chest","Prayer Wheel","HandmadeGrimoire"],"potions_floor_usage":[8,44,50,50],"damage_taken":[{"damage":7,"enemies":"Small Slimes","floor":1,"turns":3},{"damage":1,"enemies":"Jaw Worm","floor":5,"turns":3},{"damage":26,"enemies":"Lagavulin","floor":6,"turns":7},{"damage":24,"enemies":"Lagavulin Event","floor":8,"turns":5},{"damage":1,"enemies":"Cultist","floor":13,"turns":3},{"damage":14,"enemies":"3 Sentries","floor":14,"turns":7},{"damage":21,"enemies":"Fading Forest","floor":16,"turns":11},{"damage":11,"enemies":"3 Byrds","floor":18,"turns":5},{"damage":18,"enemies":"Shell Parasite","floor":19,"turns":4},{"damage":22,"enemies":"Snecko","floor":22,"turns":7},{"damage":14,"enemies":"Gremlin Leader","floor":23,"turns":7},{"damage":20,"enemies":"Snake Plant","floor":24,"turns":4},{"damage":17,"enemies":"Centurion and Healer","floor":28,"turns":4},{"damage":27,"enemies":"Champ","floor":33,"turns":9},{"damage":9,"enemies":"3 Shapes","floor":35,"turns":4},{"damage":24,"enemies":"3 Darklings","floor":38,"turns":3},{"damage":13,"enemies":"Nemesis","floor":40,"turns":7},{"damage":1,"enemies":"Writhing Mass","floor":44,"turns":5},{"damage":0,"enemies":"Spire Growth","floor":45,"turns":2},{"damage":28,"enemies":"Transient","floor":48,"turns":5},{"damage":71,"enemies":"Awakened One","floor":50,"turns":8}],"seed_played":"-2810157966649003976","potions_obtained":[{"floor":6,"key":"Reflective Coating"},{"floor":17,"key":"Venom Potion"},{"floor":19,"key":"Adrenaline Potion"},{"floor":23,"key":"SkillPotion"},{"floor":44,"key":"Elixir"}],"is_trial":false,"path_per_floor":["M","?","$","?","M","E","R","?","T","?","R","$","M","E","R","B",null,"M","M","?","?","M","E","M","R","T","R","M","$","?","$","R","B",null,"M","?","T","M","$","E","R","?","T","M","M","R","?","M","R","B",null],"character_chosen":"MARISA","items_purchased":["Good Instincts","BinaryStars","PolarisUnique","UltimateShortwave","Finesse","ReplayTheSpireMod:Necrogeddon"],"campfire_rested":1,"item_purchase_floors":[12,29,31,31,39,39],"current_hp_per_floor":[75,59,59,59,58,32,32,8,8,28,28,28,27,13,13,2,87,76,58,58,58,36,22,2,43,43,43,29,32,35,38,38,11,99,93,93,93,72,75,71,71,71,71,79,82,82,85,67,67,6],"gold":137,"neow_bonus":"TEN_PERCENT_HP_BONUS","is_prod":false,"is_daily":false,"chose_seed":false,"campfire_upgraded":7,"win_rate":0.0,"timestamp":1550176065,"path_taken":["M","?","$","?","?","E","R","?","T","?","R","?","M","E","R","BOSS","M","M","?","?","M","E","M","R","T","R","M","$","?","$","R","BOSS","M","?","?","M","$","E","R","?","T","?","?","R","?","M","R","BOSS"],"build_version":"2019-01-23","purchased_purges":1,"victory":true,"max_hp_per_floor":[82,82,82,82,82,82,82,82,82,82,82,82,82,82,82,82,87,87,87,87,87,87,87,87,87,87,87,90,93,96,99,99,99,99,102,102,102,105,108,111,111,111,111,114,117,117,120,120,120,120],"card_choices":[{"not_picked":["LuminesStrike","ManaConvection"],"picked":"StarlightTyphoon","floor":1},{"not_picked":["Robbery","MysteriousBeam","NonDirectionalLaser"],"picked":"SKIP","floor":5},{"not_picked":["ManaConvection","DragonMeteor"],"picked":"SporeBomb","floor":6},{"not_picked":["DoubleSpark","IllusionStar"],"picked":"LuminesStrike","floor":8},{"not_picked":["GalacticHalo","GravityBeat","StarBarrage"],"picked":"SKIP","floor":13},{"not_picked":["GasGiant","GrandCross"],"picked":"PowerUp","floor":14},{"not_picked":["MaximisePower","MillisecondPulsars"],"picked":"CasketOfStar","floor":16},{"not_picked":["DoubleSpark","MagicAbsorber"],"picked":"StarlightTyphoon","floor":17},{"not_picked":["ManaConvection","WitchLeyline+1"],"picked":"6A+1","floor":18},{"not_picked":["NonDirectionalLaser","DarkSpark"],"picked":"AsteroidBelt","floor":19},{"not_picked":["DoubleSpark","StarBarrage","MeteoricShower"],"picked":"SKIP","floor":22},{"not_picked":["OpenUniverse","EnergyFlow"],"picked":"LuminesStrike","floor":23},{"not_picked":["SuperPerseids","IllusionStar"],"picked":"RefractionSpark","floor":24},{"not_picked":["MysteriousBeam","DoubleSpark"],"picked":"LuminesStrike+1","floor":28},{"not_picked":["OpenUniverse","ManaConvection+1"],"picked":"PowerUp","floor":35},{"not_picked":["UnstableBomb","SporeBomb+1"],"picked":"EarthLightRay+1","floor":38},{"not_picked":["RefractionSpark","MagicChant"],"picked":"PowerUp","floor":40},{"not_picked":["SporeBomb","OrrerysSun+1"],"picked":"PowerUp+1","floor":44},{"not_picked":["Orbital+1","StarlightTyphoon+1"],"picked":"EarthLightRay","floor":44},{"not_picked":["SporeBomb+1","LuminesStrike+1"],"picked":"Singularity+1","floor":45},{"not_picked":["AbsoluteMagnitude","GasGiant+1"],"picked":"EventHorizon","floor":45},{"not_picked":["GrandCross","SuperPerseids","DarkSpark"],"picked":"SKIP","floor":48},{"not_picked":["MysteriousBeam","GrandCross","WitchOfGreed"],"picked":"SKIP","floor":48}],"player_experience":192974,"relics_obtained":[{"floor":6,"key":"StoneCalendar"},{"floor":8,"key":"Incense Burner"},{"floor":9,"key":"Boot"},{"floor":14,"key":"Regal Pillow"},{"floor":15,"key":"Blue Doll"},{"floor":23,"key":"Quantum Egg"},{"floor":26,"key":"Replay:Ringing Soul"},{"floor":37,"key":"Tiny Chest"},{"floor":40,"key":"Prayer Wheel"},{"floor":43,"key":"HandmadeGrimoire"}],"event_choices":[{"damage_healed":0,"gold_gain":0,"player_choice":"Entered Light","damage_taken":16,"max_hp_gain":0,"max_hp_loss":0,"event_name":"Shining Light","floor":2,"gold_loss":0,"cards_upgraded":["Strike_MRS","MasterSpark"]},{"damage_healed":0,"gold_gain":0,"player_choice":"Forge","damage_taken":0,"max_hp_gain":0,"max_hp_loss":0,"event_name":"Accursed Blacksmith","floor":4,"gold_loss":0,"cards_upgraded":["StarlightTyphoon"]},{"damage_healed":0,"gold_gain":0,"player_choice":"Searched \u00272\u0027 times","damage_taken":0,"max_hp_gain":0,"max_hp_loss":0,"event_name":"Dead Adventurer","floor":8,"gold_loss":0},{"damage_healed":20,"gold_gain":0,"player_choice":"Healed and dodged fight","damage_taken":0,"max_hp_gain":0,"max_hp_loss":0,"event_name":"Mushrooms_MRS","floor":10,"gold_loss":0,"cards_obtained":["Parasite"]},{"damage_healed":0,"gold_gain":0,"player_choice":"Simplicity","damage_taken":0,"max_hp_gain":0,"max_hp_loss":0,"event_name":"Back to Basics","floor":20,"gold_loss":0,"cards_upgraded":[]},{"damage_healed":0,"gold_gain":99,"player_choice":"Stole From Cult","damage_taken":0,"max_hp_gain":0,"max_hp_loss":0,"event_name":"Nest","floor":21,"gold_loss":0},{"damage_healed":0,"gold_gain":0,"cards_transformed":["Strike_MRS","Strike_MRS"],"player_choice":"Became Test Subject","damage_taken":0,"max_hp_gain":0,"max_hp_loss":0,"event_name":"Drug Dealer","floor":30,"gold_loss":0,"cards_obtained":["GasGiant","AsteroidBelt"]},{"damage_healed":0,"gold_gain":0,"player_choice":"Ignored","damage_taken":0,"max_hp_gain":0,"max_hp_loss":0,"event_name":"Tomb of Lord Red Mask","floor":36,"gold_loss":0},{"damage_healed":0,"gold_gain":0,"player_choice":"Upgraded","damage_taken":0,"max_hp_gain":0,"max_hp_loss":0,"event_name":"Upgrade Shrine","floor":42,"gold_loss":0,"cards_upgraded":["BinaryStars"]},{"damage_healed":0,"gold_gain":0,"player_choice":"Ignored","damage_taken":0,"max_hp_gain":0,"max_hp_loss":0,"event_name":"OrinTheCat","floor":47,"gold_loss":0}],"is_beta":false,"boss_relics":[{"not_picked":["hubris:CrackedHourglass","hubris:GrandSneckoEye"],"picked":"Tiny House"},{"not_picked":["Abe\u0027s Treasure","Empty Cage"],"picked":"ExperimentalFamiliar"}],"items_purged_floors":[3],"is_endless":false,"potions_floor_spawned":[6,19,23,33,40,44,48],"ascension_level":0}