{"gold_per_floor":[118,118,118,132,51,63,78,108,134,134,59,59,59,69,69,173,173,188,88,107,32,32,32,45,45,45,45,59,74,74,74,74,178,178,191,191,211,151,170,170,188,188,256,266,266,277,152,185,185,185],"floor_reached":51,"playtime":5751,"items_purged":["Strike_G","Strike_G","Strike_G"],"score":677,"play_id":"1fb748d1-59e4-440b-ad13-84edfa345f26","local_time":"20190217010002","is_ascension_mode":false,"campfire_choices":[{"floor":10,"key":"REST"},{"data":"Noxious Fumes","floor":13,"key":"SMITH"},{"data":"Footwork","floor":15,"key":"SMITH"},{"data":"Acrobatics","floor":23,"key":"SMITH"},{"data":"Escape Plan","floor":25,"key":"SMITH"},{"floor":32,"key":"REST"},{"floor":40,"key":"REST"},{"floor":45,"key":"REST"},{"floor":49,"key":"REST"}],"neow_cost":"NONE","seed_source_timestamp":224262083673470,"circlet_count":0,"master_deck":["Defend_G","Defend_G","Strike_G","Survivor","Neutralize+1","Footwork+1","Noxious Fumes+1","Acrobatics+1","After Image+1","Escape Plan+1","All Out Attack","Backflip","Backflip+1","Noxious Fumes+1","Outmaneuver","Acrobatics+1"],"relics":["Ring of the Snake","Dream Catcher","Potion Belt","Vajra","Sozu","Bottled Lightning","Empty Cage","Dodecahedron","Mummified Hand"],"potions_floor_usage":[16,29,50],"damage_taken":[{"damage":0,"enemies":"Cultist","floor":1,"turns":4},{"damage":0,"enemies":"Small Slimes","floor":4,"turns":4},{"damage":3,"enemies":"Jaw Worm","floor":6,"turns":6},{"damage":7,"enemies":"Exordium Thugs","floor":7,"turns":9},{"damage":6,"enemies":"3 Sentries","floor":8,"turns":9},{"damage":4,"enemies":"2 Fungi Beasts","floor":14,"turns":4},{"damage":1,"enemies":"The Guardian","floor":16,"turns":12},{"damage":0,"enemies":"Spheric Guardian","floor":18,"turns":7},{"damage":0,"enemies":"Shell Parasite","floor":20,"turns":9},{"damage":5,"enemies":"Snecko","floor":24,"turns":6},{"damage":0,"enemies":"Snake Plant","floor":28,"turns":6},{"damage":10,"enemies":"Cultist and Chosen","floor":29,"turns":7},{"damage":9,"enemies":"Champ","floor":33,"turns":21},{"damage":18,"enemies":"3 Darklings","floor":35,"turns":4},{"damage":5,"enemies":"Orb Walker","floor":37,"turns":6},{"damage":17,"enemies":"Sphere and 2 Shapes","floor":39,"turns":7},{"damage":4,"enemies":"Jaw Worm Horde","floor":41,"turns":7},{"damage":5,"enemies":"Spire Growth","floor":44,"turns":6},{"damage":0,"enemies":"4 Shapes","floor":46,"turns":4},{"damage":24,"enemies":"Nemesis","floor":48,"turns":11},{"damage":0,"enemies":"Donu and Deca","floor":50,"turns":11}],"seed_played":"-7956484667105594476","potions_obtained":[{"floor":1,"key":"Block Potion"},{"floor":6,"key":"Fire Potion"},{"floor":8,"key":"PowerPotion"},{"floor":16,"key":"FearPotion"}],"is_trial":false,"path_per_floor":["M","?","?","M","$","M","M","E","T","R","$","?","R","M","R","B",null,"M","$","M","?","?","R","M","R","T","?","M","M","?","$","R","B",null,"M","?","M","?","M","R","M","?","T","M","R","M","$","E","R","B",null],"character_chosen":"THE_SILENT","items_purchased":["Noxious Fumes"],"campfire_rested":5,"item_purchase_floors":[5],"current_hp_per_floor":[70,63,63,63,63,60,53,47,47,68,68,68,68,64,64,63,70,70,70,70,70,70,70,65,65,65,49,49,39,39,39,60,51,70,52,70,65,65,48,69,65,65,65,60,70,70,70,46,67,67],"gold":185,"neow_bonus":"UPGRADE_CARD","is_prod":false,"is_daily":false,"chose_seed":false,"campfire_upgraded":4,"win_rate":0.0,"timestamp":1550332802,"path_taken":["M","?","?","?","$","M","M","E","T","R","$","?","R","M","R","BOSS","M","$","M","?","?","R","?","R","T","?","M","M","?","$","R","BOSS","M","?","M","?","?","R","M","?","T","M","R","M","$","E","R","BOSS"],"build_version":"2019-01-23","purchased_purges":3,"victory":true,"max_hp_per_floor":[70,70,70,70,70,70,70,70,70,70,70,70,70,70,70,70,70,70,70,70,70,70,70,70,70,70,70,70,70,70,70,70,70,70,70,70,70,70,70,70,70,70,70,70,70,70,70,70,70,70],"card_choices":[{"not_picked":["Terror","Riddle With Holes","Caltrops"],"picked":"SKIP","floor":1},{"not_picked":["Acrobatics","Dagger Spray"],"picked":"Footwork","floor":4},{"not_picked":["Expertise","Finisher"],"picked":"Acrobatics","floor":6},{"not_picked":["Underhanded Strike","Tactician","Crippling Poison"],"picked":"SKIP","floor":7},{"not_picked":["Predator","Slice","Underhanded Strike"],"picked":"SKIP","floor":8},{"not_picked":["Dagger Throw","Corpse Explosion","Distraction"],"picked":"SKIP","floor":14},{"not_picked":["Envenom","Doppelganger"],"picked":"After Image","floor":16},{"not_picked":["Bane+1","Well Laid Plans+1"],"picked":"Escape Plan","floor":18},{"not_picked":["Expertise","Prepared+1","Bane"],"picked":"SKIP","floor":20},{"not_picked":["Deadly Poison","PiercingWail","Dagger Spray"],"picked":"SKIP","floor":24},{"not_picked":["Sucker Punch","Masterful Stab+1","Prepared"],"picked":"SKIP","floor":28},{"not_picked":["Dagger Spray","Deflect+1"],"picked":"Backflip","floor":29},{"not_picked":["Poisoned Stab","Slice","Dagger Spray"],"picked":"SKIP","floor":35},{"not_picked":["Slice+1","Dagger Spray","Flying Knee+1"],"picked":"SKIP","floor":37},{"not_picked":["Slice+1","Eviscerate"],"picked":"Backflip+1","floor":39},{"not_picked":["Reflex","Blade Dance+1","Deadly Poison"],"picked":"SKIP","floor":41},{"not_picked":["Dodge and Roll","Deadly Poison+1","Blade Dance+1"],"picked":"SKIP","floor":44},{"not_picked":["Dodge and Roll","Flechettes"],"picked":"Outmaneuver","floor":46},{"not_picked":["Envenom","Leg Sweep","Poisoned Stab+1"],"picked":"SKIP","floor":48},{"not_picked":["Outmaneuver","Predator"],"picked":"Acrobatics+1","floor":49}],"player_experience":71379,"relics_obtained":[{"floor":8,"key":"Potion Belt"},{"floor":9,"key":"Vajra"},{"floor":26,"key":"Bottled Lightning"},{"floor":43,"key":"Dodecahedron"},{"floor":48,"key":"Mummified Hand"}],"event_choices":[{"damage_healed":0,"gold_gain":0,"player_choice":"Success","damage_taken":7,"relics_obtained":["Dream Catcher"],"max_hp_gain":0,"max_hp_loss":0,"event_name":"Scrap Ooze","floor":2,"gold_loss":0},{"damage_healed":0,"gold_gain":0,"player_choice":"Ignored","damage_taken":0,"max_hp_gain":0,"max_hp_loss":0,"event_name":"Shining Light","floor":3,"gold_loss":0},{"damage_healed":0,"gold_gain":0,"player_choice":"Ignored","damage_taken":0,"max_hp_gain":0,"max_hp_loss":0,"event_name":"Liars Game","floor":12,"gold_loss":0},{"cards_removed":["Defend_G"],"damage_healed":0,"gold_gain":0,"player_choice":"Gave Gold","damage_taken":0,"max_hp_gain":0,"max_hp_loss":0,"event_name":"Beggar","floor":21,"gold_loss":75},{"damage_healed":0,"gold_gain":0,"cards_transformed":["Defend_G"],"player_choice":"Transformed","damage_taken":0,"max_hp_gain":0,"max_hp_loss":0,"event_name":"Transmorgrifier","floor":22,"gold_loss":0,"cards_obtained":["All Out Attack"]},{"damage_healed":0,"gold_gain":0,"player_choice":"Obtained Book","damage_taken":16,"max_hp_gain":0,"max_hp_loss":0,"event_name":"Cursed Tome","floor":27,"gold_loss":0},{"damage_healed":0,"gold_gain":0,"player_choice":"Upgraded","damage_taken":0,"max_hp_gain":0,"max_hp_loss":0,"event_name":"Upgrade Shrine","floor":30,"gold_loss":0,"cards_upgraded":["After Image"]},{"damage_healed":18,"gold_gain":0,"player_choice":"Writhe","damage_taken":0,"max_hp_gain":0,"max_hp_loss":0,"event_name":"Winding Halls","floor":36,"gold_loss":0,"cards_obtained":["Writhe"]},{"cards_removed":["Writhe"],"damage_healed":0,"gold_gain":0,"player_choice":"Single Remove","damage_taken":0,"max_hp_gain":0,"max_hp_loss":0,"event_name":"Designer","floor":38,"gold_loss":60},{"damage_healed":0,"gold_gain":0,"player_choice":"Copied","damage_taken":0,"max_hp_gain":0,"max_hp_loss":0,"event_name":"Duplicator","floor":42,"gold_loss":0,"cards_obtained":["Noxious Fumes"]}],"is_beta":false,"boss_relics":[{"not_picked":["Cursed Key","Ring of the Serpent"],"picked":"Sozu"},{"not_picked":["Eternal Feather","Philosopher\u0027s Stone"],"picked":"Empty Cage"}],"items_purged_floors":[11,19,47],"is_endless":false,"potions_floor_spawned":[1,6,8,16,18,24,28,29,37,39,41,44],"ascension_level":0}