{"gold_per_floor":[210,81,99,99,99,99,46,46,46,76,92,40,40,40,40,143,143,158,8,23,43,43,43,69,69,69,69,81,6,26,44,44,44],"floor_reached":33,"playtime":2531,"items_purged":["Defend_R","Defend_R"],"score":253,"play_id":"0aa38eb1-26f6-4e6c-8d30-1a33c0ec08b9","local_time":"20190215012030","is_ascension_mode":false,"campfire_choices":[{"data":"Warcry","floor":6,"key":"SMITH"},{"floor":13,"key":"REST"},{"data":"Clash","floor":15,"key":"SMITH"},{"floor":23,"key":"REST"},{"floor":25,"key":"REST"},{"floor":27,"key":"REST"},{"floor":32,"key":"REST"}],"neow_cost":"NONE","seed_source_timestamp":55911917158940,"circlet_count":0,"master_deck":["Strike_R","Strike_R","Strike_R","Strike_R","Strike_R+1","Defend_R+1","Bash","Warcry+1","Shrug It Off+1","Clash+1","Twin Strike","Shrug It Off","Limit Break","Pommel Strike","Pommel Strike","Battle Trance","Perfected Strike"],"relics":["Burning Blood","Meat on the Bone","Letter Opener","Ancient Tea Set","White Beast Statue","Happy Flower","War Paint"],"potions_floor_usage":[16,21,24,24,30,31,33,33],"damage_taken":[{"damage":6,"enemies":"Jaw Worm","floor":1,"turns":5},{"damage":0,"enemies":"Small Slimes","floor":3,"turns":4},{"damage":12,"enemies":"2 Louse","floor":11,"turns":2},{"damage":60,"enemies":"Hexaghost","floor":16,"turns":11},{"damage":43,"enemies":"3 Byrds","floor":18,"turns":10},{"damage":27,"enemies":"Spheric Guardian","floor":20,"turns":6},{"damage":20,"enemies":"Snecko","floor":21,"turns":6},{"damage":48,"enemies":"Book of Stabbing","floor":24,"turns":7},{"damage":39,"enemies":"Snake Plant","floor":28,"turns":5},{"damage":25,"enemies":"Cultist and Chosen","floor":30,"turns":7},{"damage":8,"enemies":"3 Cultists","floor":31,"turns":5},{"damage":78,"enemies":"Collector","floor":33,"turns":7}],"seed_played":"2358365863564540521","potions_obtained":[{"floor":3,"key":"Strength Potion"},{"floor":11,"key":"Swift Potion"},{"floor":18,"key":"SkillPotion"},{"floor":20,"key":"Weak Potion"},{"floor":21,"key":"Fire Potion"},{"floor":24,"key":"Weak Potion"},{"floor":28,"key":"SteroidPotion"},{"floor":30,"key":"Fire Potion"},{"floor":31,"key":"SmokeBomb"}],"is_trial":false,"path_per_floor":["M","$","M","?","?","R","$","?","T","?","M","$","R","$","R","B",null,"M","$","M","M","$","R","E","R","T","R","M","?","M","M","R","B"],"character_chosen":"IRONCLAD","items_purchased":["Shrug It Off","Clash","Shrug It Off","Pommel Strike"],"campfire_rested":5,"item_purchase_floors":[2,7,12,19],"current_hp_per_floor":[80,80,80,80,62,62,62,46,46,46,52,52,76,76,76,34,80,55,55,46,44,44,68,38,62,62,80,47,47,40,50,74,0],"gold":44,"neow_bonus":"HUNDRED_GOLD","is_prod":false,"is_daily":false,"chose_seed":false,"campfire_upgraded":2,"win_rate":0.0,"timestamp":1550161230,"path_taken":["M","$","M","?","?","R","$","?","T","?","M","?","R","$","R","BOSS","M","$","M","M","$","R","E","R","T","R","M","?","M","M","R","BOSS"],"build_version":"2019-01-23","purchased_purges":2,"victory":false,"max_hp_per_floor":[80,80,80,80,80,80,80,80,80,80,80,80,80,80,80,80,80,80,80,80,80,80,80,80,80,80,80,80,80,80,80,80,80],"card_choices":[{"not_picked":["Cleave","Hemokinesis"],"picked":"Warcry","floor":1},{"not_picked":["Rupture","Searing Blow","Blood for Blood"],"picked":"SKIP","floor":3},{"not_picked":["Heavy Blade","Flex"],"picked":"Twin Strike","floor":11},{"not_picked":["Bludgeon","Brutality"],"picked":"Limit Break","floor":16},{"not_picked":["True Grit","Iron Wave","Carnage"],"picked":"SKIP","floor":18},{"not_picked":["Anger","Body Slam"],"picked":"Pommel Strike","floor":20},{"not_picked":["Heavy Blade+1","Infernal Blade"],"picked":"Battle Trance","floor":21},{"not_picked":["Clothesline","Rage","Metallicize"],"picked":"SKIP","floor":24},{"not_picked":["Sword Boomerang+1","Ghostly Armor"],"picked":"Perfected Strike","floor":28},{"not_picked":["Anger","Iron Wave+1","Searing Blow+1"],"picked":"SKIP","floor":30},{"not_picked":["Carnage","True Grit+1","Infernal Blade+1"],"picked":"SKIP","floor":31}],"player_experience":11472,"relics_obtained":[{"floor":9,"key":"Letter Opener"},{"floor":24,"key":"Happy Flower"},{"floor":26,"key":"War Paint"}],"event_choices":[{"damage_healed":0,"gold_gain":0,"player_choice":"Ignored","damage_taken":0,"max_hp_gain":0,"max_hp_loss":0,"event_name":"Liars Game","floor":4,"gold_loss":0},{"damage_healed":0,"gold_gain":0,"player_choice":"Success","damage_taken":18,"relics_obtained":["Meat on the Bone"],"max_hp_gain":0,"max_hp_loss":0,"event_name":"Scrap Ooze","floor":5,"gold_loss":0},{"damage_healed":0,"gold_gain":0,"player_choice":"Entered Light","damage_taken":16,"max_hp_gain":0,"max_hp_loss":0,"event_name":"Shining Light","floor":8,"gold_loss":0,"cards_upgraded":["Shrug It Off","Strike_R"]},{"damage_healed":0,"gold_gain":30,"player_choice":"Searched \u00273\u0027 times","damage_taken":0,"relics_obtained":["Ancient Tea Set"],"max_hp_gain":0,"max_hp_loss":0,"event_name":"Dead Adventurer","floor":10,"gold_loss":0},{"cards_removed":["Defend_R"],"damage_healed":0,"gold_gain":0,"player_choice":"Gave Gold","damage_taken":0,"max_hp_gain":0,"max_hp_loss":0,"event_name":"Beggar","floor":29,"gold_loss":75}],"is_beta":false,"boss_relics":[{"not_picked":["Ectoplasm","Runic Pyramid"],"picked":"White Beast Statue"}],"items_purged_floors":[2,19],"is_endless":false,"potions_floor_spawned":[3,11,18,20,21,24,28,30,31],"killed_by":"Collector","ascension_level":0}