{"gold_per_floor":[119,119,131,150,170,170,170,195,195,214,214,246,265,15,15,111,161,177,177,212,212,232,232,147,147],"floor_reached":25,"playtime":23185,"items_purged":[],"score":211,"play_id":"ee7a665c-cb17-4191-907c-ef6f0e102098","local_time":"20190212225313","is_ascension_mode":false,"campfire_choices":[{"data":"Zap","floor":6,"key":"SMITH"},{"floor":11,"key":"REST"},{"floor":15,"key":"REST"},{"floor":23,"key":"REST"}],"neow_cost":"NONE","seed_source_timestamp":10912706878544,"circlet_count":0,"master_deck":["Strike_B","Strike_B+1","Strike_B","Defend_B","Defend_B","Defend_B+1","Defend_B","Zap+1","Dualcast","Go for the Eyes","Streamline+1","Thunder Strike","Steam","Strike_B","Gash","Blizzard","Ball Lightning","Self Repair","Echo Form","Rebound","Recycle+1","Cold Snap+1","RitualDagger","Compile Driver"],"relics":["Cracked Core","NeowsBlessing","Kunai","Cables","Happy Flower","Matryoshka","Tiny House","Red Mask","Centennial Puzzle"],"potions_floor_usage":[12,20],"damage_taken":[{"damage":0,"enemies":"Small Slimes","floor":1,"turns":1},{"damage":0,"enemies":"Cultist","floor":3,"turns":1},{"damage":0,"enemies":"2 Louse","floor":4,"turns":1},{"damage":15,"enemies":"Large Slime","floor":5,"turns":7},{"damage":17,"enemies":"Lagavulin","floor":8,"turns":6},{"damage":1,"enemies":"Exordium Wildlife","floor":10,"turns":2},{"damage":18,"enemies":"3 Sentries","floor":12,"turns":5},{"damage":23,"enemies":"Exordium Thugs","floor":13,"turns":4},{"damage":11,"enemies":"Hexaghost","floor":16,"turns":8},{"damage":10,"enemies":"Chosen","floor":18,"turns":3},{"damage":40,"enemies":"Masked Bandits","floor":20,"turns":6},{"damage":17,"enemies":"Shell Parasite","floor":22,"turns":6},{"damage":72,"enemies":"Slavers","floor":25,"turns":5}],"seed_played":"-8371014562492027226","potions_obtained":[{"floor":1,"key":"SpeedPotion"},{"floor":8,"key":"Explosive Potion"},{"floor":12,"key":"Explosive Potion"},{"floor":16,"key":"Fire Potion"},{"floor":17,"key":"FairyPotion"},{"floor":22,"key":"LiquidBronze"}],"is_trial":false,"path_per_floor":["?","?","M","M","?","?","?","?"],"character_chosen":"DEFECT","items_purchased":["Matryoshka"],"campfire_rested":3,"item_purchase_floors":[14],"current_hp_per_floor":[75,60,60,60,45,45,45,28,28,27,49,31,8,8,30,26,80,70,70,37,31,28,52,52,0],"gold":147,"neow_bonus":"THREE_ENEMY_KILL","is_prod":false,"is_daily":false,"chose_seed":false,"campfire_upgraded":1,"win_rate":0.0,"timestamp":1549986793,"path_taken":["M","?","M","M","M","R","?","E","T","?","R","E","?","$","R","BOSS","M","?","?","?","M","R","?","E"],"build_version":"2019-01-23","purchased_purges":0,"victory":false,"max_hp_per_floor":[75,75,75,75,75,75,75,75,75,75,75,75,75,75,75,75,80,80,80,80,80,80,80,80,80],"card_choices":[{"not_picked":["Force Field","Redo"],"picked":"Go for the Eyes","floor":1},{"not_picked":["Rebound","Cold Snap"],"picked":"Streamline","floor":3},{"not_picked":["Hologram","Conserve Battery"],"picked":"Thunder Strike","floor":4},{"not_picked":["Reinforced Body","Hologram"],"picked":"Steam","floor":5},{"not_picked":["Go for the Eyes","Defragment"],"picked":"Gash","floor":8},{"not_picked":["Darkness","Cold Snap"],"picked":"Blizzard","floor":10},{"not_picked":["Sweeping Beam","Rebound"],"picked":"Ball Lightning","floor":12},{"not_picked":["Hello World","Skim"],"picked":"Self Repair","floor":13},{"not_picked":["Amplify","All For One"],"picked":"Echo Form","floor":16},{"not_picked":["Streamline","Glacier"],"picked":"Rebound","floor":17},{"not_picked":["Stack","Gash"],"picked":"Recycle+1","floor":18},{"not_picked":["Defragment","Fusion+1"],"picked":"Cold Snap+1","floor":20},{"not_picked":["Scrape","White Noise"],"picked":"Compile Driver","floor":22}],"player_experience":72552,"relics_obtained":[{"floor":8,"key":"Kunai"},{"floor":9,"key":"Cables"},{"floor":12,"key":"Happy Flower"},{"floor":20,"key":"Red Mask"}],"event_choices":[{"damage_healed":0,"gold_gain":0,"player_choice":"Entered Light","damage_taken":15,"max_hp_gain":0,"max_hp_loss":0,"event_name":"Shining Light","floor":2,"gold_loss":0,"cards_upgraded":["Defend_B","Strike_B"]},{"cards_removed":["Strike_B"],"damage_healed":0,"gold_gain":0,"player_choice":"Took Card","damage_taken":0,"max_hp_gain":0,"max_hp_loss":0,"event_name":"NoteForYourself","floor":7,"gold_loss":0,"cards_obtained":["Strike_B"]},{"damage_healed":0,"gold_gain":0,"player_choice":"Ignored","damage_taken":0,"max_hp_gain":0,"max_hp_loss":0,"event_name":"Beggar","floor":19,"gold_loss":0},{"damage_healed":0,"gold_gain":0,"player_choice":"Fought Bandits","damage_taken":0,"max_hp_gain":0,"max_hp_loss":0,"event_name":"Masked Bandits","floor":20,"gold_loss":0},{"damage_healed":0,"gold_gain":0,"player_choice":"Joined the Cult","damage_taken":6,"max_hp_gain":0,"max_hp_loss":0,"event_name":"Nest","floor":21,"gold_loss":0,"cards_obtained":["RitualDagger"]},{"damage_healed":0,"gold_gain":0,"player_choice":"Obtained Relic","damage_taken":0,"relics_obtained":["Centennial Puzzle"],"max_hp_gain":0,"max_hp_loss":0,"event_name":"Addict","floor":24,"gold_loss":85}],"is_beta":false,"boss_relics":[{"not_picked":["Busted Crown","FrozenCore"],"picked":"Tiny House"}],"items_purged_floors":[],"is_endless":false,"potions_floor_spawned":[1,8,12,16,22],"killed_by":"Slavers","ascension_level":0}