{"gold_per_floor":[110,110,122,134,150,150,181,181,181,214,214,23,40,73,73,73],"floor_reached":16,"playtime":640,"items_purged":[],"score":247,"play_id":"b33a16d9-e718-4127-a9f9-ee97b1dfab58","local_time":"20190129085128","is_ascension_mode":true,"campfire_choices":[{"data":"Uppercut","floor":6,"key":"SMITH"},{"data":"Offering","floor":8,"key":"SMITH"},{"data":"Defend_R","floor":11,"key":"SMITH"},{"data":"True Grit","floor":15,"key":"SMITH"}],"neow_cost":"NONE","seed_source_timestamp":54510679733700,"circlet_count":0,"master_deck":["AscendersBane","Strike_R","Strike_R","Strike_R","Strike_R","Defend_R+1","Defend_R","Defend_R","Defend_R","Bash","Whirlwind+1","Uppercut+1","Offering+1","Battle Trance","True Grit+1"],"relics":["Burning Blood","Dodecahedron","Ornamental Fan","Boot","PreservedInsect","Blue Candle"],"potions_floor_usage":[10,16],"damage_taken":[{"damage":6,"enemies":"Cultist","floor":1,"turns":4},{"damage":2,"enemies":"Jaw Worm","floor":3,"turns":3},{"damage":6,"enemies":"2 Louse","floor":4,"turns":2},{"damage":4,"enemies":"2 Fungi Beasts","floor":5,"turns":3},{"damage":36,"enemies":"Lagavulin","floor":7,"turns":6},{"damage":6,"enemies":"3 Sentries","floor":10,"turns":2},{"damage":13,"enemies":"Large Slime","floor":13,"turns":5},{"damage":12,"enemies":"Gremlin Nob","floor":14,"turns":4},{"damage":40,"enemies":"Hexaghost","floor":16,"turns":10}],"seed_played":"5724924620119273546","potions_obtained":[{"floor":4,"key":"Explosive Potion"},{"floor":7,"key":"Weak Potion"},{"floor":13,"key":"Weak Potion"},{"floor":14,"key":"BloodPotion"}],"is_trial":false,"path_per_floor":["M","?","M","M","M","R","E","R","T","E","R","$","M","E","R","B"],"character_chosen":"IRONCLAD","items_purchased":["PreservedInsect","Battle Trance"],"campfire_rested":0,"item_purchase_floors":[12,12],"current_hp_per_floor":[68,68,72,72,74,74,44,44,44,44,44,44,37,31,31,0],"gold":73,"neow_bonus":"REMOVE_CARD","is_prod":false,"is_daily":false,"chose_seed":false,"campfire_upgraded":4,"win_rate":0,"timestamp":1548748288,"path_taken":["M","?","M","?","M","R","E","R","T","E","R","?","?","E","R","BOSS"],"build_version":"2019-01-23","purchased_purges":0,"victory":false,"max_hp_per_floor":[75,75,75,75,75,75,75,75,75,75,75,75,75,75,75,75],"card_choices":[{"not_picked":["Heavy Blade","Warcry"],"picked":"Whirlwind","floor":1},{"not_picked":["Thunderclap","Clothesline"],"picked":"Uppercut","floor":3},{"not_picked":["Rampage","Havoc","Cleave"],"picked":"SKIP","floor":4},{"not_picked":["Twin Strike","Perfected Strike"],"picked":"Offering","floor":5},{"not_picked":["Entrench","Body Slam","Burning Pact"],"picked":"SKIP","floor":7},{"not_picked":["Flex","Dropkick","Bloodletting"],"picked":"SKIP","floor":10},{"not_picked":["Dual Wield","Pommel Strike"],"picked":"True Grit","floor":13},{"not_picked":["Anger","Shrug It Off","Headbutt"],"picked":"SKIP","floor":14}],"player_experience":268541,"relics_obtained":[{"floor":7,"key":"Dodecahedron"},{"floor":9,"key":"Ornamental Fan"},{"floor":10,"key":"Boot"},{"floor":14,"key":"Blue Candle"}],"event_choices":[{"damage_healed":0,"gold_gain":0,"player_choice":"Forge","damage_taken":0,"max_hp_gain":0,"max_hp_loss":0,"event_name":"Accursed Blacksmith","floor":2,"gold_loss":0,"cards_upgraded":["Whirlwind"]}],"is_beta":false,"boss_relics":[],"items_purged_floors":[],"is_endless":false,"potions_floor_spawned":[4,7,13,14],"killed_by":"Hexaghost","ascension_level":14}