{"path_per_floor":["M","?","M","M","?","E","T","R","T","R","M","M","M","M","R"],"character_chosen":"THE_SILENT","items_purchased":[],"gold_per_floor":[109,184,198,216,216,246,246,246,300,300,319,337,352,368,368],"floor_reached":16,"campfire_rested":3,"playtime":1343,"current_hp_per_floor":[70,59,55,47,22,4,4,25,25,46,41,39,39,34,55],"items_purged":[],"gold":368,"play_id":"4357a971-29b2-42a0-82df-a1e91653fa44","is_prod":false,"is_daily":false,"campfire_rituals":0,"campfire_upgraded":0,"is_hardmode":false,"path_taken":["M","?","M","?","?","E","?","R","T","R","M","M","?","M","R","BOSS"],"build_version":"2018-01-11-PROD1","purchased_purges":0,"victory":false,"master_deck":["Defend_G","Defend_G","Defend_G","Defend_G","Defend_G","Strike_G","Strike_G","Strike_G","Strike_G","Strike_G","Survivor","Neutralize","Storm of Steel","Crippling Poison","Dagger Spray","Backflip","Footwork","Noxious Fumes","Escape Plan","Backflip","Phantasmal Killer"],"max_hp_per_floor":[70,70,70,70,70,70,70,70,70,70,70,70,70,70,70],"relics":["Ring of the Snake","Oddly Smooth Stone","Bottled Lightning","Sundial","Toxic Egg"],"campfire_meditates":0,"card_choices":[{"not_picked":["Poisoned Stab","Dagger Spray"],"picked":"Crippling Poison"},{"not_picked":["Dash","Endless Agony"],"picked":"Dagger Spray"},{"not_picked":["Slice","PiercingWail"],"picked":"Backflip"},{"not_picked":["Predator","Flying Knee"],"picked":"Footwork"},{"not_picked":["Endless Agony","Slice"],"picked":"Noxious Fumes"},{"not_picked":["Leg Sweep","Deadly Poison"],"picked":"Escape Plan"},{"not_picked":["Flying Knee","Acrobatics"],"picked":"Backflip"},{"not_picked":["Heel Hook","Riddle With Holes"],"picked":"Phantasmal Killer"}],"player_experience":48892,"potions_floor_usage":[6,14,14],"damage_taken":[{"damage":0,"enemies":"Jaw Worm","floor":1,"turns":6},{"damage":4,"enemies":"Blue Slaver","floor":3,"turns":5},{"damage":8,"enemies":"Small Slimes","floor":4,"turns":2},{"damage":18,"enemies":"Lagavulin","floor":6,"turns":8},{"damage":5,"enemies":"Exordium Wildlife","floor":11,"turns":6},{"damage":2,"enemies":"Gremlin Gang","floor":12,"turns":4},{"damage":0,"enemies":"2 Fungi Beasts","floor":13,"turns":2},{"damage":5,"enemies":"Large Slime","floor":14,"turns":5},{"damage":59,"enemies":"Slime Boss","floor":16,"turns":11}],"event_choices":[{"event_name":"World of Goop","player_choice":"Gather Gold","floor":2,"damage_taken":0},{"event_name":"Scrap Ooze","player_choice":"success","floor":5,"damage_taken":25}],"boss_relics":[],"potions_floor_spawned":[1,4,6,13],"seed_played":"-4440713193169009261","killed_by":"Slime Boss","is_trial":false}