{"gold_per_floor":[118,118,134,151,164,189,189,224,249,54,65,96,96,21,21,123,123,139,79,93,93,93,93],"floor_reached":23,"playtime":971,"items_purged":["Strike_R"],"score":334,"play_id":"efb20c99-9477-477c-8650-6366e8bdd0d4","local_time":"20190211224321","is_ascension_mode":true,"campfire_choices":[{"data":"Juggernaut","floor":7,"key":"SMITH"},{"data":"Armaments","floor":15,"key":"SMITH"}],"neow_cost":"NONE","seed_source_timestamp":556224716029030,"circlet_count":0,"master_deck":["AscendersBane","Strike_R","Strike_R","Strike_R","Strike_R","Defend_R","Defend_R","Defend_R","Defend_R","Bash","Shrug It Off+1","Clothesline","Juggernaut+1","True Grit","Carnage","Armaments+1","Shrug It Off","Warcry","Glacier","Havoc+1","PiercingWail"],"relics":["Burning Blood","PreservedInsect","Pen Nib","Bronze Scales","PrismaticShard","Boot","Eternal Feather","Meat on the Bone"],"potions_floor_usage":[8,12],"damage_taken":[{"damage":5,"enemies":"2 Louse","floor":1,"turns":4},{"damage":1,"enemies":"Cultist","floor":3,"turns":4},{"damage":0,"enemies":"Small Slimes","floor":4,"turns":3},{"damage":18,"enemies":"3 Louse","floor":5,"turns":6},{"damage":41,"enemies":"Gremlin Nob","floor":6,"turns":6},{"damage":18,"enemies":"3 Sentries","floor":8,"turns":6},{"damage":16,"enemies":"Large Slime","floor":11,"turns":8},{"damage":6,"enemies":"Gremlin Nob","floor":12,"turns":3},{"damage":5,"enemies":"The Guardian","floor":16,"turns":10},{"damage":18,"enemies":"3 Byrds","floor":18,"turns":4},{"damage":26,"enemies":"2 Thieves","floor":19,"turns":4},{"damage":17,"enemies":"Snake Plant","floor":20,"turns":4},{"damage":49,"enemies":"Slavers","floor":23,"turns":4}],"seed_played":"387202974285385957","potions_obtained":[{"floor":0,"key":"SteroidPotion"},{"floor":0,"key":"FairyPotion"},{"floor":6,"key":"Regen Potion"},{"floor":8,"key":"PowerPotion"},{"floor":16,"key":"GamblersBrew"}],"is_trial":false,"path_per_floor":["M","?","M","M","M","E","R","E","T","$","M","E","?","$","R","B",null,"M","M","M","?","?","E"],"character_chosen":"IRONCLAD","items_purchased":["PrismaticShard"],"campfire_rested":0,"item_purchase_floors":[10],"current_hp_per_floor":[73,73,78,80,68,33,33,35,35,35,25,25,51,51,51,52,73,61,41,30,30,15,0],"gold":93,"neow_bonus":"THREE_SMALL_POTIONS","is_prod":false,"is_daily":false,"chose_seed":false,"campfire_upgraded":2,"win_rate":0,"timestamp":1549917801,"path_taken":["M","?","M","M","M","E","R","E","T","$","?","E","?","$","R","BOSS","M","M","M","?","?","E"],"build_version":"2019-01-23","purchased_purges":1,"victory":false,"max_hp_per_floor":[80,80,80,80,80,80,80,80,80,80,80,80,80,80,80,80,80,80,80,80,80,85,85],"card_choices":[{"not_picked":["Pommel Strike","Thunderclap"],"picked":"Shrug It Off","floor":1},{"not_picked":["Corruption","Cleave"],"picked":"Clothesline","floor":3},{"not_picked":["True Grit","Pommel Strike"],"picked":"Juggernaut","floor":4},{"not_picked":["Warcry","Cleave"],"picked":"True Grit","floor":5},{"not_picked":["Dropkick","Sever Soul"],"picked":"Carnage","floor":6},{"not_picked":["Feed","Shrug It Off"],"picked":"Armaments","floor":8},{"not_picked":["Cloak And Dagger","Flying Knee"],"picked":"Shrug It Off","floor":11},{"not_picked":["Poisoned Stab","Tactician"],"picked":"Warcry","floor":12},{"not_picked":["Hemokinesis","Finesse"],"picked":"Glacier","floor":18},{"not_picked":["Clothesline","Flying Knee"],"picked":"Havoc+1","floor":19},{"not_picked":["Finisher","Headbutt"],"picked":"PiercingWail","floor":20}],"player_experience":187667,"relics_obtained":[{"floor":6,"key":"PreservedInsect"},{"floor":8,"key":"Pen Nib"},{"floor":9,"key":"Bronze Scales"},{"floor":12,"key":"Boot"}],"event_choices":[{"damage_healed":0,"gold_gain":0,"player_choice":"Forge","damage_taken":0,"max_hp_gain":0,"max_hp_loss":0,"event_name":"Accursed Blacksmith","floor":2,"gold_loss":0,"cards_upgraded":["Shrug It Off"]},{"damage_healed":26,"gold_gain":0,"player_choice":"Banana","damage_taken":0,"max_hp_gain":0,"max_hp_loss":0,"event_name":"Big Fish","floor":13,"gold_loss":0},{"damage_healed":0,"gold_gain":0,"player_choice":"Opened","damage_taken":0,"relics_obtained":["Meat on the Bone"],"max_hp_gain":0,"max_hp_loss":0,"event_name":"The Mausoleum","floor":21,"gold_loss":0},{"damage_healed":0,"gold_gain":0,"player_choice":"Shed Blood","damage_taken":20,"max_hp_gain":5,"max_hp_loss":0,"event_name":"Forgotten Altar","floor":22,"gold_loss":0}],"is_beta":false,"boss_relics":[{"not_picked":["Lizard Tail","White Beast Statue"],"picked":"Eternal Feather"}],"items_purged_floors":[14],"is_endless":false,"potions_floor_spawned":[4,6,8,16,18,20],"killed_by":"Slavers","ascension_level":12}