{"gold_per_floor":[119,44,44,61,111,145,161,187,187,203,103,119,165,181,181,181],"floor_reached":16,"playtime":451,"items_purged":["Defend_R","Strike_R"],"score":247,"play_id":"b3f3b13a-6826-4bbb-81b9-d529138ea34a","local_time":"20190131120635","is_ascension_mode":true,"campfire_choices":[{"floor":15,"key":"REST"}],"neow_cost":"NONE","seed_source_timestamp":239210248240900,"circlet_count":0,"master_deck":["AscendersBane","Strike_R","Strike_R","Strike_R","Defend_R","Defend_R","Defend_R","Bash"],"relics":["Burning Blood","NeowsBlessing","Dodecahedron","Blood Vial","Blue Candle","Bronze Scales"],"potions_floor_usage":[12,16,16],"damage_taken":[{"damage":0,"enemies":"Jaw Worm","floor":1,"turns":1},{"damage":0,"enemies":"Small Slimes","floor":4,"turns":1},{"damage":0,"enemies":"3 Sentries","floor":6,"turns":2},{"damage":10,"enemies":"Cultist","floor":7,"turns":5},{"damage":24,"enemies":"Gremlin Nob","floor":8,"turns":4},{"damage":35,"enemies":"Exordium Thugs","floor":10,"turns":7},{"damage":16,"enemies":"Looter","floor":12,"turns":5},{"damage":6,"enemies":"3 Louse","floor":14,"turns":4},{"damage":57,"enemies":"Hexaghost","floor":16,"turns":11}],"seed_played":"1388966184702126556","potions_obtained":[{"floor":6,"key":"Dexterity Potion"},{"floor":10,"key":"Regen Potion"},{"floor":12,"key":"SkillPotion"}],"is_trial":false,"path_per_floor":["M","$","?","M","?","E","M","E","T","M","$","M","T","M","R","B"],"character_chosen":"IRONCLAD","items_purchased":[],"campfire_rested":1,"item_purchase_floors":[],"current_hp_per_floor":[74,74,74,75,68,74,70,52,52,25,25,31,31,33,55,0],"gold":181,"neow_bonus":"THREE_ENEMY_KILL","is_prod":false,"is_daily":false,"chose_seed":false,"campfire_upgraded":0,"win_rate":0,"timestamp":1548932795,"path_taken":["M","$","?","M","?","E","?","E","T","M","$","M","?","M","R","BOSS"],"build_version":"2019-01-23","purchased_purges":2,"victory":false,"max_hp_per_floor":[75,75,75,75,75,75,75,75,75,75,75,75,75,75,75,75],"card_choices":[{"not_picked":["Twin Strike","Clash","Pommel Strike"],"picked":"SKIP","floor":1},{"not_picked":["Battle Trance","Body Slam","Pummel"],"picked":"SKIP","floor":4},{"not_picked":["Fiend Fire","Shrug It Off","Intimidate"],"picked":"SKIP","floor":6},{"not_picked":["Power Through","Fire Breathing","Perfected Strike"],"picked":"SKIP","floor":7},{"not_picked":["Pummel","Shrug It Off","Battle Trance"],"picked":"SKIP","floor":8},{"not_picked":["Carnage","Sever Soul","Warcry"],"picked":"SKIP","floor":10},{"not_picked":["Cleave","Armaments","Headbutt"],"picked":"SKIP","floor":12},{"not_picked":["Power Through","Ghostly Armor","Cleave"],"picked":"SKIP","floor":14}],"player_experience":289355,"relics_obtained":[{"floor":6,"key":"Dodecahedron"},{"floor":8,"key":"Blood Vial"},{"floor":9,"key":"Blue Candle"},{"floor":13,"key":"Bronze Scales"}],"event_choices":[{"cards_removed":["Strike_R"],"damage_healed":0,"gold_gain":0,"player_choice":"Forget","damage_taken":0,"max_hp_gain":0,"max_hp_loss":0,"event_name":"Living Wall","floor":3,"gold_loss":0},{"damage_healed":0,"gold_gain":50,"player_choice":"Touch","damage_taken":7,"max_hp_gain":0,"max_hp_loss":0,"event_name":"FaceTrader","floor":5,"gold_loss":0}],"is_beta":false,"boss_relics":[],"items_purged_floors":[2,11],"is_endless":false,"potions_floor_spawned":[6,10,12,14],"killed_by":"Hexaghost","ascension_level":16}