{"path_per_floor":["M","M","?","M","M","R","M","M","T","$","M","E","M","?","R","B",null,"M","$","M","$","?","E","?","$","T","M","M","E","R","E","R","B",null,"M","?","?","?","M","E","M","M","T","R","?","M","E","$","R","B"],"character_chosen":"IRONCLAD","items_purchased":["Feed","Omamori","Dodecahedron","Bottled Lightning","Swift Potion"],"gold_per_floor":[117,128,128,145,158,158,171,191,191,39,52,86,101,51,51,155,155,167,21,34,34,234,262,262,9,9,24,38,72,72,100,100,199,199,215,266,266,266,283,312,325,339,362,362,362,375,405,119,119,119],"floor_reached":51,"campfire_rested":1,"playtime":2229,"current_hp_per_floor":[80,80,80,75,61,61,65,70,70,70,76,34,34,34,34,40,91,95,95,94,94,94,88,88,88,88,87,86,79,79,54,54,19,123,129,133,123,106,113,126,121,118,118,118,118,121,121,121,158,119],"items_purged":[],"gold":119,"score":1042,"play_id":"2d323ab1-fca0-4be4-a60b-953454729f04","local_time":"20180518000225","is_prod":false,"is_daily":false,"chose_seed":false,"is_ascension_mode":true,"campfire_upgraded":5,"timestamp":1526594545,"path_taken":["M","M","?","M","?","R","M","M","T","?","M","E","M","?","R","BOSS","M","$","M","$","?","E","?","$","T","?","?","E","R","E","R","BOSS","M","?","?","?","?","E","M","M","T","R","?","M","E","$","R","BOSS"],"build_version":"2018-05-10","seed_source_timestamp":0,"purchased_purges":0,"victory":true,"master_deck":["Strike_R","Strike_R","Strike_R","Strike_R","Defend_R","Defend_R","Bash","Thunderclap","Clash","Flex+1","Twin Strike","Feed+1","Seeing Red+1","Dropkick","Pummel","Offering+1","Blood for Blood+1","Rage+1","Spot Weakness+1","Thunderclap+1","Flex+1","Clash","Heavy Blade+1","Feed","Thinking Ahead+1","Apotheosis+1","Flash of Steel","Madness","Madness","Offering+1","Exhume"],"max_hp_per_floor":[80,80,80,80,80,80,85,85,85,85,88,88,91,91,91,91,91,95,95,99,99,99,109,109,109,109,113,117,117,117,123,123,123,123,129,138,138,138,140,146,148,154,154,154,154,156,158,158,158,158],"relics":["Burning Blood","Happy Flower","Orichalcum","Charon\u0027s Ashes","Calipers","Astrolabe","Omamori","Pear","Dodecahedron","Magic Flower","Pen Nib","Singing Bowl","White Beast Statue","Ginger","Dream Catcher","War Paint","Regal Pillow","Bottled Lightning"],"card_choices":[{"not_picked":["Twin Strike","Searing Blow"],"picked":"Thunderclap","floor":1.0},{"not_picked":["Inflame","Burning Pact"],"picked":"Clash","floor":2.0},{"not_picked":["Twin Strike","Clash"],"picked":"Flex","floor":4.0},{"not_picked":["Corruption","Perfected Strike"],"picked":"Twin Strike","floor":7.0},{"not_picked":["Sword Boomerang","True Grit"],"picked":"Seeing Red","floor":11.0},{"not_picked":["Evolve","Twin Strike"],"picked":"Dropkick","floor":12.0},{"not_picked":["Fire Breathing","Immolate"],"picked":"Pummel","floor":13.0},{"not_picked":["Immolate","Limit Break"],"picked":"Offering","floor":16.0},{"not_picked":["Sword Boomerang","Power Through"],"picked":"Thunderclap","floor":18.0},{"not_picked":["Clothesline","Warcry"],"picked":"Clash","floor":27.0},{"not_picked":["Berserk","Havoc"],"picked":"Heavy Blade","floor":29.0},{"not_picked":["Limit Break","Double Tap"],"picked":"Feed","floor":33.0},{"not_picked":["Mind Blast","Madness"],"picked":"Thinking Ahead","floor":37},{"not_picked":["Mind Blast","Dark Shackles"],"picked":"Apotheosis","floor":37},{"not_picked":["Master of Strategy","Swift Strike"],"picked":"Flash of Steel","floor":37},{"not_picked":["Rupture","Disarm"],"picked":"Exhume","floor":49}],"player_experience":83292,"potions_floor_usage":[42,47,50,50,50],"damage_taken":[{"damage":6.0,"enemies":"Cultist","floor":1.0,"turns":3.0},{"damage":3.0,"enemies":"2 Louse","floor":2.0,"turns":2.0},{"damage":11.0,"enemies":"Jaw Worm","floor":4.0,"turns":4.0},{"damage":20.0,"enemies":"Exordium Wildlife","floor":5.0,"turns":5.0},{"damage":7.0,"enemies":"Blue Slaver","floor":7.0,"turns":2.0},{"damage":1.0,"enemies":"3 Louse","floor":8.0,"turns":2.0},{"damage":3.0,"enemies":"Gremlin Gang","floor":11.0,"turns":4.0},{"damage":48.0,"enemies":"Lagavulin","floor":12.0,"turns":7.0},{"damage":9.0,"enemies":"Blue Slaver","floor":13.0,"turns":3.0},{"damage":0.0,"enemies":"Slime Boss","floor":16.0,"turns":3.0},{"damage":5.0,"enemies":"Spheric Guardian","floor":18.0,"turns":3.0},{"damage":11.0,"enemies":"2 Thieves","floor":20.0,"turns":2.0},{"damage":22.0,"enemies":"Book of Stabbing","floor":23.0,"turns":3.0},{"damage":16.0,"enemies":"Slaver and Parasite","floor":27.0,"turns":3.0},{"damage":16.0,"enemies":"Centurion and Healer","floor":28.0,"turns":3.0},{"damage":16.0,"enemies":"Gremlin Leader","floor":29.0,"turns":2.0},{"damage":42.0,"enemies":"Slavers","floor":31.0,"turns":3.0},{"damage":44.0,"enemies":"Champ","floor":33.0,"turns":6.0},{"damage":4,"enemies":"3 Shapes","floor":35,"turns":2},{"damage":14,"enemies":"Mysterious Sphere","floor":36,"turns":3},{"damage":4,"enemies":"Orb Walker","floor":39,"turns":2},{"damage":4,"enemies":"Nemesis","floor":40,"turns":1},{"damage":16,"enemies":"4 Shapes","floor":41,"turns":2},{"damage":20,"enemies":"Sphere and 2 Shapes","floor":42,"turns":3},{"damage":8,"enemies":"Maw","floor":46,"turns":4},{"damage":11,"enemies":"Giant Head","floor":47,"turns":5},{"damage":48,"enemies":"Awakened One","floor":50,"turns":4}],"event_choices":[{"event_name":"Big Fish","player_choice":"Box","floor":3.0,"damage_taken":0.0},{"event_name":"The Cleric","player_choice":"Card Removal","floor":14.0,"damage_taken":0.0},{"event_name":"Wheel of Change","player_choice":"Gold","floor":22.0,"damage_taken":0.0},{"event_name":"The Library","player_choice":"Read","floor":24.0,"damage_taken":0.0},{"event_name":"Mysterious Sphere","player_choice":"Fight","floor":36,"damage_taken":0},{"event_name":"SensoryStone","player_choice":"Memory 3","floor":37,"damage_taken":0},{"event_name":"Winding Halls","player_choice":"Embrace Madness","floor":38,"damage_taken":0},{"event_name":"Duplicator","player_choice":"One dupe","floor":45,"damage_taken":0}],"boss_relics":[{"not_picked":["Runic Cube","Calling Bell"],"picked":"White Beast Statue"}],"potions_floor_spawned":[2,5,7,11,27,33,35,36,39,40,41,42,46,47],"seed_played":"-245269351895813650","ascension_level":3,"is_trial":false}