{"gold_per_floor":[113,23,23,23,40,66,77,110,110,124,124,138,155,167,167,272,272,257,257,14,29,40,40],"floor_reached":23,"playtime":1293,"items_purged":[],"score":214,"play_id":"af4187ee-f617-4b04-924d-1d2fbe5141ce","local_time":"20181217214411","is_ascension_mode":true,"campfire_choices":[{"data":"Bouncing Flask","floor":11,"key":"SMITH"},{"floor":15,"key":"REST"}],"neow_cost":"NONE","seed_source_timestamp":348904743643186,"circlet_count":0,"master_deck":["Defend_G","Defend_G","Defend_G","Defend_G","Defend_G","Strike_G","Strike_G","Strike_G","Strike_G","Strike_G","Survivor","Neutralize","Backflip","Deadly Poison","PiercingWail","Backflip","Flying Knee","Escape Plan","Bouncing Flask+1","Noxious Fumes","Tools of the Trade","Noxious Fumes","Panache","Backflip"],"relics":["Ring of the Serpent","Boot","Question Card","Spirit Poop","Shuriken","Pear","Kunai","Mercury Hourglass"],"potions_floor_usage":[8,23,23,23],"damage_taken":[{"damage":0,"enemies":"Small Slimes","floor":1,"turns":5},{"damage":0,"enemies":"2 Louse","floor":5,"turns":2},{"damage":22,"enemies":"Gremlin Nob","floor":6,"turns":5},{"damage":0,"enemies":"Cultist","floor":7,"turns":4},{"damage":11,"enemies":"3 Sentries","floor":8,"turns":5},{"damage":11,"enemies":"Lots of Slimes","floor":10,"turns":5},{"damage":3,"enemies":"Looter","floor":12,"turns":3},{"damage":14,"enemies":"Gremlin Gang","floor":13,"turns":4},{"damage":0,"enemies":"Red Slaver","floor":14,"turns":3},{"damage":35,"enemies":"The Guardian","floor":16,"turns":8},{"damage":14,"enemies":"2 Thieves","floor":18,"turns":5},{"damage":5,"enemies":"Spheric Guardian","floor":21,"turns":4},{"damage":11,"enemies":"Centurion and Healer","floor":22,"turns":7},{"damage":56,"enemies":"Gremlin Leader","floor":23,"turns":6}],"seed_played":"-9049000284581521008","potions_obtained":[{"floor":6,"key":"SkillPotion"},{"floor":8,"key":"GamblersBrew"},{"floor":12,"key":"Swift Potion"},{"floor":16,"key":"Dexterity Potion"},{"floor":18,"key":"PowerPotion"}],"is_trial":false,"path_per_floor":["M","$","?","?","M","E","M","E","T","M","R","M","M","M","R","B",null,"M","?","$","M","M","E"],"character_chosen":"THE_SILENT","items_purchased":["Deadly Poison","PiercingWail","Noxious Fumes","Panache"],"campfire_rested":1,"item_purchase_floors":[2,2,20,20],"current_hp_per_floor":[70,70,70,70,70,48,48,47,47,36,36,33,19,19,43,8,80,66,66,66,61,50,0],"gold":40,"neow_bonus":"RANDOM_COMMON_RELIC","is_prod":false,"is_daily":false,"chose_seed":false,"campfire_upgraded":1,"win_rate":1,"timestamp":1545075851,"path_taken":["M","$","?","?","M","E","?","E","T","?","R","M","M","M","R","BOSS","M","?","$","M","?","E"],"build_version":"2018-12-13","purchased_purges":0,"victory":false,"max_hp_per_floor":[70,70,70,70,70,70,70,80,80,80,80,80,80,80,80,80,80,80,80,80,80,80,80],"card_choices":[{"not_picked":["Flying Knee","Leg Sweep"],"picked":"Backflip","floor":1},{"not_picked":["Prepared","Terror","Slice"],"picked":"Backflip","floor":5},{"not_picked":["Backflip","Distraction","Deflect","Infinite Blades"],"picked":"SKIP","floor":6},{"not_picked":["Skewer","Endless Agony","Dagger Spray"],"picked":"Flying Knee","floor":7},{"not_picked":["Backflip","Dash","Acrobatics"],"picked":"Escape Plan","floor":8},{"not_picked":["Flechettes","Crippling Poison","PiercingWail"],"picked":"Bouncing Flask","floor":10},{"not_picked":["Sucker Punch","Tactician","Night Terror","Heel Hook"],"picked":"SKIP","floor":12},{"not_picked":["Sucker Punch","Backstab","Dash","Underhanded Strike"],"picked":"SKIP","floor":13},{"not_picked":["Deadly Poison","Deflect","Backflip"],"picked":"Noxious Fumes","floor":14},{"not_picked":["Venomology","Doppelganger","Wraith Form v2"],"picked":"Tools of the Trade","floor":16},{"not_picked":["Dodge and Roll","Bane","Blade Dance","Underhanded Strike"],"picked":"SKIP","floor":18},{"not_picked":["Slice","Masterful Stab","Flying Knee"],"picked":"Backflip","floor":21},{"not_picked":["Expertise","Acrobatics","Heel Hook","Tactician+1"],"picked":"SKIP","floor":22}],"player_experience":30156,"relics_obtained":[{"floor":6,"key":"Shuriken"},{"floor":8,"key":"Pear"},{"floor":9,"key":"Kunai"},{"floor":19,"key":"Mercury Hourglass"}],"event_choices":[{"damage_healed":0,"gold_gain":0,"player_choice":"Box","damage_taken":0,"relics_obtained":["Question Card"],"max_hp_gain":0,"max_hp_loss":0,"event_name":"Big Fish","floor":3,"gold_loss":0,"cards_obtained":["Regret"]},{"cards_removed":["Regret"],"damage_healed":0,"gold_gain":0,"player_choice":"Offered Curse","damage_taken":0,"relics_obtained":["Spirit Poop"],"max_hp_gain":0,"max_hp_loss":0,"event_name":"Bonfire Elementals","floor":4,"gold_loss":0},{"damage_healed":0,"gold_gain":0,"player_choice":"Relic","damage_taken":0,"max_hp_gain":0,"max_hp_loss":0,"event_name":"Wheel of Change","floor":19,"gold_loss":0}],"is_beta":false,"boss_relics":[{"not_picked":["HoveringKite","Empty Cage"],"picked":"Ring of the Serpent"}],"items_purged_floors":[],"is_endless":false,"potions_floor_spawned":[6,8,12,16,18,22],"killed_by":"Gremlin Leader","ascension_level":1}