{"gold_per_floor":[211,1,18,18,193,227,227,227,251,288,375,387,399,434,446,579,591,618,655,667,694,720,732,762,774,786,816,875,901,913,925],"floor_reached":31,"playtime":2869,"items_purged":[],"score":287,"play_id":"e9f3b491-5ede-4439-8db8-57b43503ebeb","local_time":"20190220210323","is_ascension_mode":false,"campfire_choices":[{"floor":8.0,"key":"REST"},{"floor":12.0,"key":"REST"},{"floor":15.0,"key":"REST"},{"floor":23.0,"key":"REST"},{"floor":25.0,"key":"REST"}],"neow_cost":"NONE","seed_source_timestamp":0,"circlet_count":0,"master_deck":["Defend_G","Defend_G","Defend_G","Defend_G+1","Defend_G","Strike_G+1","Strike_G","Strike_G","Strike_G","Strike_G","Survivor","Neutralize","Poisoned Stab","Underhanded Strike","Noxious Fumes","Deflect","Bane","Poisoned Stab","Doubt","Burst","Injury","Crippling Poison","Bane","Bullet Time","Cloak And Dagger","Bouncing Flask","Quick Slash","Quick Slash","Endless Agony","Dodge and Roll","Night Terror","Catalyst+1","Dash+1","Bouncing Flask+1","Deflect","Dagger Spray"],"special_seed":0,"relics":["Ring of the Snake","Paper Crane","Golden Idol","MawBank","GremlinMask","Orrery","Letter Opener","Orichalcum"],"potions_floor_usage":[],"damage_taken":[{"damage":0.0,"enemies":"2 Louse","floor":1.0,"turns":3.0},{"damage":0.0,"enemies":"Small Slimes","floor":3.0,"turns":2.0},{"damage":28.0,"enemies":"Gremlin Nob","floor":6.0,"turns":5.0},{"damage":0.0,"enemies":"Cultist","floor":10.0,"turns":3.0},{"damage":14.0,"enemies":"Exordium Thugs","floor":14.0,"turns":5.0},{"damage":35.0,"enemies":"Hexaghost","floor":16.0,"turns":9.0},{"damage":23.0,"enemies":"Spheric Guardian","floor":18.0,"turns":5.0},{"damage":2.0,"enemies":"Chosen","floor":19.0,"turns":6.0},{"damage":8.0,"enemies":"Snake Plant","floor":21.0,"turns":6.0},{"damage":17.0,"enemies":"Snecko","floor":22.0,"turns":5.0},{"damage":9.0,"enemies":"Cultist and Chosen","floor":24.0,"turns":6.0},{"damage":0.0,"enemies":"Snake Plant","floor":27.0,"turns":4.0},{"damage":31.0,"enemies":"Centurion and Healer","floor":29.0,"turns":8.0},{"damage":30,"enemies":"Sentry and Sphere","floor":31,"turns":3}],"seed_played":"6533569967239918690","potions_obtained":[{"floor":3.0,"key":"Fire Potion"},{"floor":6.0,"key":"Fire Potion"},{"floor":10.0,"key":"GhostInAJar"},{"floor":14.0,"key":"Strength Potion"},{"floor":18.0,"key":"Weak Potion"},{"floor":24.0,"key":"SkillPotion"}],"is_trial":false,"path_per_floor":["?","?","?","?","?","M","?","T"],"character_chosen":"THE_SILENT","items_purchased":["Underhanded Strike","Noxious Fumes","Deflect","Bane"],"campfire_rested":5,"item_purchase_floors":[2,2,2,2],"current_hp_per_floor":[70,70,70,56,56,28,28,49,49,49,38,59,59,45,66,31,70,47,45,45,37,20,41,32,53,53,53,53,22,22,0],"gold":925,"neow_bonus":"HUNDRED_GOLD","is_prod":false,"is_daily":false,"chose_seed":false,"campfire_upgraded":0,"win_rate":0.0,"timestamp":1550671403,"path_taken":["M","$","M","?","?","E","?","R","T","M","?","R","?","?","R","BOSS","M","M","?","M","M","R","M","R","T","M","?","M","$","M"],"build_version":"2019-01-23","purchased_purges":0,"victory":false,"max_hp_per_floor":[70,70,70,70,70,70,70,70,70,70,70,70,70,70,70,70,70,70,70,70,70,70,70,70,70,70,70,70,70,70,70],"card_choices":[{"not_picked":["Dagger Throw","PiercingWail"],"picked":"Poisoned Stab","floor":1.0},{"not_picked":["Deadly Poison","Prepared"],"picked":"Poisoned Stab","floor":3.0},{"not_picked":["Bane","Reflex"],"picked":"Burst","floor":6.0},{"not_picked":["Poisoned Stab","Heel Hook"],"picked":"Crippling Poison","floor":10.0},{"not_picked":["Underhanded Strike","Dagger Spray"],"picked":"Bane","floor":14.0},{"not_picked":["Burst","A Thousand Cuts"],"picked":"Bullet Time","floor":16.0},{"not_picked":["Crippling Poison","Slice"],"picked":"Cloak And Dagger","floor":17.0},{"not_picked":["Prepared","Reflex"],"picked":"Bouncing Flask","floor":17.0},{"not_picked":["Choke","Predator"],"picked":"Quick Slash","floor":17.0},{"not_picked":["Flying Knee","Infinite Blades"],"picked":"Quick Slash","floor":17.0},{"not_picked":["Backflip","Backstab"],"picked":"Endless Agony","floor":17.0},{"not_picked":["Outmaneuver","Deflect"],"picked":"Dodge and Roll","floor":18.0},{"not_picked":["Flechettes","Choke"],"picked":"Night Terror","floor":19.0},{"not_picked":["PiercingWail+1","Outmaneuver"],"picked":"Catalyst+1","floor":21.0},{"not_picked":["Infinite Blades","Dodge and Roll"],"picked":"Dash+1","floor":22.0},{"not_picked":["Flying Knee","Slice"],"picked":"Bouncing Flask+1","floor":24.0},{"not_picked":["Cloak And Dagger","Dodge and Roll"],"picked":"Deflect","floor":27.0},{"not_picked":["Flying Knee","Bane"],"picked":"Dagger Spray","floor":29.0}],"player_experience":161120,"relics_obtained":[{"floor":6.0,"key":"Paper Crane"},{"floor":9.0,"key":"MawBank"},{"floor":26.0,"key":"Letter Opener"},{"floor":28.0,"key":"Orichalcum"}],"event_choices":[{"damage_healed":0.0,"max_hp_gain":0.0,"max_hp_loss":0.0,"gold_gain":0.0,"event_name":"Shining Light","player_choice":"Entered Light","floor":4.0,"gold_loss":0.0,"damage_taken":14.0,"cards_upgraded":["Defend_G","Strike_G"]},{"damage_healed":0.0,"max_hp_gain":0.0,"max_hp_loss":0.0,"gold_gain":175.0,"event_name":"Liars Game","player_choice":"AGREE","floor":5.0,"gold_loss":0.0,"damage_taken":0.0,"cards_obtained":["Doubt"]},{"damage_healed":0.0,"max_hp_gain":0.0,"max_hp_loss":0.0,"gold_gain":0.0,"event_name":"Golden Idol","player_choice":"Take Wound","floor":7.0,"gold_loss":0.0,"damage_taken":0.0,"relics_obtained":["Golden Idol"],"cards_obtained":["Injury"]},{"damage_healed":0.0,"max_hp_gain":0.0,"max_hp_loss":0.0,"gold_gain":75.0,"event_name":"World of Goop","player_choice":"Gather Gold","floor":11.0,"gold_loss":0.0,"damage_taken":11.0},{"damage_healed":0.0,"max_hp_gain":0.0,"max_hp_loss":0.0,"gold_gain":0.0,"event_name":"FaceTrader","player_choice":"Trade","floor":13.0,"gold_loss":0.0,"damage_taken":0.0,"relics_obtained":["GremlinMask"]},{"damage_healed":0.0,"max_hp_gain":0.0,"max_hp_loss":0.0,"gold_gain":0.0,"event_name":"Vampires","player_choice":"Ignored","floor":20.0,"gold_loss":0.0,"damage_taken":0.0}],"is_beta":false,"boss_relics":[{"not_picked":["HoveringKite","Runic Pyramid"],"picked":"Orrery"}],"items_purged_floors":[],"is_endless":false,"potions_floor_spawned":[3,6,10,14,18,24],"killed_by":"Sentry and Sphere","ascension_level":0}