{"gold_per_floor":[114,114,39,53,53,53,65,65,88,118,134,167,167,182,182,282,282,292,292,308,59,77,111,111,146,201,201,213,240,321,1,1,100,100,114,169,184,200,218,251,251,251,251,265,294,294,322,353,353,353],"floor_reached":51,"playtime":3408,"items_purged":["Strike_G","Strike_G"],"score":1820,"play_id":"8321bb29-f7f9-411a-8533-f7d2a827f328","local_time":"20190217032505","is_ascension_mode":true,"campfire_choices":[{"data":"Masterful Stab","floor":6,"key":"SMITH"},{"data":"Bouncing Flask","floor":15,"key":"SMITH"},{"data":"Well Laid Plans","floor":24,"key":"SMITH"},{"data":"Noxious Fumes","floor":27,"key":"SMITH"},{"floor":32,"key":"REST"},{"floor":42,"key":"REST"},{"data":"Dodge and Roll","floor":49,"key":"SMITH"}],"neow_cost":"TEN_PERCENT_HP_LOSS","seed_source_timestamp":310665855544700,"circlet_count":0,"master_deck":["AscendersBane","Defend_G","Defend_G","Defend_G+1","Defend_G","Defend_G","Strike_G+1","Survivor","Neutralize+1","Predator","Masterful Stab+1","Well Laid Plans+1","Backflip","Backflip","Bouncing Flask+1","Corpse Explosion","Dodge and Roll+1","Noxious Fumes+1","PiercingWail","PiercingWail","Footwork+1","Dodge and Roll+1","Dodge and Roll+1","Deflect","Catalyst+1"],"relics":["Ring of the Snake","WarpedTongs","Lantern","The Courier","Sozu","Nloth\u0027s Gift","Bag of Marbles","Vajra","Bag of Preparation","Turnip","Anchor","Orichalcum","Gremlin Horn","Blood Vial","Snake Skull","Philosopher\u0027s Stone","Calipers","WingedGreaves","Bronze Scales","Dead Branch","Happy Flower","Oddly Smooth Stone"],"potions_floor_usage":[29,36],"damage_taken":[{"damage":2,"enemies":"2 Louse","floor":1,"turns":3},{"damage":0,"enemies":"Cultist","floor":4,"turns":3},{"damage":0,"enemies":"Small Slimes","floor":7,"turns":3},{"damage":8,"enemies":"3 Sentries","floor":10,"turns":7},{"damage":2,"enemies":"Looter","floor":11,"turns":2},{"damage":1,"enemies":"Lagavulin","floor":12,"turns":6},{"damage":0,"enemies":"Lots of Slimes","floor":14,"turns":3},{"damage":0,"enemies":"The Guardian","floor":16,"turns":9},{"damage":0,"enemies":"Chosen","floor":18,"turns":3},{"damage":0,"enemies":"Spheric Guardian","floor":20,"turns":4},{"damage":0,"enemies":"Snecko","floor":22,"turns":4},{"damage":21,"enemies":"Gremlin Leader","floor":23,"turns":6},{"damage":0,"enemies":"Book of Stabbing","floor":25,"turns":5},{"damage":3,"enemies":"Sentry and Sphere","floor":28,"turns":4},{"damage":14,"enemies":"Gremlin Leader","floor":29,"turns":4},{"damage":0,"enemies":"Collector","floor":33,"turns":8},{"damage":0,"enemies":"3 Shapes","floor":35,"turns":1},{"damage":9,"enemies":"2 Orb Walkers","floor":36,"turns":3},{"damage":0,"enemies":"3 Darklings","floor":37,"turns":2},{"damage":26,"enemies":"Writhing Mass","floor":38,"turns":6},{"damage":0,"enemies":"Transient","floor":39,"turns":5},{"damage":0,"enemies":"Nemesis","floor":40,"turns":7},{"damage":5,"enemies":"Jaw Worm Horde","floor":44,"turns":3},{"damage":0,"enemies":"Giant Head","floor":45,"turns":10},{"damage":0,"enemies":"Reptomancer","floor":47,"turns":5},{"damage":0,"enemies":"Giant Head","floor":48,"turns":7},{"damage":0,"enemies":"Donu and Deca","floor":50,"turns":6}],"seed_played":"-5309244581234146468","potions_obtained":[{"floor":1,"key":"GamblersBrew"},{"floor":7,"key":"Fire Potion"}],"is_trial":false,"path_per_floor":["M","?","$","M","?","R","M","?","T","E","M","E","?","M","R","B",null,"M","?","M","$","M","E","R","E","T","R","M","E","T","$","R","B",null,"M","?","M","M","M","E","?","R","T","M","E","?","E","E","R","B",null],"character_chosen":"THE_SILENT","items_purchased":["Bag of Marbles","Vajra","Blood Vial","Snake Skull"],"campfire_rested":2,"item_purchase_floors":[21,21,31,31],"current_hp_per_floor":[61,61,61,61,48,48,48,48,48,40,38,37,37,37,37,37,57,57,57,57,57,57,36,36,36,36,36,33,19,19,19,37,39,57,59,52,54,30,32,34,34,52,52,49,51,51,53,55,55,57],"gold":353,"neow_bonus":"REMOVE_TWO","is_prod":false,"is_daily":false,"chose_seed":false,"campfire_upgraded":5,"win_rate":0,"timestamp":1550370305,"path_taken":["M","?","?","?","?","R","M","?","T","E","?","E","?","M","R","BOSS","M","?","M","?","M","E","R","E","T","R","M","E","?","$","R","BOSS","M","?","M","M","M","E","?","R","T","M","E","?","E","E","R","BOSS"],"build_version":"2019-01-23","purchased_purges":2,"victory":true,"max_hp_per_floor":[63,63,63,63,63,63,63,63,63,63,63,63,63,63,63,63,63,63,63,63,63,63,63,63,63,63,63,63,63,63,63,63,63,63,63,63,63,63,63,63,60,60,60,60,60,60,60,60,60,60],"card_choices":[{"not_picked":["Well Laid Plans","Masterful Stab"],"picked":"Predator","floor":1},{"not_picked":["Bane","Infinite Blades"],"picked":"Masterful Stab","floor":4},{"not_picked":["Deadly Poison","Prepared"],"picked":"Well Laid Plans","floor":7},{"not_picked":["Deadly Poison","Masterful Stab"],"picked":"Backflip","floor":10},{"not_picked":["Distraction","Concentrate"],"picked":"Backflip","floor":11},{"not_picked":["Flechettes","Dash"],"picked":"Bouncing Flask","floor":12},{"not_picked":["Underhanded Strike","Reflex","Sucker Punch"],"picked":"SKIP","floor":14},{"not_picked":["Die Die Die","Adrenaline"],"picked":"Corpse Explosion","floor":16},{"not_picked":["Skewer","Dagger Spray"],"picked":"Dodge and Roll","floor":18},{"not_picked":["Tactician","Phantasmal Killer","Masterful Stab+1"],"picked":"SKIP","floor":20},{"not_picked":["All Out Attack","Sucker Punch"],"picked":"Noxious Fumes","floor":22},{"not_picked":["Cloak And Dagger","Quick Slash+1","Distraction"],"picked":"SKIP","floor":23},{"not_picked":["Choke+1","Phantasmal Killer","Flying Knee"],"picked":"SKIP","floor":25},{"not_picked":["Outmaneuver","Dagger Throw","Skewer+1"],"picked":"SKIP","floor":28},{"not_picked":["Underhanded Strike","Acrobatics+1","Cloak And Dagger"],"picked":"SKIP","floor":29},{"not_picked":["Unload","Bullet Time"],"picked":"Venomology","floor":33},{"not_picked":["Blade Dance+1","Noxious Fumes"],"picked":"PiercingWail","floor":35},{"not_picked":["Reflex+1","Cloak And Dagger+1","Sucker Punch"],"picked":"SKIP","floor":37},{"not_picked":["Blade Dance+1","Unload"],"picked":"PiercingWail","floor":38},{"not_picked":["Terror+1","Sucker Punch+1"],"picked":"Footwork+1","floor":39},{"not_picked":["Reflex","Poisoned Stab+1"],"picked":"Dodge and Roll+1","floor":40},{"not_picked":["Bouncing Flask","Sucker Punch+1","Dash+1"],"picked":"SKIP","floor":44},{"not_picked":["Bane+1","Quick Slash+1"],"picked":"Dodge and Roll+1","floor":45},{"not_picked":["Quick Slash+1","Venomology"],"picked":"Deflect","floor":47},{"not_picked":["Quick Slash","Slice"],"picked":"Catalyst+1","floor":48}],"player_experience":451148,"relics_obtained":[{"floor":9,"key":"Lantern"},{"floor":10,"key":"Blue Candle"},{"floor":12,"key":"The Courier"},{"floor":23,"key":"Bag of Preparation"},{"floor":25,"key":"Turnip"},{"floor":26,"key":"Anchor"},{"floor":29,"key":"Orichalcum"},{"floor":30,"key":"Gremlin Horn"},{"floor":36,"key":"Calipers"},{"floor":40,"key":"WingedGreaves"},{"floor":43,"key":"Bronze Scales"},{"floor":45,"key":"Dead Branch"},{"floor":47,"key":"Happy Flower"},{"floor":48,"key":"Oddly Smooth Stone"}],"event_choices":[{"damage_healed":0,"gold_gain":0,"player_choice":"Upgraded","damage_taken":0,"max_hp_gain":0,"max_hp_loss":0,"event_name":"Upgrade Shrine","floor":2,"gold_loss":0,"cards_upgraded":["Neutralize"]},{"damage_healed":0,"gold_gain":0,"player_choice":"Entered Light","damage_taken":13,"max_hp_gain":0,"max_hp_loss":0,"event_name":"Shining Light","floor":5,"gold_loss":0,"cards_upgraded":["Strike_G","Defend_G"]},{"damage_healed":0,"gold_gain":0,"player_choice":"Rummage","damage_taken":0,"relics_obtained":["WarpedTongs"],"max_hp_gain":0,"max_hp_loss":0,"event_name":"Accursed Blacksmith","floor":8,"gold_loss":0,"cards_obtained":["Pain"]},{"cards_removed":["Pain"],"damage_healed":0,"gold_gain":0,"player_choice":"Forget","damage_taken":0,"max_hp_gain":0,"max_hp_loss":0,"event_name":"Living Wall","floor":13,"gold_loss":0},{"damage_healed":0,"gold_gain":0,"player_choice":"Traded Relic","damage_taken":0,"relics_obtained":["Nloth\u0027s Gift"],"max_hp_gain":0,"max_hp_loss":0,"event_name":"N\u0027loth","floor":19,"relics_lost":["Blue Candle"],"gold_loss":0},{"damage_healed":0,"gold_gain":0,"player_choice":"Fight","damage_taken":0,"max_hp_gain":0,"max_hp_loss":0,"event_name":"Mysterious Sphere","floor":36,"gold_loss":0},{"damage_healed":0,"gold_gain":0,"player_choice":"Max HP","damage_taken":0,"max_hp_gain":0,"max_hp_loss":3,"event_name":"Winding Halls","floor":41,"gold_loss":0},{"cards_removed":["Venomology"],"damage_healed":0,"gold_gain":0,"player_choice":"Purged","damage_taken":0,"max_hp_gain":0,"max_hp_loss":0,"event_name":"Purifier","floor":46,"gold_loss":0}],"is_beta":false,"boss_relics":[{"not_picked":["Runic Dome","Astrolabe"],"picked":"Sozu"},{"not_picked":["Coffee Dripper","Ring of the Serpent"],"picked":"Philosopher\u0027s Stone"}],"items_purged_floors":[3,31],"is_endless":false,"potions_floor_spawned":[1,7,10,18,20,23,25,38,40,45,48],"ascension_level":11}