{"gold_per_floor":[110,125,125,42,42,42,56,56,56,128,157,171,171,188,188,290,290,304,336,336,347,364,364,52,62,110,42,70,70,81,98,98,202,202,217,236,41,41,41,41,103,103,103,121,171,237,262,281,281,281],"floor_reached":50,"playtime":3260,"items_purged":[],"score":596,"play_id":"b39b6523-ab3d-4886-86d9-884961737ed1","local_time":"20190218140122","is_ascension_mode":false,"campfire_choices":[{"data":"Chill","floor":6.0,"key":"SMITH"},{"data":"Zap","floor":8.0,"key":"SMITH"},{"data":"Defragment","floor":15.0,"key":"SMITH"},{"data":"Core Surge","floor":23,"key":"SMITH"},{"data":"Auto Shields","floor":32,"key":"SMITH"},{"data":"Sunder","floor":40,"key":"SMITH"},{"data":"Streamline","floor":49,"key":"SMITH"}],"neow_cost":"NONE","seed_source_timestamp":0,"circlet_count":0,"master_deck":["Defend_B","Defend_B","Defend_B","Zap+1","Dualcast","Double Energy","Chill+1","Streamline+1","Hello World","White Noise","Machine Learning","Auto Shields+1","Defragment+1","Glacier","Core Surge+1","Melter","Barrage+1","Bite","Bite","Bite","Bite","Darkness+1","Melter","The Bomb","Storm+1","Sunder+1","Thunder Strike","Heatsinks","Self Repair","Amplify","Redo+1","Coolheaded","Compile Driver+1","Tempest+1","Undo","Turbo+1","Go for the Eyes+1"],"special_seed":0,"relics":["Nuclear Battery","Torii","DataDisk","Question Card","Bronze Scales","Inserter","Red Mask","Happy Flower","Blood Vial","Orichalcum","Nilry\u0027s Codex","Philosopher\u0027s Stone","HandDrill","SsserpentHead","Strawberry","Gremlin Horn","Pocketwatch"],"potions_floor_usage":[25,25,33,41,42,47,50],"damage_taken":[{"damage":1.0,"enemies":"2 Louse","floor":1.0,"turns":3.0},{"damage":6.0,"enemies":"Jaw Worm","floor":2.0,"turns":3.0},{"damage":0.0,"enemies":"Cultist","floor":7.0,"turns":3.0},{"damage":2.0,"enemies":"Gremlin Nob","floor":11.0,"turns":4.0},{"damage":1.0,"enemies":"3 Louse","floor":12.0,"turns":3.0},{"damage":10.0,"enemies":"Exordium Thugs","floor":14.0,"turns":4.0},{"damage":10.0,"enemies":"Hexaghost","floor":16.0,"turns":7.0},{"damage":0.0,"enemies":"3 Byrds","floor":18.0,"turns":3.0},{"damage":1.0,"enemies":"Masked Bandits","floor":19.0,"turns":6.0},{"damage":10,"enemies":"Spheric Guardian","floor":21,"turns":4},{"damage":8,"enemies":"Snake Plant","floor":22,"turns":3},{"damage":0,"enemies":"Centurion and Healer","floor":25,"turns":5},{"damage":9,"enemies":"Slavers","floor":28,"turns":3},{"damage":1,"enemies":"Snecko","floor":30,"turns":4},{"damage":0,"enemies":"Cultist and Chosen","floor":31,"turns":3},{"damage":11,"enemies":"Automaton","floor":33,"turns":5},{"damage":23,"enemies":"3 Darklings","floor":35,"turns":7},{"damage":12,"enemies":"Orb Walker","floor":36,"turns":4},{"damage":0,"enemies":"Maw","floor":41,"turns":7},{"damage":30,"enemies":"Writhing Mass","floor":42,"turns":3},{"damage":18,"enemies":"Jaw Worm Horde","floor":44,"turns":4},{"damage":7,"enemies":"4 Shapes","floor":46,"turns":5},{"damage":0,"enemies":"Giant Head","floor":47,"turns":7},{"damage":12,"enemies":"Sphere and 2 Shapes","floor":48,"turns":3},{"damage":65,"enemies":"Awakened One","floor":50,"turns":8}],"seed_played":"5291326868833091555","potions_obtained":[{"floor":2.0,"key":"PowerPotion"},{"floor":7.0,"key":"LiquidBronze"},{"floor":12.0,"key":"SkillPotion"},{"floor":14.0,"key":"SmokeBomb"},{"floor":18.0,"key":"GamblersBrew"},{"floor":19.0,"key":"Block Potion"},{"floor":22,"key":"PowerPotion"},{"floor":30,"key":"PowerPotion"},{"floor":33,"key":"GamblersBrew"},{"floor":36,"key":"EssenceOfSteel"},{"floor":41,"key":"Dexterity Potion"}],"is_trial":false,"path_per_floor":["M","M","?","$","?","R","M","R","T","T","E","M","?","M","R","B",null,"M","?","?","M","M","R","$","M","T","$","E","?","M","M","R","B",null,"M","M","$","?","?","R","M","M","T","M","?","M","E","M","R","B"],"character_chosen":"DEFECT","items_purchased":["Streamline","Hello World","Happy Flower","The Bomb","Sunder","HandDrill"],"campfire_rested":0,"item_purchase_floors":[4,4,24,24,27,37],"current_hp_per_floor":[74,68,68,68,61,61,61,61,61,61,59,58,58,48,48,38,75,75,74,52,42,38,38,38,44,44,44,41,25,32,36,36,31,52,42,36,36,36,36,36,52,33,40,31,31,39,56,55,55,0],"gold":281,"neow_bonus":"BOSS_RELIC","is_prod":false,"is_daily":false,"chose_seed":false,"campfire_upgraded":7,"win_rate":0.0,"timestamp":1550469682,"path_taken":["M","M","?","?","?","R","M","R","T","?","E","?","?","M","R","BOSS","M","?","?","M","M","R","$","M","T","?","E","?","M","M","R","BOSS","M","M","$","?","?","R","?","M","T","M","?","?","E","M","R","BOSS"],"build_version":"2019-01-23","purchased_purges":0,"victory":false,"max_hp_per_floor":[75,75,75,75,75,75,75,75,75,75,75,75,75,75,75,75,75,75,75,52,52,52,52,52,52,52,52,52,52,52,52,52,52,52,52,52,52,52,52,52,52,52,59,59,59,59,59,59,59,59],"card_choices":[{"not_picked":["Hologram","Compile Driver"],"picked":"Rebound","floor":1.0},{"not_picked":["Redo","Beam Cell"],"picked":"Double Energy","floor":2.0},{"not_picked":["Compile Driver","Leap"],"picked":"White Noise","floor":7.0},{"not_picked":["Steam Power","Fission","Heatsinks"],"picked":"Machine Learning","floor":11.0},{"not_picked":["Capacitor","Heatsinks","Gash"],"picked":"Auto Shields","floor":12.0},{"not_picked":["Leap","Ball Lightning","FTL"],"picked":"Glacier","floor":14.0},{"not_picked":["Reboot","Echo Form","Amplify"],"picked":"Core Surge","floor":16.0},{"not_picked":["Auto Shields","Cold Snap","Streamline"],"picked":"Melter","floor":18.0},{"not_picked":["Hologram","Turbo","Hello World"],"picked":"Barrage+1","floor":19.0},{"not_picked":["Sweeping Beam+1","Barrage","Storm"],"picked":"Darkness+1","floor":21},{"not_picked":["Conserve Battery+1","Auto Shields","Force Field+1"],"picked":"Melter","floor":22},{"not_picked":["Barrage","Darkness","Turbo"],"picked":"Storm+1","floor":25},{"not_picked":["Go for the Eyes","Compile Driver","Gash+1"],"picked":"Thunder Strike","floor":28},{"not_picked":["Storm","Sweeping Beam","Chill"],"picked":"Heatsinks","floor":30},{"not_picked":["Turbo+1","Hello World","Heatsinks"],"picked":"Self Repair","floor":31},{"not_picked":["Biased Cognition","Hyperbeam","Creative AI"],"picked":"Amplify","floor":33},{"not_picked":["Coolheaded","Stack+1","Hologram+1"],"picked":"Redo+1","floor":35},{"not_picked":["Hologram","Cold Snap","Barrage"],"picked":"Coolheaded","floor":36},{"not_picked":["Redo+1","Sweeping Beam+1","Genetic Algorithm"],"picked":"Compile Driver+1","floor":41},{"not_picked":["Conserve Battery","Gash+1","Amplify"],"picked":"Tempest+1","floor":44},{"not_picked":["Static Discharge","Reinforced Body","BootSequence"],"picked":"Undo","floor":46},{"not_picked":["Tempest+1","Darkness","Gash+1"],"picked":"Turbo+1","floor":47},{"not_picked":["Darkness+1","Barrage","Cold Snap"],"picked":"Go for the Eyes+1","floor":48}],"player_experience":102023,"relics_obtained":[{"floor":9.0,"key":"DataDisk"},{"floor":10.0,"key":"Question Card"},{"floor":11.0,"key":"Bronze Scales"},{"floor":19.0,"key":"Red Mask"},{"floor":26,"key":"Blood Vial"},{"floor":28,"key":"Orichalcum"},{"floor":29,"key":"Nilry\u0027s Codex"},{"floor":43,"key":"Strawberry"},{"floor":45,"key":"Gremlin Horn"},{"floor":47,"key":"Pocketwatch"}],"event_choices":[{"damage_healed":0.0,"max_hp_gain":0.0,"max_hp_loss":0.0,"gold_gain":0.0,"cards_transformed":["Defend_B"],"event_name":"Living Wall","player_choice":"Change","floor":3.0,"gold_loss":0.0,"damage_taken":0.0,"cards_obtained":["Chill"]},{"damage_healed":0.0,"max_hp_gain":0.0,"max_hp_loss":0.0,"gold_gain":0.0,"event_name":"Scrap Ooze","player_choice":"Success","floor":5.0,"gold_loss":0.0,"damage_taken":7.0,"relics_obtained":["Torii"]},{"damage_healed":0.0,"max_hp_gain":0.0,"max_hp_loss":0.0,"gold_gain":0.0,"cards_transformed":["Rebound"],"event_name":"Transmorgrifier","player_choice":"Transformed","floor":13.0,"gold_loss":0.0,"damage_taken":0.0,"cards_obtained":["Defragment"]},{"damage_healed":0.0,"max_hp_gain":0.0,"max_hp_loss":0.0,"gold_gain":0.0,"event_name":"Masked Bandits","player_choice":"Fought Bandits","floor":19.0,"gold_loss":0.0,"damage_taken":0.0},{"damage_healed":0,"gold_gain":0,"player_choice":"Became a vampire","damage_taken":0,"max_hp_gain":0,"max_hp_loss":23,"event_name":"Vampires","floor":20,"gold_loss":0,"cards_obtained":["Bite","Bite","Bite","Bite","Bite"]},{"damage_healed":0,"gold_gain":0,"player_choice":"Obtained Book","damage_taken":16,"max_hp_gain":0,"max_hp_loss":0,"event_name":"Cursed Tome","floor":29,"gold_loss":0},{"cards_removed":["Bite"],"damage_healed":0,"gold_gain":0,"player_choice":"Removed Attack","damage_taken":0,"max_hp_gain":0,"max_hp_loss":0,"event_name":"Falling","floor":38,"gold_loss":0},{"damage_healed":0,"gold_gain":0,"player_choice":"Trade","damage_taken":0,"relics_obtained":["SsserpentHead"],"max_hp_gain":0,"max_hp_loss":0,"event_name":"FaceTrader","floor":39,"gold_loss":0},{"damage_healed":0,"gold_gain":0,"player_choice":"Relic","damage_taken":0,"max_hp_gain":0,"max_hp_loss":0,"event_name":"Wheel of Change","floor":45,"gold_loss":0}],"is_beta":false,"boss_relics":[{"not_picked":["Fusion Hammer","Astrolabe"],"picked":"Inserter"},{"not_picked":["Coffee Dripper","Sozu"],"picked":"Philosopher\u0027s Stone"}],"items_purged_floors":[],"is_endless":false,"potions_floor_spawned":[2,7,12,14,18,19,22,30,33,36,41,42],"killed_by":"Awakened One","ascension_level":0}