{"gold_per_floor":[116,116,116,116,132,160,160,192,192,142,152,267,267,287,287,387,604,624,634,9,9,9,43,43,57,57,68,189,189,104,4,4,106,106,121,136,67,67,86,121,121,121],"floor_reached":42,"playtime":2712,"items_purged":["Strike_G","Strike_G"],"score":531,"play_id":"40f07022-bd99-4d1e-8ed4-93a535706499","local_time":"20190120002611","is_ascension_mode":false,"campfire_choices":[{"data":"Glass Knife","floor":7,"key":"SMITH"},{"data":"Fluid Movement","floor":13,"key":"SMITH"},{"floor":15,"key":"REST"},{"data":"RitualDagger","floor":24,"key":"SMITH"},{"floor":32,"key":"REST"},{"floor":41,"key":"REST"}],"neow_cost":"NONE","seed_source_timestamp":647002172018024,"circlet_count":0,"master_deck":["Defend_G","Defend_G","Defend_G","Defend_G","Defend_G","Survivor","Neutralize","Glass Knife+1","ReplayTheSpireMod:From All Sides+1","Catalyst","Fluid Movement+1","Deadly Poison","Finisher","Tools of the Trade","Escape Plan","Deadly Poison+1","Fluid Movement","Grand Finale","Secret Weapon","RitualDagger+1","Bullet Time","hubris:Counter","Footwork","Quick Slash","Chrysalis","infinitespire:Neurotoxin","Outmaneuver+1","ReplayTheSpireMod:Necrosis","Footwork","Prepared+1","Calculated Gamble+1"],"relics":["Ring of the Serpent","Chameleon Ring","Blue Doll","Art of War","Vajra","hubris:Backtick","Unceasing Top","hubris:PeanutButter","BargainBundle","hubris:GlazedTorus","Regal Pillow","infinitespire:ShieldingShard","Mango","ReplayFunnel","Blood Vial"],"potions_floor_usage":[16,23,28,33],"damage_taken":[{"damage":0,"enemies":"2 Louse","floor":1,"turns":3},{"damage":0,"enemies":"Small Slimes","floor":5,"turns":2},{"damage":23,"enemies":"3 Sentries","floor":6,"turns":10},{"damage":20,"enemies":"Lagavulin","floor":8,"turns":5},{"damage":0,"enemies":"Jaw Worm","floor":11,"turns":2},{"damage":7,"enemies":"Looter","floor":12,"turns":2},{"damage":8,"enemies":"3 Louse","floor":14,"turns":3},{"damage":2,"enemies":"The Guardian","floor":16,"turns":10},{"damage":0,"enemies":"Shell Parasite","floor":18,"turns":6},{"damage":19,"enemies":"3 Byrds","floor":19,"turns":7},{"damage":43,"enemies":"Slavers","floor":23,"turns":7},{"damage":0,"enemies":"Snecko","floor":25,"turns":4},{"damage":7,"enemies":"Cultist and Chosen","floor":27,"turns":5},{"damage":16,"enemies":"Shelled Parasite and Fungi","floor":28,"turns":5},{"damage":16,"enemies":"Colosseum Slavers","floor":29,"turns":5},{"damage":40,"enemies":"hubris:MusketHawk","floor":33,"turns":10},{"damage":0,"enemies":"3 Shapes","floor":35,"turns":7},{"damage":34,"enemies":"3 Darklings","floor":36,"turns":5},{"damage":36,"enemies":"Jaw Worm Horde","floor":39,"turns":6},{"damage":0,"enemies":"R_Hoarder","floor":40,"turns":9},{"damage":73,"enemies":"Nightmare","floor":42,"turns":7}],"seed_played":"-969648623026903105","potions_obtained":[{"floor":5,"key":"SpeedPotion"},{"floor":8,"key":"Regen Potion"},{"floor":16,"key":"Fruit Juice"},{"floor":18,"key":"Regen Potion"},{"floor":25,"key":"Block Potion"},{"floor":28,"key":"SteroidPotion"},{"floor":35,"key":"SpeedPotion"}],"is_trial":false,"path_per_floor":["M","?","?","?","M","E","R","E","T","?","M","M","R","M","R","B",null,"M","M","$","?","?","E","R","M","T","M","M","?","?","$","R","B",null,"M","M","$","?","M","E","R","NM"],"character_chosen":"THE_SILENT","items_purchased":["BargainBundle","hubris:GlazedTorus","Escape Plan","Deadly Poison+1","Fluid Movement","Grand Finale","Secret Weapon","Chrysalis","Footwork"],"campfire_rested":3,"item_purchase_floors":[20,20,20,20,20,20,20,31,37],"current_hp_per_floor":[70,70,70,63,63,40,40,20,20,20,20,13,13,5,26,31,77,77,58,58,52,38,22,22,22,22,15,21,5,19,19,62,22,96,96,62,62,62,26,26,69,0],"gold":121,"neow_bonus":"ONE_RANDOM_RARE_CARD","is_prod":false,"is_daily":false,"chose_seed":false,"campfire_upgraded":3,"win_rate":0,"timestamp":1547936771,"path_taken":["M","?","?","?","M","E","R","E","T","?","M","M","R","M","R","BOSS","M","M","$","?","?","E","R","M","T","M","M","?","?","?","R","BOSS","M","M","$","?","?","E","R","NM"],"build_version":"2019-01-17v2","purchased_purges":2,"victory":false,"max_hp_per_floor":[70,70,70,70,70,70,70,70,70,70,70,70,70,70,70,77,77,77,77,77,77,82,82,82,82,82,82,82,82,96,96,96,96,96,96,96,96,96,96,96,96,96],"card_choices":[{"not_picked":["Dagger Throw","Flying Knee","Hidden Blade"],"picked":"SKIP","floor":1},{"not_picked":["Acrobatics","Hidden Blade","Skewer"],"picked":"SKIP","floor":5},{"not_picked":["Replay:Poison Smokescreen","Backstab"],"picked":"Catalyst","floor":6},{"not_picked":["Bane","Predator"],"picked":"Fluid Movement","floor":8},{"not_picked":["Finisher","Dagger Throw"],"picked":"Deadly Poison","floor":11},{"not_picked":["ReplayTheSpireMod:From All Sides","PiercingWail"],"picked":"Finisher","floor":12},{"not_picked":["Prepared","Replay:Poison Smokescreen","Blade Dance"],"picked":"SKIP","floor":14},{"not_picked":["Glass Knife","Unload"],"picked":"Tools of the Trade","floor":16},{"not_picked":["Flying Knee+1","Expertise","Blade Dance"],"picked":"SKIP","floor":18},{"not_picked":["Dagger Spray","Dash","Dodge and Roll+1"],"picked":"SKIP","floor":19},{"not_picked":["Deflect","Endless Agony"],"picked":"Bullet Time","floor":23},{"not_picked":["Prepared+1","Dagger Throw"],"picked":"hubris:Counter","floor":25},{"not_picked":["Noxious Fumes+1","Riddle With Holes"],"picked":"Footwork","floor":27},{"not_picked":["Poisoned Stab","Backflip"],"picked":"Quick Slash","floor":28},{"not_picked":["Poison Darts","Die Die Die"],"picked":"infinitespire:Neurotoxin","floor":33},{"not_picked":["Dagger Throw+1","Blade Dance+1"],"picked":"Outmaneuver+1","floor":35},{"not_picked":["Flying Knee","Sucker Punch+1"],"picked":"ReplayTheSpireMod:Necrosis","floor":36},{"not_picked":["Slice+1","Accuracy+1"],"picked":"Prepared+1","floor":39},{"not_picked":["Infinite Blades+1","Distraction"],"picked":"Calculated Gamble+1","floor":40}],"player_experience":132001,"relics_obtained":[{"floor":6,"key":"Blue Doll"},{"floor":8,"key":"Art of War"},{"floor":9,"key":"Vajra"},{"floor":23,"key":"Regal Pillow"},{"floor":26,"key":"infinitespire:ShieldingShard"},{"floor":40,"key":"Blood Vial"}],"event_choices":[{"cards_removed":["Strike_G"],"damage_healed":0,"gold_gain":0,"player_choice":"Card Removal","damage_taken":7,"max_hp_gain":0,"max_hp_loss":0,"event_name":"Golden Wing","floor":4,"gold_loss":0},{"cards_removed":["Strike_G"],"damage_healed":0,"gold_gain":0,"player_choice":"Card Removal","damage_taken":0,"max_hp_gain":0,"max_hp_loss":0,"event_name":"The Cleric","floor":10,"gold_loss":50},{"damage_healed":0,"gold_gain":0,"player_choice":"Joined the Cult","damage_taken":6,"max_hp_gain":0,"max_hp_loss":0,"event_name":"Nest","floor":21,"gold_loss":0,"cards_obtained":["RitualDagger"]},{"damage_healed":0,"gold_gain":0,"player_choice":"Shed Blood","damage_taken":19,"max_hp_gain":5,"max_hp_loss":0,"event_name":"Forgotten Altar","floor":22,"gold_loss":0},{"damage_healed":0,"gold_gain":0,"player_choice":"Fight","damage_taken":0,"max_hp_gain":0,"max_hp_loss":0,"event_name":"Colosseum","floor":29,"gold_loss":0},{"damage_healed":0,"gold_gain":0,"player_choice":"Fled From Nobs","damage_taken":0,"max_hp_gain":0,"max_hp_loss":0,"event_name":"Colosseum","floor":29,"gold_loss":0},{"damage_healed":0,"gold_gain":0,"player_choice":"Obtained Relic","damage_taken":0,"relics_obtained":["Mango"],"max_hp_gain":0,"max_hp_loss":0,"event_name":"Addict","floor":30,"gold_loss":85},{"damage_healed":0,"gold_gain":0,"player_choice":"Gave Potion","damage_taken":0,"relics_obtained":["ReplayFunnel"],"max_hp_gain":0,"max_hp_loss":0,"event_name":"WeMeetAgain","floor":38,"gold_loss":0}],"is_beta":false,"boss_relics":[{"not_picked":["hubris:VirtuousBlindfold","Snecko Scales"],"picked":"hubris:Backtick"},{"not_picked":["Abe\u0027s Treasure","Coffee Dripper"],"picked":"Ring of the Serpent"}],"items_purged_floors":[20,31],"is_endless":false,"potions_floor_spawned":[5,8,16,18,25,28,35,36],"killed_by":"Nightmare","ascension_level":0}