{"path_per_floor":["M","?","?","M","M","R","E","M","T","E","R","M","M","M","R"],"character_chosen":"THE_SILENT","items_purchased":[],"gold_per_floor":[118,118,68,82,93,93,121,137,137,162,162,174,184,198,198,198],"floor_reached":16,"campfire_rested":0,"playtime":1137,"current_hp_per_floor":[68,68,68,68,68,68,47,45,55,31,31,31,30,30,30,0],"items_purged":[],"gold":198,"score":114,"play_id":"c43f136d-7623-4367-ad69-da97a351b3ce","local_time":"20180512173857","is_prod":false,"is_daily":false,"chose_seed":false,"is_ascension_mode":false,"campfire_upgraded":3,"timestamp":1526139537,"path_taken":["M","?","?","M","M","R","E","M","T","E","R","M","?","M","R","BOSS"],"build_version":"2018-05-10","seed_source_timestamp":183966035021007,"purchased_purges":0,"victory":false,"master_deck":["Defend_G","Defend_G","Defend_G","Defend_G","Defend_G","Strike_G","Strike_G","Strike_G","Strike_G","Strike_G","Survivor","Neutralize","Adrenaline+1","Footwork+1","Expertise","Well Laid Plans+1","Die Die Die","Slice","Footwork","Deflect","Burst"],"max_hp_per_floor":[70,70,70,70,70,70,70,70,80,80,80,80,80,80,80,80],"relics":["Ring of the Snake","Torii","Pear","Centennial Puzzle"],"card_choices":[{"not_picked":["Doppelganger","Wraith Form v2"],"picked":"Adrenaline","floor":0},{"not_picked":["Dodge and Roll","Dagger Throw"],"picked":"Footwork","floor":1},{"not_picked":["Dagger Throw","PiercingWail"],"picked":"Expertise","floor":4},{"not_picked":["Quick Slash","Outmaneuver"],"picked":"Well Laid Plans","floor":5},{"not_picked":["Reflex","Quick Slash"],"picked":"Die Die Die","floor":7},{"not_picked":["Flying Knee","Backflip"],"picked":"Slice","floor":8},{"not_picked":["Blade Dance","Quick Slash"],"picked":"Footwork","floor":12},{"not_picked":["Poisoned Stab","Dagger Spray"],"picked":"Deflect","floor":13},{"not_picked":["Reflex","Blur"],"picked":"Burst","floor":14}],"player_experience":14977,"potions_floor_usage":[7,10,13,16],"damage_taken":[{"damage":2,"enemies":"Jaw Worm","floor":1,"turns":4},{"damage":0,"enemies":"Small Slimes","floor":4,"turns":3},{"damage":0,"enemies":"2 Louse","floor":5,"turns":4},{"damage":21,"enemies":"Lagavulin","floor":7,"turns":12},{"damage":2,"enemies":"Blue Slaver","floor":8,"turns":4},{"damage":24,"enemies":"Gremlin Nob","floor":10,"turns":5},{"damage":0,"enemies":"Large Slime","floor":12,"turns":5},{"damage":1,"enemies":"Exordium Thugs","floor":13,"turns":5},{"damage":0,"enemies":"2 Fungi Beasts","floor":14,"turns":3},{"damage":30,"enemies":"Hexaghost","floor":16,"turns":16}],"event_choices":[{"event_name":"Liars Game","player_choice":"disagreed","floor":2,"damage_taken":0},{"event_name":"The Cleric","player_choice":"Card Removal","floor":3,"damage_taken":0}],"boss_relics":[],"potions_floor_spawned":[1,8,10,13,14],"seed_played":"-5474077773925758441","killed_by":"Hexaghost","ascension_level":0,"is_trial":false}