{"gold_per_floor":[115,128,93,93,93,128,128,161,161,171,204,204,219,7,7,84,84,101,101,0,0,0,0,0],"floor_reached":24,"playtime":867,"items_purged":[],"score":399,"play_id":"587687d6-2844-4505-8f01-e11b2a5ceb91","local_time":"20190205112140","is_ascension_mode":true,"campfire_choices":[{"data":"Bash","floor":7,"key":"SMITH"},{"floor":12,"key":"REST"},{"data":"Armaments","floor":15,"key":"SMITH"},{"floor":23,"key":"REST"}],"neow_cost":"NONE","seed_source_timestamp":668103860358700,"circlet_count":0,"master_deck":["AscendersBane","Bash+1","Clash","Iron Wave","Headbutt","Carnage","Battle Trance","Feed","Armaments+1","Magnetism","Reaper","Rupture","Metallicize","Carnage","Wild Strike","Sentinel","Rage","Battle Trance","Power Through","RitualDagger"],"relics":["Black Star","Singing Bowl","Sundial","Pear","Lantern","Self Forming Clay","Mercury Hourglass","Anchor","Pandora\u0027s Box"],"potions_floor_usage":[6,13,16,18],"damage_taken":[{"damage":7,"enemies":"Small Slimes","floor":1,"turns":4},{"damage":12,"enemies":"Jaw Worm","floor":2,"turns":2},{"damage":27,"enemies":"Gremlin Nob","floor":6,"turns":4},{"damage":34,"enemies":"Lagavulin","floor":8,"turns":7},{"damage":6,"enemies":"2 Louse","floor":10,"turns":2},{"damage":6,"enemies":"Gremlin Nob","floor":11,"turns":3},{"damage":0,"enemies":"Lots of Slimes","floor":13,"turns":1},{"damage":25,"enemies":"Slime Boss","floor":16,"turns":8},{"damage":14,"enemies":"Shell Parasite","floor":18,"turns":4},{"damage":74,"enemies":"Book of Stabbing","floor":24,"turns":7}],"seed_played":"3629730694002505729","potions_obtained":[{"floor":1,"key":"Fire Potion"},{"floor":10,"key":"Explosive Potion"},{"floor":11,"key":"Energy Potion"},{"floor":16,"key":"SkillPotion"}],"is_trial":false,"path_per_floor":["M","M","?","?","?","E","R","E","T","M","E","R","M","$","R","B",null,"M","?","?","$","?","R","E"],"character_chosen":"IRONCLAD","items_purchased":["Magnetism"],"campfire_rested":2,"item_purchase_floors":[14],"current_hp_per_floor":[61,49,67,67,67,40,40,16,16,10,4,29,29,29,29,4,65,53,53,53,53,47,73,0],"gold":0,"neow_bonus":"BOSS_RELIC","is_prod":false,"is_daily":false,"chose_seed":false,"campfire_upgraded":2,"win_rate":0,"timestamp":1549362100,"path_taken":["M","M","?","?","?","E","R","E","T","M","E","R","?","?","R","BOSS","M","?","?","$","?","R","E"],"build_version":"2019-01-23","purchased_purges":0,"victory":false,"max_hp_per_floor":[75,75,75,75,75,75,75,85,85,85,85,85,85,85,85,85,85,87,87,87,87,87,87,87],"card_choices":[{"not_picked":["Dual Wield","Clothesline"],"picked":"Clash","floor":1},{"not_picked":["Havoc","Ghostly Armor"],"picked":"Iron Wave","floor":2},{"not_picked":["Bloodletting","Thunderclap"],"picked":"Headbutt","floor":6},{"not_picked":["Anger","Body Slam"],"picked":"Carnage","floor":8},{"not_picked":["Juggernaut","Rupture"],"picked":"Battle Trance","floor":10},{"not_picked":["Twin Strike","Double Tap"],"picked":"Feed","floor":11},{"not_picked":["Power Through","Cleave"],"picked":"Armaments","floor":13},{"not_picked":["Brutality","Feed"],"picked":"Reaper","floor":16},{"not_picked":["Armaments","Perfected Strike","Pummel"],"picked":"Singing Bowl","floor":18}],"player_experience":331974,"relics_obtained":[{"floor":6,"key":"Singing Bowl"},{"floor":6,"key":"Sundial"},{"floor":8,"key":"Pear"},{"floor":8,"key":"Lantern"},{"floor":9,"key":"Self Forming Clay"},{"floor":11,"key":"Mercury Hourglass"},{"floor":11,"key":"Anchor"}],"event_choices":[{"damage_healed":18,"gold_gain":0,"player_choice":"Healed","damage_taken":0,"max_hp_gain":0,"max_hp_loss":0,"event_name":"The Cleric","floor":3,"gold_loss":35},{"damage_healed":0,"gold_gain":0,"player_choice":"Ignored","damage_taken":0,"max_hp_gain":0,"max_hp_loss":0,"event_name":"Liars Game","floor":4,"gold_loss":0},{"cards_removed":["Strike_R"],"damage_healed":0,"gold_gain":0,"player_choice":"Purged","damage_taken":0,"max_hp_gain":0,"max_hp_loss":0,"event_name":"Purifier","floor":5,"gold_loss":0},{"damage_healed":0,"gold_gain":0,"cards_transformed":["Searing Blow","Entrench"],"player_choice":"Became Test Subject","damage_taken":0,"max_hp_gain":0,"max_hp_loss":0,"event_name":"Drug Dealer","floor":19,"gold_loss":0,"cards_obtained":["Battle Trance","Power Through"]},{"damage_healed":0,"gold_gain":0,"player_choice":"Paid Fearfully","damage_taken":0,"max_hp_gain":0,"max_hp_loss":0,"event_name":"Masked Bandits","floor":20,"gold_loss":101},{"damage_healed":0,"gold_gain":0,"player_choice":"Joined the Cult","damage_taken":6,"max_hp_gain":0,"max_hp_loss":0,"event_name":"Nest","floor":22,"gold_loss":0,"cards_obtained":["RitualDagger"]}],"is_beta":false,"boss_relics":[{"not_picked":["Lizard Tail","Busted Crown"],"picked":"Pandora\u0027s Box"}],"items_purged_floors":[],"is_endless":false,"potions_floor_spawned":[1,10,11,16],"killed_by":"Book of Stabbing","ascension_level":18}