{"gold_per_floor":[118,131,131,143,17,17,31,58,58,58,70,70,70,87,87,165,165],"floor_reached":17,"playtime":446,"items_purged":["Writhe"],"score":298,"play_id":"7241138d-857b-47ed-b874-71d507f12b81","local_time":"20190203150151","is_ascension_mode":true,"campfire_choices":[{"data":"Perfected Strike","floor":6,"key":"SMITH"},{"floor":10,"key":"REST"},{"data":"Uppercut","floor":13,"key":"SMITH"},{"data":"Double Tap","floor":15,"key":"SMITH"}],"neow_cost":"NONE","seed_source_timestamp":508932353026000,"circlet_count":0,"master_deck":["AscendersBane","Bash","Shrug It Off","Rage","Exhume","Perfected Strike+1","Headbutt","Uppercut+1","Double Tap+1","Ghostly Armor","Regret","Iron Wave","Immolate","Fire Breathing","Disarm","Bludgeon","Blood for Blood","Feel No Pain","Burning Pact","Offering","Brutality","Berserk"],"relics":["Sozu","Turnip","Ornamental Fan","Question Card","Pandora\u0027s Box"],"potions_floor_usage":[],"damage_taken":[{"damage":7,"enemies":"Jaw Worm","floor":1,"turns":3},{"damage":0,"enemies":"Cultist","floor":2,"turns":4},{"damage":0,"enemies":"Small Slimes","floor":4,"turns":4},{"damage":4,"enemies":"Red Slaver","floor":7,"turns":3},{"damage":29,"enemies":"Lagavulin","floor":8,"turns":5},{"damage":5,"enemies":"3 Louse","floor":11,"turns":3},{"damage":8,"enemies":"Exordium Thugs","floor":14,"turns":2},{"damage":13,"enemies":"Hexaghost","floor":16,"turns":8}],"seed_played":"2213734163037147152","potions_obtained":[],"is_trial":false,"path_per_floor":["M","M","?","M","$","R","M","E","T","R","M","?","R","M","R","B",null],"character_chosen":"IRONCLAD","items_purchased":["Headbutt"],"campfire_rested":1,"item_purchase_floors":[5],"current_hp_per_floor":[61,61,61,61,61,61,57,28,28,50,45,45,45,37,37,24,62],"gold":165,"neow_bonus":"BOSS_RELIC","is_prod":false,"is_daily":false,"chose_seed":false,"campfire_upgraded":3,"win_rate":0,"timestamp":1549202511,"path_taken":["M","M","?","?","$","R","M","E","T","R","?","?","R","M","R","BOSS"],"build_version":"2019-01-23","purchased_purges":1,"victory":false,"max_hp_per_floor":[75,75,75,75,75,75,75,75,75,75,75,75,75,75,75,75,75],"card_choices":[{"not_picked":["Flex","Sword Boomerang"],"picked":"Shrug It Off","floor":1},{"not_picked":["Blood for Blood","Warcry"],"picked":"Rage","floor":2},{"not_picked":["Headbutt","Warcry"],"picked":"Perfected Strike","floor":4},{"not_picked":["Clash","Iron Wave"],"picked":"Uppercut","floor":7},{"not_picked":["Sever Soul","Iron Wave"],"picked":"Double Tap","floor":8},{"not_picked":["Wild Strike","Twin Strike"],"picked":"Ghostly Armor","floor":11},{"not_picked":["Burning Pact","Armaments","Shrug It Off"],"picked":"Iron Wave","floor":14},{"not_picked":["Juggernaut","Berserk","Limit Break"],"picked":"Immolate","floor":16}],"player_experience":323352,"relics_obtained":[{"floor":8,"key":"Turnip"},{"floor":9,"key":"Ornamental Fan"}],"event_choices":[{"damage_healed":0,"gold_gain":0,"player_choice":"2 cards matched","damage_taken":0,"max_hp_gain":0,"max_hp_loss":0,"event_name":"Match and Keep!","floor":3,"gold_loss":0,"cards_obtained":["Writhe","Exhume"]},{"damage_healed":0,"gold_gain":0,"player_choice":"Box","damage_taken":0,"relics_obtained":["Question Card"],"max_hp_gain":0,"max_hp_loss":0,"event_name":"Big Fish","floor":12,"gold_loss":0,"cards_obtained":["Regret"]}],"is_beta":false,"boss_relics":[{"not_picked":["Black Star","Coffee Dripper"],"picked":"Pandora\u0027s Box"}],"items_purged_floors":[5],"is_endless":false,"potions_floor_spawned":[2,7,11,14],"ascension_level":18}