{"gold_per_floor":[110,110,124,134,134,164,174,204,280,67,67,102,102,130,130,227,227,209,209,134,144,160,160],"floor_reached":23,"playtime":1501,"items_purged":[],"score":261,"play_id":"5b9db9f2-2c31-472a-8622-5971b22fc3cb","local_time":"20181028013223","is_ascension_mode":true,"campfire_choices":[{"data":"Auto Shields","floor":11,"key":"SMITH"},{"data":"Auto Shields","floor":13,"key":"SMITH"},{"floor":15,"key":"DIG"}],"neow_cost":"NONE","seed_source_timestamp":1911870359528119,"circlet_count":0,"master_deck":["Strike_B","Strike_B","Strike_B","Strike_B","Defend_B","Defend_B","Defend_B","Zap+1","Dualcast","Auto Shields+1","Glacier+1","Auto Shields+1","Cold Snap","Leap","Self Repair","Coolheaded","Machine Learning","Sunder","Conserve Battery+1","Leap","Double Energy+1","Cold Snap"],"relics":["Cracked Core","NeowsBlessing","Cables","Prayer Wheel","Shuriken","Art of War","Boot","Shovel","Dream Catcher","Velvet Choker"],"potions_floor_usage":[12,16,16,22],"damage_taken":[{"damage":0,"enemies":"2 Louse","floor":1,"turns":1},{"damage":0,"enemies":"Cultist","floor":3,"turns":1},{"damage":0,"enemies":"Small Slimes","floor":4,"turns":1},{"damage":4,"enemies":"3 Sentries","floor":6,"turns":11},{"damage":0,"enemies":"Red Slaver","floor":7,"turns":4},{"damage":9,"enemies":"Lagavulin","floor":8,"turns":9},{"damage":10,"enemies":"3 Sentries","floor":12,"turns":8},{"damage":10,"enemies":"Lagavulin Event","floor":14,"turns":10},{"damage":19,"enemies":"The Guardian","floor":16,"turns":19},{"damage":9,"enemies":"2 Thieves","floor":18,"turns":4},{"damage":13,"enemies":"3 Byrds","floor":21,"turns":5},{"damage":14,"enemies":"Centurion and Healer","floor":22,"turns":11},{"damage":69,"enemies":"Gremlin Leader","floor":23,"turns":11}],"seed_played":"6427553308725985013","potions_obtained":[{"floor":1,"key":"SteroidPotion"},{"floor":4,"key":"AttackPotion"},{"floor":8,"key":"Dexterity Potion"},{"floor":14,"key":"Poison Potion"}],"is_trial":false,"path_per_floor":["M","?","M","M","?","E","M","E","T","$","R","E","R","?","R","B",null,"M","?","?","M","M"],"character_chosen":"DEFECT","items_purchased":["Art of War","Self Repair"],"campfire_rested":0,"item_purchase_floors":[10,10],"current_hp_per_floor":[75,75,75,75,75,71,71,62,62,62,62,59,59,56,56,44,67,65,65,65,59,52,0],"gold":160,"neow_bonus":"THREE_ENEMY_KILL","is_prod":false,"is_daily":false,"chose_seed":false,"campfire_upgraded":2,"win_rate":0,"timestamp":1540657943,"path_taken":["M","?","M","M","?","E","?","E","T","?","R","E","R","?","R","BOSS","M","?","?","M","M","E"],"build_version":"2018-10-25v2","purchased_purges":0,"victory":false,"max_hp_per_floor":[75,75,75,75,75,75,75,75,75,75,75,75,75,75,75,75,75,75,75,75,75,75,75],"card_choices":[{"not_picked":["Go for the Eyes","Fusion"],"picked":"Auto Shields","floor":1},{"not_picked":["Conserve Battery","Ball Lightning"],"picked":"Glacier","floor":3},{"not_picked":["Conserve Battery","Go for the Eyes"],"picked":"Auto Shields","floor":4},{"not_picked":["White Noise","Consume"],"picked":"Cold Snap","floor":6},{"not_picked":["Streamline","Skim"],"picked":"Leap","floor":7},{"not_picked":["Turbo","Darkness","Steam"],"picked":"SKIP","floor":8},{"not_picked":["Streamline","Beam Cell"],"picked":"Coolheaded","floor":12},{"not_picked":["Meteor Strike","Thunder Strike"],"picked":"Machine Learning","floor":16},{"not_picked":["Cold Snap","Beam Cell"],"picked":"Sunder","floor":18},{"not_picked":["Hologram","Barrage"],"picked":"Conserve Battery+1","floor":18},{"not_picked":["Lockon","Turbo"],"picked":"Leap","floor":21},{"not_picked":["Coolheaded","Aggregate+1"],"picked":"Double Energy+1","floor":21},{"not_picked":["Aggregate","Loop"],"picked":"Cold Snap","floor":22},{"not_picked":["Force Field","Ball Lightning","Hyperbeam"],"picked":"SKIP","floor":22}],"player_experience":268839,"relics_obtained":[{"floor":6,"key":"Cables"},{"floor":8,"key":"Prayer Wheel"},{"floor":9,"key":"Shuriken"},{"floor":12,"key":"Boot"},{"floor":15,"key":"Dream Catcher"}],"event_choices":[{"damage_healed":0,"gold_gain":0,"player_choice":"Upgraded","damage_taken":0,"max_hp_gain":0,"max_hp_loss":0,"event_name":"Upgrade Shrine","floor":2,"gold_loss":0,"cards_upgraded":["Zap"]},{"damage_healed":0,"gold_gain":0,"player_choice":"Forge","damage_taken":0,"max_hp_gain":0,"max_hp_loss":0,"event_name":"Accursed Blacksmith","floor":5,"gold_loss":0,"cards_upgraded":["Glacier"]},{"damage_healed":0,"gold_gain":30,"player_choice":"Searched \u00273\u0027 times","damage_taken":0,"relics_obtained":["Shovel"],"max_hp_gain":0,"max_hp_loss":0,"event_name":"Dead Adventurer","floor":14,"gold_loss":0},{"damage_healed":0,"gold_gain":0,"player_choice":"Ignored","damage_taken":0,"max_hp_gain":0,"max_hp_loss":0,"event_name":"Vampires","floor":19,"gold_loss":0},{"cards_removed":["Defend_B"],"damage_healed":0,"gold_gain":0,"player_choice":"Gave Gold","damage_taken":0,"max_hp_gain":0,"max_hp_loss":0,"event_name":"Beggar","floor":20,"gold_loss":75}],"is_beta":false,"boss_relics":[{"not_picked":["Busted Crown","Lizard Tail"],"picked":"Velvet Choker"}],"items_purged_floors":[],"is_endless":false,"potions_floor_spawned":[1,4,8,14],"killed_by":"Gremlin Leader","ascension_level":5}