{"path_per_floor":["M","?","M","?","M","R","E","?","T","M","E","M","E","M","R"],"character_chosen":"IRONCLAD","items_purchased":[],"gold_per_floor":[111,111,125,75,92,92,123,123,199,214,250,274,309,325,325,325],"floor_reached":16,"campfire_rested":0,"playtime":818,"current_hp_per_floor":[80,80,80,80,80,80,60,40,40,43,22,26,30,33,33,0],"items_purged":[],"gold":325,"score":128,"play_id":"3a6df49a-36d5-4ee7-9c0d-0052383c4793","local_time":"20180515214606","is_prod":false,"is_daily":false,"chose_seed":false,"is_ascension_mode":true,"campfire_upgraded":2,"timestamp":1526413566,"path_taken":["M","?","M","?","M","R","E","?","T","?","E","M","E","M","R","BOSS"],"build_version":"2018-05-10","seed_source_timestamp":159413004625577,"purchased_purges":0,"victory":false,"master_deck":["Strike_R","Strike_R","Strike_R","Strike_R","Strike_R","Defend_R","Defend_R","Bash","Sentinel","Rage","Body Slam+1","Seeing Red+1","Bloodletting+1","Shrug It Off+1","Clash"],"max_hp_per_floor":[80,80,80,80,80,80,80,80,80,80,80,80,80,80,80,80],"relics":["Burning Blood","Omamori","Golden Idol","Paper Frog","Toxic Egg 2","Ginger"],"card_choices":[{"not_picked":["Perfected Strike","Seeing Red"],"picked":"Rage","floor":3},{"not_picked":["Pommel Strike","Anger"],"picked":"Body Slam","floor":5},{"not_picked":["Exhume","Flame Barrier"],"picked":"Seeing Red","floor":10},{"not_picked":["Heavy Blade","Perfected Strike"],"picked":"Bloodletting","floor":11},{"not_picked":["Disarm","Sword Boomerang"],"picked":"Shrug It Off","floor":13},{"not_picked":["Warcry","Flex"],"picked":"Clash","floor":14}],"player_experience":65277,"potions_floor_usage":[11,13,13,16,16,16],"damage_taken":[{"damage":2,"enemies":"Small Slimes","floor":1,"turns":5},{"damage":6,"enemies":"Cultist","floor":3,"turns":3},{"damage":6,"enemies":"Jaw Worm","floor":5,"turns":5},{"damage":26,"enemies":"Gremlin Nob","floor":7,"turns":4},{"damage":3,"enemies":"Blue Slaver","floor":10,"turns":4},{"damage":27,"enemies":"Lagavulin","floor":11,"turns":6},{"damage":2,"enemies":"3 Louse","floor":12,"turns":3},{"damage":11,"enemies":"Gremlin Nob","floor":13,"turns":4},{"damage":3,"enemies":"2 Fungi Beasts","floor":14,"turns":4},{"damage":41,"enemies":"Hexaghost","floor":16,"turns":9}],"event_choices":[{"event_name":"The Lab","player_choice":"Got Potions","floor":2,"damage_taken":0},{"event_name":"The Cleric","player_choice":"Card Removal","floor":4,"damage_taken":0},{"event_name":"Golden Idol","player_choice":"Take Damage","floor":8,"damage_taken":0}],"boss_relics":[],"potions_floor_spawned":[5,11,13,14],"seed_played":"-661595005926759567","killed_by":"Hexaghost","ascension_level":1,"is_trial":false}