{"gold_per_floor":[115,133,133,133,148,183,203,203],"floor_reached":8,"playtime":277,"items_purged":[],"score":93,"play_id":"fd006a5c-d136-4dd3-8fc3-046c2f3b5cde","local_time":"20190218143003","is_ascension_mode":true,"campfire_choices":[],"neow_cost":"NONE","seed_source_timestamp":241545784504147,"circlet_count":0,"master_deck":["AscendersBane","Strike_B","Strike_B","Strike_B","Defend_B","Defend_B","Defend_B","Defend_B","Zap","Dualcast","Madness","Chill","Biased Cognition","Genetic Algorithm"],"relics":["Cracked Core","NlothsMask","Bronze Scales"],"potions_floor_usage":[],"damage_taken":[{"damage":0,"enemies":"Cultist","floor":1,"turns":4},{"damage":10,"enemies":"Jaw Worm","floor":2,"turns":4},{"damage":0,"enemies":"Small Slimes","floor":5,"turns":4},{"damage":36,"enemies":"Lagavulin","floor":6,"turns":9},{"damage":11,"enemies":"3 Louse","floor":7,"turns":3},{"damage":9,"enemies":"Red Slaver","floor":8,"turns":1}],"seed_played":"395803132241919590","potions_obtained":[{"floor":6,"key":"FearPotion"},{"floor":7,"key":"Poison Potion"}],"is_trial":false,"path_per_floor":["M","M","?","?","M","E","M","M"],"character_chosen":"DEFECT","items_purchased":[],"campfire_rested":0,"item_purchase_floors":[],"current_hp_per_floor":[68,58,51,51,51,15,4,0],"gold":203,"neow_bonus":"RANDOM_COLORLESS","is_prod":false,"is_daily":false,"chose_seed":false,"campfire_upgraded":0,"win_rate":0,"timestamp":1550478603,"path_taken":["M","M","?","?","M","E","M","M"],"build_version":"2019-01-23","purchased_purges":0,"victory":false,"max_hp_per_floor":[75,75,75,75,75,75,75,75],"card_choices":[{"not_picked":["Conserve Battery","Compile Driver"],"picked":"Chill","floor":1},{"not_picked":["Lockon","Rebound","Darkness"],"picked":"SKIP","floor":2},{"not_picked":["Compile Driver","Rebound","Storm"],"picked":"SKIP","floor":5},{"not_picked":["Hologram","Turbo"],"picked":"Biased Cognition","floor":6},{"not_picked":["Hologram","Turbo"],"picked":"Genetic Algorithm","floor":7}],"player_experience":820237,"relics_obtained":[{"floor":6,"key":"Bronze Scales"}],"event_choices":[{"cards_removed":["Strike_B"],"damage_healed":0,"gold_gain":0,"player_choice":"Card Removal","damage_taken":7,"max_hp_gain":0,"max_hp_loss":0,"event_name":"Golden Wing","floor":3,"gold_loss":0},{"damage_healed":0,"gold_gain":0,"player_choice":"Trade","damage_taken":0,"relics_obtained":["NlothsMask"],"max_hp_gain":0,"max_hp_loss":0,"event_name":"FaceTrader","floor":4,"gold_loss":0}],"is_beta":false,"boss_relics":[],"items_purged_floors":[],"is_endless":false,"potions_floor_spawned":[6,7],"killed_by":"Red Slaver","ascension_level":12}