{"gold_per_floor":[212,231,106,117,136,136,150,150,174,77,77,93,113,130,130,233,233,251,100,116,116,134,134,169,169,169,169,169,185,185,185,185,185],"floor_reached":33,"playtime":3737,"items_purged":["Strike_R","Strike_R"],"score":259,"play_id":"d83006ed-abb1-4f4b-b5cb-03b15c837b8d","local_time":"20190220224300","is_ascension_mode":false,"campfire_choices":[{"data":"Shrug It Off","floor":6,"key":"SMITH"},{"data":"Double Tap","floor":8,"key":"SMITH"},{"data":"Spot Weakness","floor":11,"key":"SMITH"},{"data":"Shrug It Off","floor":15,"key":"SMITH"},{"floor":23,"key":"REST"},{"floor":25,"key":"REST"},{"data":"Shrug It Off","floor":27,"key":"SMITH"},{"floor":30,"key":"REST"},{"floor":32,"key":"REST"}],"neow_cost":"NONE","seed_source_timestamp":368354156819412,"circlet_count":0,"master_deck":["Strike_R","Strike_R","Strike_R","Defend_R","Defend_R","Defend_R","Defend_R","Bash","Shrug It Off+1","Spot Weakness+1","Flex","Shrug It Off+1","Double Tap+1","Twin Strike","Rampage","Flame Barrier","Feed","Thunderclap+1","Shrug It Off+1","Heavy Blade","True Grit+1","Pommel Strike+1","Headbutt+1"],"relics":["Burning Blood","Vajra","Pen Nib","Lizard Tail","Potion Belt","Self Forming Clay"],"potions_floor_usage":[7,7,16,24,24,29,33],"damage_taken":[{"damage":6,"enemies":"Jaw Worm","floor":1,"turns":6},{"damage":1,"enemies":"Cultist","floor":2,"turns":4},{"damage":3,"enemies":"Small Slimes","floor":4,"turns":3},{"damage":7,"enemies":"Looter","floor":5,"turns":3},{"damage":10,"enemies":"Exordium Thugs","floor":7,"turns":4},{"damage":8,"enemies":"2 Fungi Beasts","floor":12,"turns":5},{"damage":1,"enemies":"3 Louse","floor":13,"turns":2},{"damage":7,"enemies":"Blue Slaver","floor":14,"turns":2},{"damage":50,"enemies":"Slime Boss","floor":16,"turns":12},{"damage":27,"enemies":"Chosen","floor":18,"turns":5},{"damage":8,"enemies":"Shell Parasite","floor":20,"turns":7},{"damage":28,"enemies":"Shelled Parasite and Fungi","floor":22,"turns":10},{"damage":39,"enemies":"Book of Stabbing","floor":24,"turns":6},{"damage":8,"enemies":"Snake Plant","floor":29,"turns":6},{"damage":136,"enemies":"Automaton","floor":33,"turns":14}],"seed_played":"6964751883204362731","potions_obtained":[{"floor":1,"key":"SkillPotion"},{"floor":4,"key":"Strength Potion"},{"floor":14,"key":"Explosive Potion"},{"floor":16,"key":"LiquidBronze"},{"floor":22,"key":"PowerPotion"},{"floor":24,"key":"SkillPotion"},{"floor":29,"key":"Fire Potion"}],"is_trial":false,"path_per_floor":["M","M","$","M","M","R","M","R","T","?","R","M","M","M","R","B",null,"M","$","M","?","M","R","E","R","T","R","?","M","R","?","R","B"],"character_chosen":"IRONCLAD","items_purchased":["Flex","Shrug It Off"],"campfire_rested":4,"item_purchase_floors":[3,19],"current_hp_per_floor":[80,80,80,80,79,79,75,75,75,75,75,73,78,77,77,33,80,59,59,57,57,38,62,29,53,53,53,37,35,61,53,79,0],"gold":185,"neow_bonus":"HUNDRED_GOLD","is_prod":false,"is_daily":false,"chose_seed":false,"campfire_upgraded":5,"win_rate":0,"timestamp":1550670180,"path_taken":["M","M","$","M","M","R","M","R","T","?","R","M","M","M","R","BOSS","M","$","M","?","M","R","E","R","T","R","?","M","R","?","R","BOSS"],"build_version":"2019-01-23","purchased_purges":2,"victory":false,"max_hp_per_floor":[80,80,80,80,80,80,80,80,80,80,80,80,80,80,80,80,80,80,80,80,80,83,83,83,83,83,83,88,88,88,88,88,88],"card_choices":[{"not_picked":["Infernal Blade","Clash"],"picked":"Shrug It Off","floor":1},{"not_picked":["Anger","Body Slam"],"picked":"Spot Weakness","floor":2},{"not_picked":["Hemokinesis","Fire Breathing","Pummel"],"picked":"SKIP","floor":4},{"not_picked":["Havoc","Rupture"],"picked":"Shrug It Off","floor":5},{"not_picked":["Pommel Strike","Wild Strike"],"picked":"Double Tap","floor":7},{"not_picked":["Thunderclap","Searing Blow"],"picked":"Twin Strike","floor":12},{"not_picked":["Dropkick","Wild Strike"],"picked":"Rampage","floor":13},{"not_picked":["Warcry","Burning Pact"],"picked":"Flame Barrier","floor":14},{"not_picked":["Impervious","Berserk"],"picked":"Feed","floor":16},{"not_picked":["Body Slam","Sword Boomerang"],"picked":"Thunderclap+1","floor":18},{"not_picked":["Rage+1","Iron Wave"],"picked":"Heavy Blade","floor":20},{"not_picked":["Disarm","Bludgeon"],"picked":"True Grit+1","floor":22},{"not_picked":["Disarm","Wild Strike"],"picked":"Pommel Strike+1","floor":24},{"not_picked":["Twin Strike+1","Iron Wave"],"picked":"Headbutt+1","floor":29}],"player_experience":288909,"relics_obtained":[{"floor":9,"key":"Vajra"},{"floor":24,"key":"Potion Belt"},{"floor":26,"key":"Self Forming Clay"}],"event_choices":[{"damage_healed":0,"gold_gain":0,"player_choice":"Paid Gold","damage_taken":0,"relics_obtained":["Pen Nib"],"max_hp_gain":0,"max_hp_loss":0,"event_name":"WeMeetAgain","floor":10,"gold_loss":97},{"damage_healed":0,"gold_gain":0,"player_choice":"Ignored","damage_taken":0,"max_hp_gain":0,"max_hp_loss":0,"event_name":"The Mausoleum","floor":21,"gold_loss":0},{"damage_healed":0,"gold_gain":0,"player_choice":"Shed Blood","damage_taken":21,"max_hp_gain":5,"max_hp_loss":0,"event_name":"Forgotten Altar","floor":28,"gold_loss":0},{"damage_healed":0,"gold_gain":0,"player_choice":"","damage_taken":8,"max_hp_gain":0,"max_hp_loss":0,"event_name":"Knowing Skull","floor":31,"potions_obtained":[],"gold_loss":0,"cards_obtained":[]}],"is_beta":false,"boss_relics":[{"not_picked":["Ectoplasm","Coffee Dripper"],"picked":"Lizard Tail"}],"items_purged_floors":[3,19],"is_endless":false,"potions_floor_spawned":[1,4,14,16,22,24,29],"killed_by":"Automaton","ascension_level":0}