{"gold_per_floor":[118,133,103,26,40,69,69,103,151,151,178,178,253,280,280,375,375,392,408,4,4,17,48,48,58,58,58,389,408,408,438,438,540,540,557,576,213,231,246,246,281,281,306,338,4,37,137,188,188,188],"floor_reached":51,"playtime":2522,"items_purged":[],"score":1108,"play_id":"b17e2baa-3d12-4e60-ae9e-aac7a7ba84af","local_time":"20190213164321","is_ascension_mode":true,"campfire_choices":[{"data":"Tools of the Trade","floor":10,"key":"SMITH"},{"floor":12,"key":"REST"},{"data":"Glass Knife","floor":15,"key":"SMITH"},{"data":"Noxious Fumes","floor":27,"key":"SMITH"},{"floor":30,"key":"REST"},{"data":"Catalyst","floor":32,"key":"SMITH"},{"data":"Adrenaline","floor":40,"key":"SMITH"},{"data":"Catalyst","floor":42,"key":"SMITH"},{"floor":49,"key":"REST"}],"neow_cost":"NONE","seed_source_timestamp":13840842693300,"circlet_count":0,"master_deck":["Defend_G","Defend_G","Defend_G","Defend_G","Defend_G","Strike_G+1","Strike_G","Survivor","Neutralize","Deadly Poison","Deadly Poison","Dash","Backstab","Tools of the Trade+1","Glass Knife+1","Adrenaline+1","Backflip+1","Die Die Die","Bouncing Flask","Noxious Fumes+1","Catalyst+1","Catalyst+1","Burst","Noxious Fumes","Corpse Explosion","Crippling Poison+1","Footwork","Escape Plan","Noxious Fumes","Crippling Poison+1"],"relics":["Ring of the Snake","NeowsBlessing","Question Card","Happy Flower","Peace Pipe","Snake Skull","Whetstone","Blue Candle","Philosopher\u0027s Stone","PreservedInsect","Anchor","Nilry\u0027s Codex","Paper Crane","Bird Faced Urn","Old Coin","Incense Burner","Empty Cage","Membership Card","Omamori","Oddly Smooth Stone","Nunchaku","Pen Nib","Letter Opener","Chemical X","Shuriken","Regal Pillow","Molten Egg 2","FossilizedHelix","Turnip"],"potions_floor_usage":[3,11,16,31,44,44,44,44,48,50],"damage_taken":[{"damage":0,"enemies":"2 Louse","floor":1,"turns":1},{"damage":0,"enemies":"Cultist","floor":2,"turns":1},{"damage":0,"enemies":"Small Slimes","floor":5,"turns":1},{"damage":12,"enemies":"Lagavulin","floor":6,"turns":5},{"damage":23,"enemies":"Gremlin Nob","floor":8,"turns":5},{"damage":20,"enemies":"Lagavulin","floor":11,"turns":5},{"damage":0,"enemies":"3 Sentries","floor":14,"turns":7},{"damage":15,"enemies":"Slime Boss","floor":16,"turns":10},{"damage":0,"enemies":"Chosen","floor":18,"turns":3},{"damage":0,"enemies":"Shell Parasite","floor":19,"turns":4},{"damage":12,"enemies":"Centurion and Healer","floor":22,"turns":4},{"damage":6,"enemies":"Slavers","floor":23,"turns":3},{"damage":6,"enemies":"Shelled Parasite and Fungi","floor":25,"turns":3},{"damage":24,"enemies":"Book of Stabbing","floor":28,"turns":3},{"damage":5,"enemies":"Chosen and Byrds","floor":29,"turns":4},{"damage":2,"enemies":"Slavers","floor":31,"turns":3},{"damage":35,"enemies":"Collector","floor":33,"turns":5},{"damage":0,"enemies":"3 Shapes","floor":35,"turns":2},{"damage":0,"enemies":"3 Darklings","floor":36,"turns":2},{"damage":10,"enemies":"Spire Growth","floor":38,"turns":4},{"damage":6,"enemies":"Writhing Mass","floor":39,"turns":4},{"damage":25,"enemies":"Reptomancer","floor":41,"turns":3},{"damage":46,"enemies":"Nemesis","floor":44,"turns":5},{"damage":17,"enemies":"Reptomancer","floor":46,"turns":5},{"damage":1,"enemies":"Mind Bloom Boss Battle","floor":47,"turns":5},{"damage":0,"enemies":"2 Orb Walkers","floor":48,"turns":2},{"damage":67,"enemies":"Awakened One","floor":50,"turns":9}],"seed_played":"9013235530818269093","potions_obtained":[{"floor":2,"key":"Ancient Potion"},{"floor":3,"key":"GhostInAJar"},{"floor":3,"key":"Fruit Juice"},{"floor":8,"key":"Poison Potion"},{"floor":14,"key":"PowerPotion"},{"floor":16,"key":"GamblersBrew"},{"floor":28,"key":"Explosive Potion"},{"floor":33,"key":"SteroidPotion"},{"floor":36,"key":"EntropicBrew"},{"floor":39,"key":"Regen Potion"},{"floor":46,"key":"Block Potion"},{"floor":48,"key":"SpeedPotion"}],"is_trial":false,"path_per_floor":["M","M","?","$","M","E","?","E","T","R","E","R","?","E","R","B",null,"M","M","$","?","M","E","?","M","T","R","E","M","R","E","R","B",null,"M","M","$","M","M","R","E","R","T","E","$","E","?","?","R","B",null],"character_chosen":"THE_SILENT","items_purchased":["Dash","PreservedInsect","Bouncing Flask","Anchor","Noxious Fumes","Membership Card","Omamori","Oddly Smooth Stone","Chemical X","Shuriken","Regal Pillow","Escape Plan"],"campfire_rested":3,"item_purchase_floors":[4,20,20,20,20,37,37,37,45,45,45,45],"current_hp_per_floor":[70,70,75,75,75,63,56,33,33,33,13,35,24,24,24,9,75,75,75,75,59,47,41,41,35,35,35,13,12,34,36,36,3,75,75,75,75,65,67,67,48,48,48,23,23,14,29,33,70,15],"gold":188,"neow_bonus":"THREE_ENEMY_KILL","is_prod":false,"is_daily":false,"chose_seed":false,"campfire_upgraded":6,"win_rate":0,"timestamp":1550072601,"path_taken":["M","M","?","?","M","E","?","E","T","R","E","R","?","E","R","BOSS","M","M","$","?","M","E","?","M","T","R","E","?","R","E","R","BOSS","M","M","$","M","M","R","E","R","T","E","$","E","?","?","R","BOSS"],"build_version":"2019-01-23","purchased_purges":0,"victory":true,"max_hp_per_floor":[70,70,75,75,75,75,75,75,75,75,75,75,75,75,75,75,75,75,75,75,75,75,75,75,75,75,75,75,75,75,75,75,75,75,75,75,75,75,75,75,75,75,75,75,75,75,75,75,75,75],"card_choices":[{"not_picked":["Prepared","Choke"],"picked":"Deadly Poison","floor":1},{"not_picked":["Poisoned Stab","Deflect"],"picked":"Deadly Poison","floor":2},{"not_picked":["Bane","Accuracy"],"picked":"Backstab","floor":5},{"not_picked":["Prepared","Poisoned Stab"],"picked":"Tools of the Trade","floor":6},{"not_picked":["Flechettes","Tactician","Terror","Prepared"],"picked":"SKIP","floor":8},{"not_picked":["Masterful Stab","Cloak And Dagger","Underhanded Strike","Dagger Spray"],"picked":"SKIP","floor":11},{"not_picked":["Underhanded Strike","Doppelganger","Calculated Gamble"],"picked":"Glass Knife","floor":14},{"not_picked":["Wraith Form v2","Venomology","Tools of the Trade"],"picked":"Adrenaline","floor":16},{"not_picked":["Flying Knee+1","Dagger Throw","Underhanded Strike"],"picked":"Backflip+1","floor":18},{"not_picked":["Underhanded Strike","Blur","Expertise"],"picked":"Die Die Die","floor":19},{"not_picked":["Eviscerate+1","Dagger Throw","Heel Hook","Prepared"],"picked":"SKIP","floor":22},{"not_picked":["Poisoned Stab","Quick Slash+1","Unload"],"picked":"Catalyst","floor":23},{"not_picked":["PiercingWail","Dash","Outmaneuver"],"picked":"Catalyst","floor":25},{"not_picked":["Deflect","After Image","Quick Slash"],"picked":"Burst","floor":28},{"not_picked":["Underhanded Strike+1","Finisher","Poisoned Stab"],"picked":"Noxious Fumes","floor":29},{"not_picked":["Sucker Punch","Deflect","Tools of the Trade","Dagger Spray+1"],"picked":"SKIP","floor":31},{"not_picked":["After Image","Malaise","Burst"],"picked":"Corpse Explosion","floor":33},{"not_picked":["PiercingWail","Bouncing Flask","Acrobatics","Deflect"],"picked":"SKIP","floor":35},{"not_picked":["Dagger Throw","Dodge and Roll","Escape Plan"],"picked":"Crippling Poison+1","floor":36},{"not_picked":["Eviscerate+1","Riddle With Holes+1","Blade Dance"],"picked":"Footwork","floor":38},{"not_picked":["Deadly Poison","Dodge and Roll","Setup","Deflect"],"picked":"SKIP","floor":39},{"not_picked":["Blade Dance+1","Blur","Dagger Spray","Dash"],"picked":"SKIP","floor":41},{"not_picked":["Sucker Punch+1","PiercingWail","Quick Slash+1","Choke+1"],"picked":"SKIP","floor":44},{"not_picked":["Expertise+1","A Thousand Cuts","Blade Dance+1"],"picked":"Noxious Fumes","floor":46},{"not_picked":["Dodge and Roll+1","Flying Knee+1","Cloak And Dagger"],"picked":"Crippling Poison+1","floor":47}],"player_experience":397279,"relics_obtained":[{"floor":6,"key":"Question Card"},{"floor":8,"key":"Peace Pipe"},{"floor":9,"key":"Snake Skull"},{"floor":11,"key":"Whetstone"},{"floor":14,"key":"Blue Candle"},{"floor":21,"key":"Nilry\u0027s Codex"},{"floor":23,"key":"Paper Crane"},{"floor":26,"key":"Bird Faced Urn"},{"floor":28,"key":"Old Coin"},{"floor":31,"key":"Incense Burner"},{"floor":41,"key":"Nunchaku"},{"floor":43,"key":"Pen Nib"},{"floor":44,"key":"Letter Opener"},{"floor":46,"key":"Molten Egg 2"},{"floor":47,"key":"FossilizedHelix"},{"floor":48,"key":"Turnip"}],"event_choices":[{"damage_healed":0,"gold_gain":0,"player_choice":"Bought 2 Potions","damage_taken":0,"max_hp_gain":0,"max_hp_loss":0,"event_name":"The Woman in Blue","floor":3,"gold_loss":0},{"damage_healed":0,"gold_gain":0,"player_choice":"Success","damage_taken":7,"relics_obtained":["Happy Flower"],"max_hp_gain":0,"max_hp_loss":0,"event_name":"Scrap Ooze","floor":7,"gold_loss":0},{"damage_healed":0,"gold_gain":75,"player_choice":"Gather Gold","damage_taken":11,"max_hp_gain":0,"max_hp_loss":0,"event_name":"World of Goop","floor":13,"gold_loss":0},{"damage_healed":0,"gold_gain":0,"player_choice":"Obtained Book","damage_taken":16,"max_hp_gain":0,"max_hp_loss":0,"event_name":"Cursed Tome","floor":21,"gold_loss":0},{"cards_removed":["Strike_G"],"damage_healed":0,"gold_gain":0,"player_choice":"Card Removal","damage_taken":0,"max_hp_gain":0,"max_hp_loss":0,"event_name":"Wheel of Change","floor":24,"gold_loss":0},{"damage_healed":0,"gold_gain":0,"player_choice":"Fight","damage_taken":0,"max_hp_gain":0,"max_hp_loss":0,"event_name":"MindBloom","floor":47,"gold_loss":0},{"damage_healed":0,"gold_gain":0,"player_choice":"Fight","damage_taken":0,"max_hp_gain":0,"max_hp_loss":0,"event_name":"Mysterious Sphere","floor":48,"gold_loss":0}],"is_beta":false,"boss_relics":[{"not_picked":["Runic Pyramid","HoveringKite"],"picked":"Philosopher\u0027s Stone"},{"not_picked":["Calling Bell","Astrolabe"],"picked":"Empty Cage"}],"items_purged_floors":[],"is_endless":false,"potions_floor_spawned":[2,8,14,16,25,28,29,33,36,39,46,48],"ascension_level":4}