{"path_per_floor":["M","$","M","M","?","R","E","R","T","?","R","M","?","M","R","B",null,"M","?","$","T","?","R","M","?","T","M","?","$","M","M","R"],"character_chosen":"IRONCLAD","items_purchased":["Bag of Preparation","Lee\u0027s Waffle","Tiny Chest"],"gold_per_floor":[360,135,150,168,168,168,203,203,230,230,230,242,242,259,259,357,357,376,376,63,63,63,63,75,75,75,89,89,89,105,125,125,125],"floor_reached":33,"campfire_rested":1,"playtime":1183,"current_hp_per_floor":[71,71,72,72,72,72,44,44,44,44,44,46,46,48,48,26,61,41,28,84,84,84,84,84,84,84,78,78,78,46,42,67,0],"items_purged":["Strike_R"],"gold":125,"score":368,"play_id":"0ddba60c-c1e3-4449-9ee4-8c508d5be0bc","local_time":"20180522053839","is_prod":false,"is_daily":false,"chose_seed":false,"is_ascension_mode":true,"campfire_upgraded":5,"timestamp":1526960319,"campfire_choices":[{"data":"Rampage","floor":6,"key":"SMITH"},{"data":"Headbutt","floor":8,"key":"SMITH"},{"data":"Bash","floor":11,"key":"SMITH"},{"data":"Reaper","floor":15,"key":"SMITH"},{"data":"Impervious","floor":23,"key":"SMITH"},{"floor":32,"key":"REST"}],"path_taken":["M","$","M","M","?","R","E","R","T","?","R","M","?","M","R","BOSS","M","?","$","?","?","R","M","?","T","M","?","$","M","M","R","BOSS"],"build_version":"2018-05-17","seed_source_timestamp":202165993697298,"purchased_purges":1,"victory":false,"master_deck":["Strike_R","Defend_R","Defend_R","Defend_R","Defend_R","Bash+1","AscendersBane","Rampage+1","Reaper+1","Headbutt+1","Impervious+1","Warcry+1"],"max_hp_per_floor":[72,72,72,72,72,72,72,72,72,72,72,72,72,72,72,72,72,72,77,84,84,84,84,84,84,84,84,84,84,84,84,84,84],"relics":["Burning Blood","Bag of Preparation","Dream Catcher","Ancient Tea Set","Runic Pyramid","Lee\u0027s Waffle","Tiny Chest","Dodecahedron","Juzu Bracelet"],"card_choices":[{"not_picked":["Shrug It Off","Fire Breathing"],"picked":"Rampage","floor":1},{"not_picked":["Flex","Carnage","Sword Boomerang"],"picked":"SKIP","floor":3},{"not_picked":["Combust","Body Slam","Pommel Strike"],"picked":"SKIP","floor":4},{"not_picked":["Combust","Body Slam","Pommel Strike"],"picked":"SKIP","floor":4},{"not_picked":["Dual Wield","Headbutt","Flex"],"picked":"SKIP","floor":7},{"not_picked":["Dual Wield","Flex"],"picked":"Headbutt","floor":7},{"not_picked":["Rupture","Cleave","Clash"],"picked":"SKIP","floor":12},{"not_picked":["Twin Strike","Sword Boomerang","Searing Blow"],"picked":"SKIP","floor":14},{"not_picked":["Feed","Barricade"],"picked":"Impervious","floor":16},{"not_picked":["Pummel","Sword Boomerang+1","Carnage+1"],"picked":"SKIP","floor":18},{"not_picked":["Shrug It Off+1","Anger"],"picked":"Warcry+1","floor":24},{"not_picked":["Combust","Fire Breathing","Warcry"],"picked":"SKIP","floor":27},{"not_picked":["Havoc","Anger","Iron Wave"],"picked":"SKIP","floor":30},{"not_picked":["Fire Breathing","Warcry","Sentinel"],"picked":"SKIP","floor":31}],"player_experience":176859,"potions_floor_usage":[16,27,33,33,33],"damage_taken":[{"damage":7,"enemies":"2 Louse","floor":1,"turns":3},{"damage":1,"enemies":"Cultist","floor":3,"turns":4},{"damage":2,"enemies":"Jaw Worm","floor":4,"turns":3},{"damage":40,"enemies":"Lagavulin","floor":7,"turns":7},{"damage":14,"enemies":"Exordium Thugs","floor":12,"turns":3},{"damage":12,"enemies":"2 Fungi Beasts","floor":14,"turns":3},{"damage":33,"enemies":"Slime Boss","floor":16,"turns":7},{"damage":26,"enemies":"2 Thieves","floor":18,"turns":5},{"damage":0,"enemies":"Chosen","floor":24,"turns":4},{"damage":12,"enemies":"Snake Plant","floor":27,"turns":5},{"damage":44,"enemies":"3 Cultists","floor":30,"turns":6},{"damage":16,"enemies":"Centurion and Healer","floor":31,"turns":6},{"damage":88,"enemies":"Collector","floor":33,"turns":6}],"relics_obtained":[{"floor":7,"key":"Dream Catcher"},{"floor":9,"key":"Ancient Tea Set"},{"floor":21,"key":"Dodecahedron"},{"floor":26,"key":"Juzu Bracelet"}],"event_choices":[{"event_name":"Transmorgrifier","player_choice":"Transform","floor":5,"damage_taken":0},{"event_name":"Living Wall","player_choice":"Forget","floor":10,"damage_taken":0},{"event_name":"The Lab","player_choice":"Got Potions","floor":13,"damage_taken":0},{"event_name":"Forgotten Altar","player_choice":"Shed Blood","floor":19,"damage_taken":0},{"event_name":"Beggar","player_choice":"Ignored","floor":22,"damage_taken":0},{"event_name":"Drug Dealer","player_choice":"Ignored","floor":25,"damage_taken":0},{"event_name":"Back to Basics","player_choice":"Elegance","floor":28,"damage_taken":0}],"boss_relics":[{"not_picked":["Snecko Eye","Velvet Choker"],"picked":"Runic Pyramid"}],"potions_floor_spawned":[3,7,12,14,24,30],"seed_played":"-9093441066329623643","killed_by":"Collector","ascension_level":10,"potions_obtained":[{"floor":3,"key":"SpeedPotion"},{"floor":7,"key":"Strength Potion"},{"floor":12,"key":"Strength Potion"},{"floor":13,"key":"Fire Potion"},{"floor":13,"key":"Weak Potion"},{"floor":13,"key":"PowerPotion"},{"floor":24,"key":"Poison Potion"},{"floor":30,"key":"AttackPotion"}],"is_trial":false}