{"gold_per_floor":[114,289,137,137,153,153,179,195,195,215,215,233,250,279,279,382,382,400,400,400],"floor_reached":20,"playtime":905,"items_purged":[],"score":309,"play_id":"9d6af1b8-fcb4-43de-9519-5aeb17454e71","local_time":"20190205222040","is_ascension_mode":false,"campfire_choices":[{"data":"Bash","floor":6,"key":"SMITH"},{"data":"Uppercut","floor":11,"key":"SMITH"},{"floor":15,"key":"REST"}],"neow_cost":"NONE","seed_source_timestamp":17637354612800,"circlet_count":0,"master_deck":["Defend_R","Defend_R","Defend_R","Defend_R","Bash+1","Carnage","Doubt","Pain","Perfected Strike+1","Cleave","Uppercut+1","Parasite","Feed+1","Spot Weakness","Armaments","Shockwave","Juggernaut","Injury","Regret","Pain","Iron Wave","Bite","Bite","Bite","Bite","Bite"],"relics":["Cursed Key","Bag of Marbles","WarpedTongs","Shuriken","Art of War","Whetstone","Calling Bell","Potion Belt","Sundial","Calipers"],"potions_floor_usage":[16,16,16,20,20],"damage_taken":[{"damage":1,"enemies":"Jaw Worm","floor":1,"turns":3},{"damage":1,"enemies":"2 Louse","floor":5,"turns":2},{"damage":14,"enemies":"3 Sentries","floor":7,"turns":8},{"damage":3,"enemies":"Cultist","floor":8,"turns":1},{"damage":22,"enemies":"Exordium Thugs","floor":10,"turns":4},{"damage":5,"enemies":"Looter","floor":12,"turns":2},{"damage":2,"enemies":"3 Louse","floor":13,"turns":4},{"damage":11,"enemies":"Gremlin Nob","floor":14,"turns":3},{"damage":25,"enemies":"Hexaghost","floor":16,"turns":5},{"damage":31,"enemies":"Spheric Guardian","floor":18,"turns":5},{"damage":30,"enemies":"Colosseum Slavers","floor":20,"turns":5},{"damage":54,"enemies":"Colosseum Nobs","floor":20,"turns":3}],"seed_played":"3914456247852129312","potions_obtained":[{"floor":7,"key":"Strength Potion"},{"floor":10,"key":"Fire Potion"},{"floor":12,"key":"EssenceOfSteel"},{"floor":16,"key":"Block Potion"},{"floor":18,"key":"Swift Potion"}],"is_trial":false,"path_per_floor":["M","?","$","?","M","R","E","M","T","M","R","M","M","E","R","B",null,"M","?","?"],"character_chosen":"IRONCLAD","items_purchased":["Bag of Marbles"],"campfire_rested":1,"item_purchase_floors":[3],"current_hp_per_floor":[79,79,79,79,78,78,64,61,61,39,39,34,35,27,52,27,86,59,59,0],"gold":400,"neow_bonus":"BOSS_RELIC","is_prod":false,"is_daily":false,"chose_seed":false,"campfire_upgraded":2,"win_rate":0.0,"timestamp":1549376440,"path_taken":["M","?","$","?","M","R","E","M","T","M","R","?","M","E","R","BOSS","M","?","?"],"build_version":"2019-01-23","purchased_purges":0,"victory":false,"max_hp_per_floor":[80,80,80,80,80,80,80,80,80,80,80,80,83,86,86,86,86,90,63,63],"card_choices":[{"not_picked":["Shrug It Off","Burning Pact"],"picked":"Carnage","floor":1},{"not_picked":["Heavy Blade","Cleave"],"picked":"Perfected Strike","floor":5},{"not_picked":["Disarm","Anger"],"picked":"Cleave","floor":7},{"not_picked":["Searing Blow","Twin Strike"],"picked":"Uppercut","floor":8},{"not_picked":["Clash","Flex"],"picked":"Feed","floor":10},{"not_picked":["Wild Strike","Havoc"],"picked":"Spot Weakness","floor":12},{"not_picked":["Searing Blow","Hemokinesis"],"picked":"Armaments","floor":13},{"not_picked":["Anger","Dual Wield"],"picked":"Shockwave","floor":14},{"not_picked":["Limit Break","Brutality"],"picked":"Juggernaut","floor":16},{"not_picked":["Bloodletting","Pummel"],"picked":"Iron Wave","floor":18}],"player_experience":95085,"relics_obtained":[{"floor":7,"key":"Shuriken"},{"floor":9,"key":"Art of War"},{"floor":14,"key":"Whetstone"},{"floor":17,"key":"Potion Belt"},{"floor":17,"key":"Sundial"},{"floor":17,"key":"Calipers"}],"event_choices":[{"damage_healed":0,"gold_gain":175,"player_choice":"AGREE","damage_taken":0,"max_hp_gain":0,"max_hp_loss":0,"event_name":"Liars Game","floor":2,"gold_loss":0,"cards_obtained":["Doubt"]},{"damage_healed":0,"gold_gain":0,"player_choice":"Rummage","damage_taken":0,"relics_obtained":["WarpedTongs"],"max_hp_gain":0,"max_hp_loss":0,"event_name":"Accursed Blacksmith","floor":4,"gold_loss":0,"cards_obtained":["Pain"]},{"damage_healed":0,"gold_gain":0,"player_choice":"Became a vampire","damage_taken":0,"max_hp_gain":0,"max_hp_loss":27,"event_name":"Vampires","floor":19,"gold_loss":0,"cards_obtained":["Bite","Bite","Bite","Bite","Bite"]},{"damage_healed":0,"gold_gain":0,"player_choice":"Fight","damage_taken":0,"max_hp_gain":0,"max_hp_loss":0,"event_name":"Colosseum","floor":20,"gold_loss":0},{"damage_healed":0,"gold_gain":0,"player_choice":"Fought Nobs","damage_taken":0,"max_hp_gain":0,"max_hp_loss":0,"event_name":"Colosseum","floor":20,"gold_loss":0}],"is_beta":false,"boss_relics":[{"not_picked":["Black Star","Fusion Hammer"],"picked":"Calling Bell"}],"items_purged_floors":[],"is_endless":false,"potions_floor_spawned":[7,10,12,16,18],"killed_by":"Colosseum Nobs","ascension_level":0}