{"path_per_floor":["M","$","?","M","?","M","M","E","T","$","R","M","R","M","R","B",null,"M","$","?","?","$","M","M","M","T","R","M","E","R","?","R","B",null,"M","$","?","?","?","R","$","E","T","R","M","$"],"character_chosen":"THE_SILENT","items_purchased":["Apotheosis","Bag of Marbles","Well Laid Plans","Bouncing Flask","Dagger Throw","Kunai","Shuriken","Poison Potion"],"gold_per_floor":[211,30,130,144,144,160,175,208,279,90,90,108,108,118,118,214,214,226,191,191,91,68,81,93,113,113,113,126,159,159,129,129,233,533,548,288,288,288,288,288,33,63,86,86,96,44],"floor_reached":47,"campfire_rested":4,"playtime":2579,"current_hp_per_floor":[70,70,70,69,69,69,69,53,53,53,53,51,51,51,51,25,70,50,50,50,50,50,45,21,14,14,35,18,14,35,35,56,25,70,65,65,65,65,65,65,65,25,25,46,6,6],"items_purged":[],"gold":44,"play_id":"8ecb115c-30f6-4eb1-95a9-5e4de59ca980","is_prod":false,"is_daily":false,"campfire_rituals":0,"campfire_upgraded":4,"is_hardmode":false,"path_taken":["M","$","?","M","?","M","?","E","T","?","R","M","R","M","R","BOSS","M","$","?","?","$","M","M","M","T","R","M","E","R","?","R","BOSS","M","$","?","?","?","R","$","E","T","R","M","$","M"],"build_version":"2018-01-11-PROD1","purchased_purges":0,"victory":false,"master_deck":["Defend_G","Defend_G","Defend_G","Defend_G","Strike_G","Strike_G","Strike_G","Strike_G","Survivor","Neutralize","Outmaneuver","Apotheosis","Quick Slash","Sucker Punch","Poisoned Stab","Dagger Spray","Adrenaline","Well Laid Plans","Predator","Poisoned Stab","Grand Finale","Catalyst","Bouncing Flask","J.A.X.","Dagger Throw","Cloak And Dagger","Heel Hook","Slice","Leg Sweep","Night Terror","Bullet Time","Normality","Pain","Doubt","Bouncing Flask","Regret","Neutralize","Finesse","Corpse Explosion","Catalyst"],"max_hp_per_floor":[70,70,70,70,70,70,70,70,70,70,70,70,70,70,70,70,70,70,70,70,70,70,70,70,70,70,70,70,70,70,70,70,70,70,70,70,70,70,70,70,70,70,70,70,70,70],"relics":["Ring of the Snake","Snake Skull","Matryoshka","Bag of Marbles","The Specimen","Paper Crane","Bird Faced Urn","Anchor","Calling Bell","Centennial Puzzle","Old Coin","War Paint","Kunai","Shuriken","Bag of Preparation","Ninja Scroll","Singing Bowl"],"campfire_meditates":0,"card_choices":[{"not_picked":["Prepared","Masterful Stab"],"picked":"Outmaneuver"},{"not_picked":["Slice","Prepared"],"picked":"Quick Slash"},{"not_picked":["Reflex","Backflip"],"picked":"Poisoned Stab"},{"not_picked":["Cloak And Dagger","Deflect"],"picked":"Dagger Spray"},{"not_picked":["Skewer","Deflect"],"picked":"Adrenaline"},{"not_picked":["Prepared","PiercingWail"],"picked":"Predator"},{"not_picked":["Reflex","Outmaneuver"],"picked":"Poisoned Stab"},{"not_picked":["After Image","Phantasmal Killer"],"picked":"Grand Finale"},{"not_picked":["Flechettes","Sucker Punch"],"picked":"Catalyst"},{"not_picked":["Flying Knee","Well Laid Plans"],"picked":"Cloak And Dagger"},{"not_picked":["Eviscerate","Slice"],"picked":"Heel Hook"},{"not_picked":["PiercingWail","Acrobatics"],"picked":"Slice"},{"not_picked":["Deadly Poison","Endless Agony"],"picked":"Leg Sweep"},{"not_picked":["Flechettes","Envenom"],"picked":"Night Terror"},{"not_picked":["Storm of Steel","Doppelganger"],"picked":"Bullet Time"},{"not_picked":["Acrobatics","Infinite Blades"],"picked":"Bouncing Flask"},{"not_picked":["Cloak And Dagger","Deadly Poison"],"picked":"Corpse Explosion"},{"not_picked":["PiercingWail","Underhanded Strike"],"picked":"Catalyst"}],"player_experience":127440,"potions_floor_usage":[7,29,29,33,47],"damage_taken":[{"damage":0,"enemies":"Small Slimes","floor":1,"turns":3},{"damage":1,"enemies":"Blue Slaver","floor":4,"turns":3},{"damage":0,"enemies":"2 Louse","floor":6,"turns":3},{"damage":0,"enemies":"Lots of Slimes","floor":7,"turns":4},{"damage":16,"enemies":"3 Sentries","floor":8,"turns":5},{"damage":2,"enemies":"Looter","floor":12,"turns":2},{"damage":0,"enemies":"Red Slaver","floor":14,"turns":1},{"damage":26,"enemies":"Slime Boss","floor":16,"turns":10},{"damage":20,"enemies":"2 Thieves","floor":18,"turns":4},{"damage":5,"enemies":"Spheric Guardian","floor":23,"turns":3},{"damage":24,"enemies":"Snecko","floor":24,"turns":4},{"damage":7,"enemies":"Snake Plant","floor":25,"turns":3},{"damage":19,"enemies":"Centurion and Healer","floor":28,"turns":4},{"damage":6,"enemies":"Slavers","floor":29,"turns":4},{"damage":33,"enemies":"Automaton","floor":33,"turns":8},{"damage":5,"enemies":"Orb Walker","floor":35,"turns":2},{"damage":42,"enemies":"2 Orb Walkers","floor":42,"turns":4},{"damage":42,"enemies":"3 Shapes","floor":45,"turns":9},{"damage":8,"enemies":"Maw","floor":47,"turns":4}],"event_choices":[{"event_name":"Golden Shrine","player_choice":"Pray","floor":3,"damage_taken":0},{"event_name":"Transmorgrifier","player_choice":"Transform","floor":5,"damage_taken":0},{"event_name":"Vampires","player_choice":"Ignored","floor":20,"damage_taken":0},{"event_name":"Drug Dealer","player_choice":"Got JAXXED","floor":21,"damage_taken":0},{"event_name":"The Woman in Blue","player_choice":"Bought 2 Potions","floor":31,"damage_taken":0},{"event_name":"Match and Keep!","player_choice":"3 cards matched","floor":37,"damage_taken":0},{"event_name":"Accursed Blacksmith","player_choice":"Forge","floor":39,"damage_taken":0}],"boss_relics":[{"not_picked":["Eternal Feather","Lizard Tail"],"picked":"The Specimen"},{"not_picked":["Astrolabe","Question Card"],"picked":"Calling Bell"}],"potions_floor_spawned":[4,6,12,25,28,45],"seed_played":"-338902148615086542","killed_by":"Maw","is_trial":false}