{"path_per_floor":["M","?","M","M","M","E","R","E","T","?","M","T","?","M","R","B",null,"M","M","?","M","?","R","?","E","T","M","M","M","$","M","R","B",null,"M","$","M","?","M","R","E","R","T","R","M","E","$","$","R"],"character_chosen":"THE_SILENT","items_purchased":["Bag of Marbles","Whetstone","Tough Bandages","Anchor"],"gold_per_floor":[113,113,127,146,161,193,193,220,295,322,334,334,392,406,406,502,502,519,537,452,462,462,462,462,490,563,582,600,616,322,338,338,436,466,476,89,108,108,120,120,149,149,149,149,166,199,199,199,199],"floor_reached":50,"campfire_rested":7,"playtime":3839,"current_hp_per_floor":[70,75,75,74,60,35,57,27,27,13,25,25,22,28,50,27,75,62,42,42,34,34,56,24,18,18,17,20,29,29,39,61,38,80,69,69,64,54,46,70,46,70,84,84,78,78,78,78,94],"items_purged":[],"gold":199,"score":559,"play_id":"5ce775b2-16b3-424d-8afe-01bd7fac9943","is_prod":false,"is_daily":false,"is_ascension_mode":false,"campfire_upgraded":1,"path_taken":["M","?","?","M","M","E","R","E","T","?","M","?","?","?","R","BOSS","M","?","?","M","?","R","?","E","T","?","M","M","$","M","R","BOSS","M","$","M","?","M","R","E","R","T","R","M","E","?","$","R","BOSS"],"build_version":"2018-02-12-PROD1","purchased_purges":0,"victory":false,"master_deck":["Survivor","Neutralize+1","Bullet Time","Terror","Backstab","Outmaneuver","Quick Slash","Crippling Poison","Catalyst","Backflip","Poisoned Stab","Storm of Steel+1","Deadly Poison","Envenom","Poisoned Stab","Underhanded Strike","Outmaneuver","Accuracy","PiercingWail","Bouncing Flask","Bane+1","Accuracy","Crippling Poison","Well Laid Plans","Slice","Flying Knee","Good Instincts","Swift Strike","Madness","Backstab+1","Endless Agony+1","Dagger Throw+1","Malaise","Quick Slash+1","Adrenaline","Deadly Poison","Malaise+1","Footwork+1","Madness","Madness","Bane+1","Predator","Dodge and Roll+1","Bane+1"],"max_hp_per_floor":[70,75,75,75,75,75,75,75,75,75,75,75,75,75,75,75,75,75,75,75,75,75,75,75,75,75,75,75,75,75,75,75,75,80,80,80,80,80,80,80,80,80,94,94,94,94,94,94,94],"relics":["Ring of the Snake","Omamori","Snake Skull","Meat on the Bone","Odd Mushroom","Peace Pipe","Dead Branch","Pandora\u0027s Box","Ninja Scroll","Pen Nib","Bottled Flame","Bag of Marbles","Whetstone","Tiny House","Tough Bandages","Anchor","Darkstone Periapt","Mango","Mercury Hourglass"],"card_choices":[{"not_picked":["Flying Knee","Prepared"],"picked":"Terror"},{"not_picked":["Slice","All Out Attack"],"picked":"Backstab"},{"not_picked":["Infinite Blades","PiercingWail"],"picked":"Outmaneuver"},{"not_picked":["Dodge and Roll","Cloak And Dagger"],"picked":"Quick Slash"},{"not_picked":["Blade Dance","Bullet Time"],"picked":"Crippling Poison"},{"not_picked":["Flechettes","Caltrops"],"picked":"Catalyst"},{"not_picked":["Dagger Throw","Deflect"],"picked":"Backflip"},{"not_picked":["Flying Knee","Acrobatics"],"picked":"Poisoned Stab"},{"not_picked":["Bane","Escape Plan"],"picked":"Storm of Steel"},{"not_picked":["Dagger Throw","Deflect"],"picked":"Deadly Poison"},{"not_picked":["Burst","A Thousand Cuts"],"picked":"Envenom"},{"not_picked":["Dagger Spray","Slice"],"picked":"Well Laid Plans"},{"not_picked":["Leg Sweep","Deflect"],"picked":"Slice"},{"not_picked":["Outmaneuver","Prepared"],"picked":"Flying Knee"},{"not_picked":["Deflect","Outmaneuver"],"picked":"Backstab"},{"not_picked":["Bane","All Out Attack"],"picked":"Endless Agony"},{"not_picked":["Cloak And Dagger","Sucker Punch"],"picked":"Dagger Throw"},{"not_picked":["Flechettes","Dodge and Roll"],"picked":"Malaise"},{"not_picked":["Slice","Storm of Steel"],"picked":"Quick Slash"},{"not_picked":["Grand Finale","Venomology"],"picked":"Adrenaline"},{"not_picked":["All Out Attack","Skewer"],"picked":"Deadly Poison"},{"not_picked":["Underhanded Strike","Slice"],"picked":"Malaise"},{"not_picked":["Underhanded Strike","Caltrops"],"picked":"Footwork"},{"not_picked":["Sucker Punch","Backflip"],"picked":"Bane"},{"not_picked":["Unload","Backflip"],"picked":"Predator"},{"not_picked":["Prepared","Flechettes"],"picked":"Dodge and Roll"},{"not_picked":["Heel Hook","Choke"],"picked":"Bane"}],"player_experience":179249,"potions_floor_usage":[10,11,16,16,25,25,29,33,41,45,46,50,50,50],"damage_taken":[{"damage":0,"enemies":"Jaw Worm","floor":1,"turns":3},{"damage":0,"enemies":"Small Slimes","floor":3,"turns":2},{"damage":1,"enemies":"Cultist","floor":4,"turns":3},{"damage":14,"enemies":"Gremlin Gang","floor":5,"turns":8},{"damage":25,"enemies":"Gremlin Nob","floor":6,"turns":4},{"damage":30,"enemies":"3 Sentries","floor":8,"turns":11},{"damage":26,"enemies":"The Mushroom Lair","floor":10,"turns":5},{"damage":0,"enemies":"Large Slime","floor":11,"turns":3},{"damage":15,"enemies":"Lagavulin Event","floor":13,"turns":5},{"damage":6,"enemies":"2 Fungi Beasts","floor":14,"turns":4},{"damage":35,"enemies":"Hexaghost","floor":16,"turns":9},{"damage":13,"enemies":"3 Byrds","floor":18,"turns":4},{"damage":20,"enemies":"Shell Parasite","floor":19,"turns":4},{"damage":20,"enemies":"Centurion and Healer","floor":21,"turns":4},{"damage":27,"enemies":"Slavers","floor":25,"turns":5},{"damage":13,"enemies":"Cultist and Chosen","floor":27,"turns":4},{"damage":9,"enemies":"3 Cultists","floor":28,"turns":4},{"damage":3,"enemies":"Snake Plant","floor":29,"turns":3},{"damage":2,"enemies":"Centurion and Healer","floor":31,"turns":3},{"damage":23,"enemies":"Automaton","floor":33,"turns":5},{"damage":11,"enemies":"3 Darklings","floor":35,"turns":2},{"damage":5,"enemies":"3 Shapes","floor":37,"turns":2},{"damage":8,"enemies":"3 Darklings","floor":39,"turns":4},{"damage":36,"enemies":"Giant Head","floor":41,"turns":7},{"damage":6,"enemies":"Maw","floor":45,"turns":6},{"damage":0,"enemies":"Nemesis","floor":46,"turns":1},{"damage":94,"enemies":"Time Eater","floor":50,"turns":9}],"event_choices":[{"event_name":"Big Fish","player_choice":"Donut","floor":2,"damage_taken":0},{"event_name":"Mushrooms","player_choice":"Fought Mushrooms","floor":10,"damage_taken":0},{"event_name":"Dead Adventurer","player_choice":"Searched \u00271\u0027 times","floor":13,"damage_taken":0},{"event_name":"Addict","player_choice":"Obtained Relic","floor":20,"damage_taken":0},{"event_name":"Back to Basics","player_choice":"Elegance","floor":22,"damage_taken":0},{"event_name":"Knowing Skull","player_choice":"CARD CARD CARD ","floor":24,"damage_taken":0},{"event_name":"Winding Halls","player_choice":"Embrace Madness","floor":38,"damage_taken":0}],"boss_relics":[{"not_picked":["Sozu","Runic Dome"],"picked":"Pandora\u0027s Box"},{"not_picked":["Question Card","Orrery"],"picked":"Tiny House"}],"potions_floor_spawned":[3,6,10,14,16,19,27,28,37,41,46],"seed_played":"-7194749314940649885","killed_by":"Time Eater","ascension_level":0,"is_trial":false}