{"gold_per_floor":[116,63,63,9,84,84,116,116,170,18,43,59,81,95,95,168,168,185,185,197,197,472,387,412,80,104,139,185,197,235,257,269,281],"floor_reached":33,"playtime":900,"items_purged":[],"score":696,"play_id":"fcda0615-43ae-4312-b1da-5c5948b9064b","local_time":"20190206225035","is_ascension_mode":true,"campfire_choices":[{"data":"Bash","floor":6,"key":"SMITH"},{"data":"Pommel Strike","floor":15,"key":"SMITH"},{"floor":29,"key":"REST"},{"floor":32,"key":"REST"}],"neow_cost":"NONE","seed_source_timestamp":12806733279600,"circlet_count":0,"master_deck":["AscendersBane","Strike_R","Strike_R","Strike_R","Strike_R+1","Strike_R","Defend_R","Defend_R+1","Defend_R","Bash+1","Spot Weakness","Intimidate","Headbutt","Reaper","Twin Strike","Pommel Strike+1","Shrug It Off","Immolate","Perfected Strike","RitualDagger","Perfected Strike","Regret","Corruption+1","Shrug It Off+1","True Grit+1"],"relics":["Burning Blood","NeowsBlessing","PreservedInsect","Tiny Chest","Juzu Bracelet","Odd Mushroom","Sozu","Art of War","Frozen Egg 2","Toxic Egg 2","Ancient Tea Set","Smiling Mask","MawBank","Anchor"],"potions_floor_usage":[13,16,27],"damage_taken":[{"damage":0,"enemies":"Small Slimes","floor":1,"turns":1},{"damage":0,"enemies":"Gremlin Nob","floor":7,"turns":1},{"damage":0,"enemies":"3 Sentries","floor":11,"turns":1},{"damage":7,"enemies":"2 Louse","floor":12,"turns":2},{"damage":8,"enemies":"The Mushroom Lair","floor":13,"turns":3},{"damage":4,"enemies":"Jaw Worm","floor":14,"turns":2},{"damage":40,"enemies":"Hexaghost","floor":16,"turns":8},{"damage":25,"enemies":"Shell Parasite","floor":18,"turns":3},{"damage":17,"enemies":"2 Thieves","floor":20,"turns":3},{"damage":27,"enemies":"Gremlin Leader","floor":24,"turns":5},{"damage":11,"enemies":"Book of Stabbing","floor":27,"turns":3},{"damage":38,"enemies":"Slavers","floor":30,"turns":4},{"damage":21,"enemies":"Sentry and Sphere","floor":31,"turns":5},{"damage":32,"enemies":"Automaton","floor":33,"turns":6}],"seed_played":"-3121555799929110178","potions_obtained":[{"floor":1,"key":"Strength Potion"},{"floor":7,"key":"Fire Potion"},{"floor":13,"key":"SteroidPotion"}],"is_trial":false,"path_per_floor":["M","$","?","$","?","R","E","?","T","$","E","M","?","M","R","B",null,"M","?","M","?","?","?","E","$","T","E","T","R","E","M","R","B"],"character_chosen":"IRONCLAD","items_purchased":["PowerPotion","Headbutt","Reaper","Toxic Egg 2","Shrug It Off+1"],"campfire_rested":2,"item_purchase_floors":[2,4,10,25,25],"current_hp_per_floor":[74,74,74,74,63,63,69,46,46,46,55,54,66,68,68,34,65,46,40,29,29,29,29,23,23,23,18,18,40,20,9,31,0],"gold":281,"neow_bonus":"THREE_ENEMY_KILL","is_prod":false,"is_daily":false,"chose_seed":false,"campfire_upgraded":2,"win_rate":0,"timestamp":1549489835,"path_taken":["M","$","?","$","?","R","E","?","T","?","E","M","?","M","R","BOSS","M","?","M","?","?","?","E","$","T","E","?","R","E","M","R","BOSS"],"build_version":"2019-01-23","purchased_purges":0,"victory":false,"max_hp_per_floor":[75,75,75,75,75,75,75,75,75,75,75,75,75,75,75,75,75,75,75,75,75,75,75,75,75,75,75,75,75,75,75,75,75],"card_choices":[{"not_picked":["Fire Breathing","Body Slam"],"picked":"Spot Weakness","floor":1},{"not_picked":["Spot Weakness","Pummel","Twin Strike"],"picked":"SKIP","floor":7},{"not_picked":["Second Wind","Body Slam"],"picked":"Twin Strike","floor":11},{"not_picked":["Clash","Twin Strike"],"picked":"Pommel Strike","floor":12},{"not_picked":["Dropkick","Body Slam"],"picked":"Shrug It Off","floor":14},{"not_picked":["Feed","Demon Form"],"picked":"Immolate","floor":16},{"not_picked":["Wild Strike","Infernal Blade"],"picked":"Perfected Strike","floor":18},{"not_picked":["Warcry","Heavy Blade"],"picked":"Perfected Strike","floor":20},{"not_picked":["Evolve+1","Reckless Charge"],"picked":"Corruption","floor":24},{"not_picked":["Thunderclap","Reckless Charge+1","Entrench+1"],"picked":"SKIP","floor":27},{"not_picked":["Intimidate+1","Burning Pact+1","Second Wind+1"],"picked":"SKIP","floor":30},{"not_picked":["Thunderclap","Anger"],"picked":"True Grit+1","floor":31}],"player_experience":340129,"relics_obtained":[{"floor":7,"key":"PreservedInsect"},{"floor":9,"key":"Tiny Chest"},{"floor":11,"key":"Juzu Bracelet"},{"floor":13,"key":"Odd Mushroom"},{"floor":24,"key":"Frozen Egg 2"},{"floor":26,"key":"Ancient Tea Set"},{"floor":27,"key":"Smiling Mask"},{"floor":28,"key":"MawBank"},{"floor":30,"key":"Anchor"}],"event_choices":[{"damage_healed":0,"gold_gain":0,"cards_transformed":["Defend_R"],"player_choice":"Change","damage_taken":0,"max_hp_gain":0,"max_hp_loss":0,"event_name":"Living Wall","floor":3,"gold_loss":0,"cards_obtained":["Intimidate"]},{"damage_healed":0,"gold_gain":75,"player_choice":"Gather Gold","damage_taken":11,"max_hp_gain":0,"max_hp_loss":0,"event_name":"World of Goop","floor":5,"gold_loss":0},{"damage_healed":0,"gold_gain":0,"player_choice":"Entered Light","damage_taken":23,"max_hp_gain":0,"max_hp_loss":0,"event_name":"Shining Light","floor":8,"gold_loss":0,"cards_upgraded":["Strike_R","Defend_R"]},{"damage_healed":0,"gold_gain":0,"player_choice":"Fought Mushrooms","damage_taken":0,"max_hp_gain":0,"max_hp_loss":0,"event_name":"Mushrooms","floor":13,"gold_loss":0},{"damage_healed":0,"gold_gain":0,"player_choice":"Joined the Cult","damage_taken":6,"max_hp_gain":0,"max_hp_loss":0,"event_name":"Nest","floor":19,"gold_loss":0,"cards_obtained":["RitualDagger"]},{"damage_healed":0,"gold_gain":0,"player_choice":"Ignored","damage_taken":0,"max_hp_gain":0,"max_hp_loss":0,"event_name":"Ghosts","floor":21,"gold_loss":0},{"damage_healed":0,"gold_gain":275,"player_choice":"Desecrate","damage_taken":0,"max_hp_gain":0,"max_hp_loss":0,"event_name":"Golden Shrine","floor":22,"gold_loss":0,"cards_obtained":["Regret"]},{"damage_healed":0,"gold_gain":0,"player_choice":"Obtained Relic","damage_taken":0,"relics_obtained":["Art of War"],"max_hp_gain":0,"max_hp_loss":0,"event_name":"Addict","floor":23,"gold_loss":85}],"is_beta":false,"boss_relics":[{"not_picked":["Mark of Pain","Tiny House"],"picked":"Sozu"}],"items_purged_floors":[],"is_endless":false,"potions_floor_spawned":[1,7,13,27,30,31],"killed_by":"Automaton","ascension_level":19}