{"gold_per_floor":[115,26,26,46,65,101,101,137,217,217],"floor_reached":10,"playtime":255,"items_purged":[],"score":152,"play_id":"4d317fe1-ba9d-47ca-a796-0b50fc25ee89","local_time":"20190210194059","is_ascension_mode":true,"campfire_choices":[{"data":"Feed","floor":7,"key":"SMITH"}],"neow_cost":"NONE","seed_source_timestamp":347682376434500,"circlet_count":0,"master_deck":["AscendersBane","Strike_R","Strike_R","Strike_R","Strike_R","Strike_R","Defend_R","Defend_R","Defend_R","Defend_R","Bash","Armaments","Carnage","Headbutt","True Grit","Feed+1"],"relics":["Burning Blood","NeowsBlessing","Golden Idol","FossilizedHelix","Potion Belt","Kunai"],"potions_floor_usage":[6],"damage_taken":[{"damage":0,"enemies":"Jaw Worm","floor":1,"turns":1},{"damage":0,"enemies":"Small Slimes","floor":4,"turns":1},{"damage":0,"enemies":"Cultist","floor":5,"turns":1},{"damage":32,"enemies":"Gremlin Nob","floor":6,"turns":4},{"damage":35,"enemies":"3 Sentries","floor":8,"turns":10},{"damage":19,"enemies":"Gremlin Nob","floor":10,"turns":3}],"seed_played":"7204627127976778963","potions_obtained":[{"floor":4,"key":"BloodPotion"},{"floor":5,"key":"FearPotion"}],"is_trial":false,"path_per_floor":["M","$","?","M","M","E","R","E","T","E"],"character_chosen":"IRONCLAD","items_purchased":["Carnage"],"campfire_rested":0,"item_purchase_floors":[2],"current_hp_per_floor":[74,74,68,68,68,48,48,19,19,0],"gold":217,"neow_bonus":"THREE_ENEMY_KILL","is_prod":false,"is_daily":false,"chose_seed":false,"campfire_upgraded":1,"win_rate":0,"timestamp":1549824059,"path_taken":["M","$","?","M","M","E","R","E","T","E"],"build_version":"2019-01-23","purchased_purges":0,"victory":false,"max_hp_per_floor":[75,75,68,68,68,68,68,68,68,68],"card_choices":[{"not_picked":["Cleave","Pummel"],"picked":"Armaments","floor":1},{"not_picked":["Wild Strike","Clothesline"],"picked":"Headbutt","floor":4},{"not_picked":["Pummel","Sentinel"],"picked":"True Grit","floor":5},{"not_picked":["Flame Barrier","Uppercut"],"picked":"Feed","floor":6},{"not_picked":["Feel No Pain","Combust","Heavy Blade"],"picked":"SKIP","floor":8}],"player_experience":353690,"relics_obtained":[{"floor":6,"key":"FossilizedHelix"},{"floor":8,"key":"Potion Belt"},{"floor":9,"key":"Kunai"}],"event_choices":[{"damage_healed":0,"gold_gain":0,"player_choice":"Lose Max HP","damage_taken":0,"relics_obtained":["Golden Idol"],"max_hp_gain":0,"max_hp_loss":7,"event_name":"Golden Idol","floor":3,"gold_loss":0}],"is_beta":false,"boss_relics":[],"items_purged_floors":[],"is_endless":false,"potions_floor_spawned":[4,5],"killed_by":"Gremlin Nob","ascension_level":20}