{"gold_per_floor":[116,116,116,129,204,204,236,353,353,353,16,35,45,45,45,45],"floor_reached":16,"playtime":699,"items_purged":["Strike_G"],"score":100,"play_id":"e3bcf271-89a5-49c9-ac2f-7660c9d13329","local_time":"20190119234042","is_ascension_mode":false,"campfire_choices":[{"data":"Neutralize","floor":6,"key":"SMITH"},{"data":"Fluid Movement","floor":10,"key":"SMITH"},{"data":"Mayhem","floor":15,"key":"SMITH"}],"neow_cost":"NONE","seed_source_timestamp":646289465284062,"circlet_count":0,"master_deck":["Defend_G","Defend_G+1","Defend_G","Defend_G","Defend_G","Strike_G","Strike_G","Strike_G","Strike_G","Survivor+1","Neutralize+1","Accuracy","PiercingWail","Fluid Movement+1","Pot Of Greed","Pot Of Greed","Footwork","Mayhem+1","Footwork","Parasite"],"relics":["infinitespire:DarkRift","infinitespire:Cubic Diamond","War Paint","Grinning Jar"],"potions_floor_usage":[13,13,13],"damage_taken":[{"damage":18,"enemies":"Jaw Worm","floor":1,"turns":8},{"damage":0,"enemies":"2 Louse","floor":4,"turns":4},{"damage":33,"enemies":"Gremlin Nob","floor":7,"turns":5},{"damage":0,"enemies":"Small Slimes","floor":8,"turns":4},{"damage":9,"enemies":"Blue Slaver","floor":12,"turns":4},{"damage":0,"enemies":"Looter","floor":13,"turns":3},{"damage":28,"enemies":"Hexaghost","floor":16,"turns":16}],"seed_played":"5276673104437816662","potions_obtained":[{"floor":4,"key":"Fire Potion"},{"floor":8,"key":"Poison Potion"},{"floor":12,"key":"AttackPotion"}],"is_trial":false,"path_per_floor":["M","?","?","M","?","R","E","M","T","R","$","M","M","?","R","B"],"character_chosen":"THE_SILENT","items_purchased":["Footwork","Mayhem"],"campfire_rested":0,"item_purchase_floors":[11,11],"current_hp_per_floor":[59,59,59,59,48,48,15,15,15,15,15,6,6,25,25,0],"gold":45,"neow_bonus":"TEN_PERCENT_HP_BONUS","is_prod":false,"is_daily":false,"chose_seed":false,"campfire_upgraded":3,"win_rate":0,"timestamp":1547934042,"path_taken":["M","?","?","M","?","R","E","M","T","R","$","M","?","?","R","BOSS"],"build_version":"2019-01-17v2","purchased_purges":1,"victory":false,"max_hp_per_floor":[77,77,77,77,77,77,77,77,77,77,77,77,77,77,77,77],"card_choices":[{"not_picked":["Finisher","Reflex","Endless Agony"],"picked":"SKIP","floor":1},{"not_picked":["Deadly Poison","Hidden Blade"],"picked":"Accuracy","floor":4},{"not_picked":["hubris:TrickCloak","All Out Attack"],"picked":"PiercingWail","floor":7},{"not_picked":["hubris:SlightOfHand","Outmaneuver"],"picked":"Fluid Movement","floor":8},{"not_picked":["Fluid Movement","Flechettes"],"picked":"Footwork","floor":12},{"not_picked":["Heel Hook","Choke","Draining Mist"],"picked":"SKIP","floor":13}],"player_experience":131302,"relics_obtained":[{"floor":7,"key":"War Paint"},{"floor":9,"key":"Grinning Jar"}],"event_choices":[{"damage_healed":0,"gold_gain":0,"player_choice":"Ignored","damage_taken":0,"max_hp_gain":0,"max_hp_loss":0,"event_name":"Liars Game","floor":2,"gold_loss":0},{"damage_healed":0,"gold_gain":75,"player_choice":"Gather Gold","damage_taken":11,"max_hp_gain":0,"max_hp_loss":0,"event_name":"World of Goop","floor":5,"gold_loss":0},{"damage_healed":19,"gold_gain":0,"player_choice":"Healed and dodged fight","damage_taken":0,"max_hp_gain":0,"max_hp_loss":0,"event_name":"Mushrooms","floor":14,"gold_loss":0,"cards_obtained":["Parasite"]}],"is_beta":false,"boss_relics":[],"items_purged_floors":[11],"is_endless":false,"potions_floor_spawned":[4,8,12],"killed_by":"Hexaghost","ascension_level":0}