{"gold_per_floor":[113,113,127,145,145,173,173,192,192,205,205,45,62,62,62,141,141,161,173,223,242,242],"floor_reached":22,"playtime":978,"items_purged":[],"score":348,"play_id":"551035b8-307c-412a-8625-9aa19afe95a8","local_time":"20190215201448","is_ascension_mode":true,"campfire_choices":[{"floor":7,"key":"REST"},{"floor":11,"key":"REST"},{"data":"Zap","floor":15,"key":"SMITH"}],"neow_cost":"NONE","seed_source_timestamp":2547590935378337,"circlet_count":0,"master_deck":["AscendersBane","Strike_B","Strike_B","Strike_B","Defend_B","Defend_B","Defend_B","Defend_B","Zap+1","Dualcast","Scrape","Go for the Eyes","Conserve Battery","Auto Shields","Gash","FTL","Self Repair","Cold Snap","Reboot","Gash","Gash","Chill","Self Repair","Coolheaded","Genetic Algorithm","Redo"],"relics":["Cracked Core","GremlinMask","Bag of Marbles","Nunchaku","Pantograph","Strawberry","Orrery"],"potions_floor_usage":[16,16],"damage_taken":[{"damage":0,"enemies":"2 Louse","floor":1,"turns":2},{"damage":0,"enemies":"Cultist","floor":3,"turns":3},{"damage":2,"enemies":"Jaw Worm","floor":4,"turns":5},{"damage":40,"enemies":"3 Sentries","floor":6,"turns":11},{"damage":15,"enemies":"Exordium Thugs","floor":8,"turns":4},{"damage":2,"enemies":"Large Slime","floor":10,"turns":4},{"damage":6,"enemies":"Looter","floor":13,"turns":4},{"damage":3,"enemies":"Hexaghost","floor":16,"turns":10},{"damage":32,"enemies":"Shell Parasite","floor":18,"turns":7},{"damage":21,"enemies":"Spheric Guardian","floor":19,"turns":4},{"damage":31,"enemies":"Snake Plant","floor":21,"turns":5},{"damage":23,"enemies":"Shelled Parasite and Fungi","floor":22,"turns":2}],"seed_played":"4752889625459299352","potions_obtained":[{"floor":1,"key":"Strength Potion"},{"floor":3,"key":"Regen Potion"},{"floor":8,"key":"GamblersBrew"},{"floor":10,"key":"FocusPotion"}],"is_trial":false,"path_per_floor":["M","?","M","M","?","E","R","M","T","M","R","$","M","?","R","B",null,"M","M","?","M","M"],"character_chosen":"DEFECT","items_purchased":["FTL","Self Repair"],"campfire_rested":2,"item_purchase_floors":[12,12],"current_hp_per_floor":[64,64,64,62,62,22,43,28,28,26,47,47,48,37,37,66,75,57,43,43,19,0],"gold":242,"neow_bonus":"TRANSFORM_CARD","is_prod":false,"is_daily":false,"chose_seed":false,"campfire_upgraded":1,"win_rate":0,"timestamp":1550229288,"path_taken":["M","?","?","M","?","E","R","M","T","M","R","?","M","?","R","BOSS","M","M","?","M","?"],"build_version":"2019-01-23","purchased_purges":0,"victory":false,"max_hp_per_floor":[71,71,71,71,71,71,71,71,71,71,71,71,71,78,78,78,78,78,78,78,78,78],"card_choices":[{"not_picked":["Barrage","Hologram"],"picked":"Go for the Eyes","floor":1},{"not_picked":["Coolheaded","Rip and Tear"],"picked":"Conserve Battery","floor":3},{"not_picked":["Stack","Redo"],"picked":"Auto Shields","floor":4},{"not_picked":["FTL","Loop"],"picked":"Gash","floor":6},{"not_picked":["Turbo","Beam Cell","Skim"],"picked":"SKIP","floor":8},{"not_picked":["Streamline","Force Field","Stack"],"picked":"SKIP","floor":10},{"not_picked":["Steam Power","Stack"],"picked":"Cold Snap","floor":13},{"not_picked":["Hyperbeam","Meteor Strike"],"picked":"Reboot","floor":16},{"not_picked":["Recycle","Go for the Eyes"],"picked":"Gash","floor":17},{"not_picked":["Turbo","Static Discharge"],"picked":"Gash","floor":17},{"not_picked":["Conserve Battery","Steam"],"picked":"Chill","floor":17},{"not_picked":["Turbo","Rebound"],"picked":"Self Repair","floor":17},{"not_picked":["Steam Power+1","Stack"],"picked":"Coolheaded","floor":18},{"not_picked":["Tempest+1","Biased Cognition"],"picked":"Genetic Algorithm","floor":19},{"not_picked":["Rebound","Sunder"],"picked":"Redo","floor":21}],"player_experience":623221,"relics_obtained":[{"floor":6,"key":"Nunchaku"},{"floor":9,"key":"Pantograph"}],"event_choices":[{"damage_healed":0,"gold_gain":0,"player_choice":"Trade","damage_taken":0,"relics_obtained":["GremlinMask"],"max_hp_gain":0,"max_hp_loss":0,"event_name":"FaceTrader","floor":2,"gold_loss":0},{"damage_healed":0,"gold_gain":0,"player_choice":"Gave Potion","damage_taken":0,"relics_obtained":["Bag of Marbles"],"max_hp_gain":0,"max_hp_loss":0,"event_name":"WeMeetAgain","floor":5,"gold_loss":0},{"damage_healed":0,"gold_gain":0,"player_choice":"Success","damage_taken":18,"relics_obtained":["Strawberry"],"max_hp_gain":0,"max_hp_loss":0,"event_name":"Scrap Ooze","floor":14,"gold_loss":0},{"damage_healed":0,"gold_gain":100,"player_choice":"Bet on Murderer","damage_taken":0,"max_hp_gain":0,"max_hp_loss":0,"event_name":"The Joust","floor":20,"gold_loss":50}],"is_beta":false,"boss_relics":[{"not_picked":["White Beast Statue","Fusion Hammer"],"picked":"Orrery"}],"items_purged_floors":[],"is_endless":false,"potions_floor_spawned":[1,3,8,10,13],"killed_by":"Shelled Parasite and Fungi","ascension_level":17}