{"gold_per_floor":[112,128,128,128,303,335,335,351,428,428,428,378,403,36,36,136,136,150,100,100,21,33,60,60,60,60,88,104,104,131,131],"floor_reached":31,"playtime":1399,"items_purged":["Strike_G"],"score":352,"play_id":"141db04c-2a1f-43ce-9ec1-a8b87426ec39","local_time":"20181223002818","is_ascension_mode":true,"campfire_choices":[{"floor":10,"key":"REST"},{"floor":15,"key":"REST"},{"floor":24,"key":"REST"}],"neow_cost":"NONE","seed_source_timestamp":35119503293704,"circlet_count":0,"master_deck":["Defend_G","Defend_G","Defend_G","Defend_G","Defend_G","Survivor","Neutralize","Deadly Poison+1","Deadly Poison","Blur","Infinite Blades+1","Escape Plan","Blade Dance","Noxious Fumes","Tools of the Trade","Infinite Blades","Leg Sweep","Footwork","Noxious Fumes","PiercingWail","Deadly Poison+1","Noxious Fumes","Deadly Poison+1"],"relics":["Ring of the Snake","PreservedInsect","Smiling Mask","Happy Flower","Ornamental Fan","Nunchaku","The Specimen","Philosopher\u0027s Stone","Regal Pillow","Torii","Question Card","Darkstone Periapt"],"potions_floor_usage":[16,22,23,27],"damage_taken":[{"damage":3,"enemies":"Jaw Worm","floor":1,"turns":4},{"damage":6,"enemies":"2 Louse","floor":2,"turns":2},{"damage":28,"enemies":"Gremlin Nob","floor":6,"turns":5},{"damage":3,"enemies":"Small Slimes","floor":8,"turns":5},{"damage":3,"enemies":"Lagavulin","floor":13,"turns":6},{"damage":18,"enemies":"Slime Boss","floor":16,"turns":7},{"damage":8,"enemies":"Shell Parasite","floor":18,"turns":6},{"damage":18,"enemies":"3 Byrds","floor":22,"turns":5},{"damage":17,"enemies":"Slavers","floor":23,"turns":5},{"damage":15,"enemies":"Gremlin Leader","floor":27,"turns":7},{"damage":1,"enemies":"Centurion and Healer","floor":28,"turns":9},{"damage":43,"enemies":"Slavers","floor":30,"turns":5},{"damage":6,"enemies":"Shelled Parasite and Fungi","floor":31,"turns":2}],"seed_played":"8823778294400117562","potions_obtained":[{"floor":1,"key":"GhostInAJar"},{"floor":8,"key":"SkillPotion"},{"floor":18,"key":"Energy Potion"},{"floor":23,"key":"AttackPotion"},{"floor":30,"key":"Explosive Potion"}],"is_trial":false,"path_per_floor":["M","M","?","?","?","E","?","M","T","R","?","?","E","$","R","B",null,"M","$","?","$","M","E","R","?","T","E","M","?","E","M"],"character_chosen":"THE_SILENT","items_purchased":["The Specimen","Noxious Fumes","Footwork"],"campfire_rested":3,"item_purchase_floors":[14,14,21],"current_hp_per_floor":[67,61,58,58,58,30,16,13,13,34,27,27,24,24,45,27,70,62,62,62,62,44,27,63,63,63,48,47,47,4,0],"gold":131,"neow_bonus":"RANDOM_COMMON_RELIC","is_prod":false,"is_daily":false,"chose_seed":false,"campfire_upgraded":0,"win_rate":0,"timestamp":1545517698,"path_taken":["M","M","?","?","?","E","?","M","T","R","?","?","E","$","R","BOSS","M","$","?","$","?","E","R","?","T","E","M","?","E","M"],"build_version":"2018-12-20","purchased_purges":1,"victory":false,"max_hp_per_floor":[70,70,70,70,70,70,70,70,70,70,70,70,70,70,70,70,70,70,70,70,70,70,70,70,70,70,70,70,70,70,70],"card_choices":[{"not_picked":["Predator","Dagger Spray"],"picked":"Deadly Poison","floor":1},{"not_picked":["Dodge and Roll","Dagger Spray"],"picked":"Deadly Poison","floor":2},{"not_picked":["All Out Attack","Deflect"],"picked":"Infinite Blades","floor":6},{"not_picked":["Leg Sweep","Poisoned Stab"],"picked":"Escape Plan","floor":8},{"not_picked":["All Out Attack","Dodge and Roll"],"picked":"Blade Dance","floor":13},{"not_picked":["Die Die Die","Wraith Form v2"],"picked":"Tools of the Trade","floor":16},{"not_picked":["Sucker Punch","Deflect"],"picked":"Infinite Blades","floor":18},{"not_picked":["Prepared","Accuracy"],"picked":"Noxious Fumes","floor":22},{"not_picked":["Eviscerate+1","Quick Slash","Prepared"],"picked":"SKIP","floor":23},{"not_picked":["Quick Slash","Dagger Throw"],"picked":"PiercingWail","floor":27},{"not_picked":["Flechettes+1","Terror","Prepared"],"picked":"Deadly Poison+1","floor":28},{"not_picked":["Flying Knee","Bouncing Flask","Deflect"],"picked":"Deadly Poison+1","floor":30}],"player_experience":60344,"relics_obtained":[{"floor":6,"key":"Happy Flower"},{"floor":9,"key":"Ornamental Fan"},{"floor":13,"key":"Nunchaku"},{"floor":23,"key":"Regal Pillow"},{"floor":26,"key":"Torii"},{"floor":27,"key":"Question Card"},{"floor":30,"key":"Darkstone Periapt"}],"event_choices":[{"damage_healed":0,"gold_gain":0,"player_choice":"Success","damage_taken":3,"relics_obtained":["Smiling Mask"],"max_hp_gain":0,"max_hp_loss":0,"event_name":"Scrap Ooze","floor":3,"gold_loss":0},{"damage_healed":0,"gold_gain":0,"cards_transformed":["Strike_G"],"player_choice":"Change","damage_taken":0,"max_hp_gain":0,"max_hp_loss":0,"event_name":"Living Wall","floor":4,"gold_loss":0,"cards_obtained":["Blur"]},{"damage_healed":0,"gold_gain":175,"player_choice":"AGREE","damage_taken":0,"max_hp_gain":0,"max_hp_loss":0,"event_name":"Liars Game","floor":5,"gold_loss":0,"cards_obtained":["Doubt"]},{"damage_healed":0,"gold_gain":0,"player_choice":"Entered Light","damage_taken":14,"max_hp_gain":0,"max_hp_loss":0,"event_name":"Shining Light","floor":7,"gold_loss":0,"cards_upgraded":["Infinite Blades","Deadly Poison"]},{"cards_removed":["Doubt"],"damage_healed":0,"gold_gain":0,"player_choice":"Card Removal","damage_taken":7,"max_hp_gain":0,"max_hp_loss":0,"event_name":"Golden Wing","floor":11,"gold_loss":0},{"cards_removed":["Strike_G"],"damage_healed":0,"gold_gain":0,"player_choice":"Card Removal","damage_taken":0,"max_hp_gain":0,"max_hp_loss":0,"event_name":"The Cleric","floor":12,"gold_loss":50},{"damage_healed":0,"gold_gain":0,"cards_transformed":["Strike_G"],"player_choice":"Transformed","damage_taken":0,"max_hp_gain":0,"max_hp_loss":0,"event_name":"Transmorgrifier","floor":20,"gold_loss":0,"cards_obtained":["Leg Sweep"]},{"cards_removed":["Strike_G"],"damage_healed":0,"gold_gain":0,"player_choice":"Elegance","damage_taken":0,"max_hp_gain":0,"max_hp_loss":0,"event_name":"Back to Basics","floor":25,"gold_loss":0},{"damage_healed":0,"gold_gain":0,"player_choice":"Read","damage_taken":0,"max_hp_gain":0,"max_hp_loss":0,"event_name":"The Library","floor":29,"gold_loss":0,"cards_obtained":["Noxious Fumes"]}],"is_beta":false,"boss_relics":[{"not_picked":["Velvet Choker","Cursed Key"],"picked":"Philosopher\u0027s Stone"}],"items_purged_floors":[19],"is_endless":false,"potions_floor_spawned":[1,8,18,23,30],"killed_by":"Shelled Parasite and Fungi","ascension_level":2}