{"gold_per_floor":[114,114,132,146,162,162,189,203,203,222,252,16,16,28,28,28],"floor_reached":16,"playtime":857,"items_purged":["Strike_B"],"score":114,"play_id":"e72d5ea4-129c-406d-89fa-7721c1bc5ba3","local_time":"20190115234626","is_ascension_mode":false,"campfire_choices":[{"data":"Storm","floor":6,"key":"SMITH"},{"floor":13,"key":"REST"},{"data":"Hello World","floor":15,"key":"SMITH"}],"neow_cost":"NONE","seed_source_timestamp":28436677319200,"circlet_count":0,"master_deck":["Strike_B","Strike_B","Strike_B","Defend_B","Defend_B","Defend_B","Defend_B","Zap","Dualcast","Finesse","Rebound","White Noise","Storm+1","Multi-Cast","Hello World+1","Discovery","Loop","Fusion"],"relics":["Cracked Core","Du-Vu Doll","Symbiotic Virus","Vajra"],"potions_floor_usage":[3,5,10,11,11,16,16],"damage_taken":[{"damage":0,"enemies":"Cultist","floor":1,"turns":3},{"damage":5,"enemies":"Small Slimes","floor":3,"turns":3},{"damage":6,"enemies":"2 Louse","floor":4,"turns":2},{"damage":10,"enemies":"Red Slaver","floor":5,"turns":4},{"damage":32,"enemies":"Lagavulin","floor":7,"turns":7},{"damage":5,"enemies":"Looter","floor":8,"turns":4},{"damage":9,"enemies":"Exordium Thugs","floor":10,"turns":4},{"damage":11,"enemies":"3 Sentries","floor":11,"turns":6},{"damage":14,"enemies":"Large Slime","floor":14,"turns":3},{"damage":25,"enemies":"The Guardian","floor":16,"turns":4}],"seed_played":"8182315974462780993","potions_obtained":[{"floor":2,"key":"Fruit Juice"},{"floor":2,"key":"SneckoOil"},{"floor":2,"key":"SpeedPotion"},{"floor":3,"key":"FocusPotion"},{"floor":8,"key":"Regen Potion"},{"floor":10,"key":"Dexterity Potion"},{"floor":11,"key":"FocusPotion"}],"is_trial":false,"path_per_floor":["M","?","M","M","M","R","E","M","T","M","E","$","R","M","R","B"],"character_chosen":"DEFECT","items_purchased":["Discovery","Loop"],"campfire_rested":1,"item_purchase_floors":[12,12],"current_hp_per_floor":[75,75,75,69,59,59,27,22,22,25,14,14,38,24,24,0],"gold":28,"neow_bonus":"RANDOM_COLORLESS","is_prod":false,"is_daily":false,"chose_seed":false,"campfire_upgraded":2,"win_rate":0,"timestamp":1547592386,"path_taken":["M","?","M","M","M","R","E","M","T","M","E","?","R","M","R","BOSS"],"build_version":"2019-01-10","purchased_purges":1,"victory":false,"max_hp_per_floor":[75,75,80,80,80,80,80,80,80,80,80,80,80,80,80,80],"card_choices":[{"not_picked":["Chaos","Barrage"],"picked":"Rebound","floor":1},{"not_picked":["Self Repair","Loop"],"picked":"White Noise","floor":3},{"not_picked":["Beam Cell","Stack"],"picked":"Storm","floor":4},{"not_picked":["Steam","Sweeping Beam","Go for the Eyes"],"picked":"SKIP","floor":5},{"not_picked":["Hologram","Sweeping Beam","Steam"],"picked":"SKIP","floor":7},{"not_picked":["Auto Shields","Genetic Algorithm"],"picked":"Multi-Cast","floor":8},{"not_picked":["Leap","Sweeping Beam"],"picked":"Hello World","floor":10},{"not_picked":["Turbo","Undo","Barrage"],"picked":"SKIP","floor":11},{"not_picked":["Turbo","Go for the Eyes"],"picked":"Fusion","floor":14}],"player_experience":244409,"relics_obtained":[{"floor":7,"key":"Du-Vu Doll"},{"floor":9,"key":"Symbiotic Virus"},{"floor":11,"key":"Vajra"}],"event_choices":[{"damage_healed":0,"gold_gain":0,"player_choice":"Got Potions","damage_taken":0,"max_hp_gain":0,"max_hp_loss":0,"event_name":"Lab","floor":2,"gold_loss":0}],"is_beta":false,"boss_relics":[],"items_purged_floors":[12],"is_endless":false,"potions_floor_spawned":[3,4,8,10,11],"killed_by":"The Guardian","ascension_level":0}