{"path_per_floor":["M","?","?","M","?","R","M","R","T","?","M","$","M","M","R"],"character_chosen":"IRONCLAD","items_purchased":[],"gold_per_floor":[113,113,63,75,75,75,93,93,93,93,107,32,53,78,78,78],"floor_reached":16,"campfire_rested":1,"playtime":444,"current_hp_per_floor":[69,62,62,65,79,79,81,81,81,81,78,78,74,16,42,27],"items_purged":["Normality"],"gold":78,"score":138,"play_id":"01893cf3-2865-413d-b4f7-9cacbccbbbb3","local_time":"20180520193921","is_prod":false,"is_daily":false,"chose_seed":false,"is_ascension_mode":true,"campfire_upgraded":2,"timestamp":1526837961,"campfire_choices":[{"data":"Defend_R","floor":6,"key":"SMITH"},{"data":"Defend_R","floor":8,"key":"SMITH"},{"floor":15,"key":"REST"}],"path_taken":["M","?","?","?","?","R","M","R","T","?","M","?","M","M","R","BOSS"],"build_version":"2018-05-17","seed_source_timestamp":80546267449149,"purchased_purges":1,"victory":false,"master_deck":["Strike_R","Strike_R","Strike_R","Strike_R","Defend_R","Defend_R","Defend_R+1","Defend_R+1","Bash","AscendersBane","Dark Embrace"],"max_hp_per_floor":[80,80,80,80,94,94,94,94,94,87,87,87,87,87,87,87],"relics":["Burning Blood","Calipers","Mango","Mummified Hand","Golden Idol"],"card_choices":[{"not_picked":["Havoc","Heavy Blade","Sword Boomerang"],"picked":"SKIP","floor":1},{"not_picked":["Flex","Uppercut","Evolve"],"picked":"SKIP","floor":4},{"not_picked":["Havoc","True Grit","Headbutt"],"picked":"SKIP","floor":7},{"not_picked":["Twin Strike","Searing Blow","Hemokinesis"],"picked":"SKIP","floor":11},{"not_picked":["Pommel Strike","Warcry"],"picked":"Dark Embrace","floor":13},{"not_picked":["Sentinel","Havoc","Bloodletting"],"picked":"SKIP","floor":14}],"player_experience":137135,"potions_floor_usage":[14],"damage_taken":[{"damage":9,"enemies":"Cultist","floor":1,"turns":5},{"damage":3,"enemies":"Small Slimes","floor":4,"turns":4},{"damage":4,"enemies":"Jaw Worm","floor":7,"turns":6},{"damage":9,"enemies":"Looter","floor":11,"turns":4},{"damage":10,"enemies":"Blue Slaver","floor":13,"turns":4},{"damage":72,"enemies":"Exordium Thugs","floor":14,"turns":9},{"damage":15,"enemies":"The Guardian","floor":16,"turns":5}],"relics_obtained":[{"floor":9,"key":"Mummified Hand"}],"event_choices":[{"event_name":"Scrap Ooze","player_choice":"success","floor":2,"damage_taken":7},{"event_name":"The Cleric","player_choice":"Card Removal","floor":3,"damage_taken":0},{"event_name":"Accursed Blacksmith","player_choice":"Rummage","floor":5,"damage_taken":0},{"event_name":"Golden Idol","player_choice":"Lose Max HP","floor":10,"damage_taken":0}],"boss_relics":[],"potions_floor_spawned":[13],"seed_played":"-1083500882157020052","killed_by":"The Guardian","ascension_level":10,"potions_obtained":[{"floor":13,"key":"BloodPotion"}],"is_trial":false}