{"path_per_floor":["M","?","M","?","M","E","R","?","T","R","$","R","E","M","R"],"character_chosen":"IRONCLAD","items_purchased":["Deep Breath"],"gold_per_floor":[119,119,136,211,222,257,257,207,207,207,38,38,73,85,85,85],"floor_reached":16,"campfire_rested":2,"playtime":340,"current_hp_per_floor":[78,78,80,69,75,61,61,61,61,80,80,80,10,7,31,31],"items_purged":["Defend_R"],"gold":85,"score":140,"play_id":"64481069-8754-4f7b-9021-d02a95be122b","local_time":"20180519124827","is_prod":false,"is_daily":false,"chose_seed":false,"is_ascension_mode":true,"campfire_upgraded":2,"timestamp":1526726907,"campfire_choices":[{"data":"Warcry","floor":7,"key":"SMITH"},{"floor":10,"key":"REST"},{"data":"Deep Breath","floor":12,"key":"SMITH"},{"floor":15,"key":"REST"}],"path_taken":["M","?","?","?","M","E","R","?","T","R","$","R","E","M","R","BOSS"],"build_version":"2018-05-17","seed_source_timestamp":473239892043718,"purchased_purges":1,"victory":false,"master_deck":["Strike_R","Strike_R","Strike_R","Strike_R","Strike_R","Defend_R","Defend_R","Defend_R","Warcry+1","Deep Breath+1"],"max_hp_per_floor":[80,80,80,80,80,80,80,80,80,80,80,80,80,80,80,80],"relics":["Burning Blood","NeowsBlessing","Bag of Marbles","Frozen Egg 2","Charon\u0027s Ashes"],"card_choices":[{"not_picked":["Burning Pact","Body Slam","Headbutt"],"picked":"SKIP","floor":1},{"not_picked":["Dropkick","Wild Strike"],"picked":"Warcry","floor":3},{"not_picked":["Anger","Body Slam","Evolve"],"picked":"SKIP","floor":5},{"not_picked":["Heavy Blade","Limit Break","Body Slam"],"picked":"SKIP","floor":6},{"not_picked":["Second Wind","Iron Wave","Clothesline"],"picked":"SKIP","floor":13},{"not_picked":["True Grit","Havoc","Wild Strike"],"picked":"SKIP","floor":14}],"player_experience":102618,"potions_floor_usage":[6,14],"damage_taken":[{"damage":0,"enemies":"Jaw Worm","floor":1,"turns":1},{"damage":0,"enemies":"Cultist","floor":3,"turns":1},{"damage":0,"enemies":"Small Slimes","floor":5,"turns":1},{"damage":20,"enemies":"Gremlin Nob","floor":6,"turns":4},{"damage":76,"enemies":"Lagavulin","floor":13,"turns":9},{"damage":9,"enemies":"Exordium Wildlife","floor":14,"turns":4},{"damage":0,"enemies":"Hexaghost","floor":16,"turns":1}],"relics_obtained":[{"floor":6,"key":"Bag of Marbles"},{"floor":9,"key":"Frozen Egg 2"},{"floor":13,"key":"Charon\u0027s Ashes"}],"event_choices":[{"event_name":"Liars Game","player_choice":"disagreed","floor":2,"damage_taken":0},{"event_name":"World of Goop","player_choice":"Gather Gold","floor":4,"damage_taken":0},{"event_name":"The Cleric","player_choice":"Card Removal","floor":8,"damage_taken":0}],"boss_relics":[],"potions_floor_spawned":[1,6,13],"seed_played":"-5896460186908950563","killed_by":"Hexaghost","ascension_level":6,"potions_obtained":[{"floor":1,"key":"Block Potion"},{"floor":6,"key":"FairyPotion"},{"floor":13,"key":"PowerPotion"}],"is_trial":false}