{"gold_per_floor":[118,130,30,105,121,121,149,166,219,288,288,66,77,91,91,91],"floor_reached":16,"playtime":3618,"items_purged":["Strike_R","Strike_R"],"score":102,"play_id":"a93938f3-2ab7-43e3-b830-06959776cddb","local_time":"20190220004017","is_ascension_mode":false,"campfire_choices":[{"data":"True Grit","floor":6,"key":"SMITH"},{"floor":11,"key":"REST"},{"floor":15,"key":"REST"}],"neow_cost":"NONE","seed_source_timestamp":288830139022587,"circlet_count":0,"master_deck":["Strike_R","Strike_R","Strike_R","Defend_R","Defend_R","Defend_R","Defend_R","Bash","Shockwave","True Grit+1","Second Wind","Flex","Whirlwind","Heavy Blade","Armaments","Ghostly Armor","Headbutt"],"special_seed":0,"relics":["Burning Blood","Bottled Lightning","Oddly Smooth Stone"],"potions_floor_usage":[7,16],"damage_taken":[{"damage":0.0,"enemies":"2 Louse","floor":1.0,"turns":3.0},{"damage":3.0,"enemies":"Jaw Worm","floor":2.0,"turns":4.0},{"damage":5.0,"enemies":"Small Slimes","floor":5.0,"turns":4.0},{"damage":46,"enemies":"Lagavulin","floor":7,"turns":10},{"damage":24,"enemies":"Exordium Thugs","floor":8,"turns":7},{"damage":0,"enemies":"3 Louse","floor":13,"turns":1},{"damage":17,"enemies":"Large Slime","floor":14,"turns":11},{"damage":63,"enemies":"Hexaghost","floor":16,"turns":14}],"seed_played":"8093577647899341028","potions_obtained":[{"floor":5,"key":"Ancient Potion"},{"floor":8,"key":"Weak Potion"},{"floor":14,"key":"SmokeBomb"}],"is_trial":false,"path_per_floor":["M","M","$","?","M","R","E","M","T","?","R","$","M","M","R","B"],"character_chosen":"IRONCLAD","items_purchased":["Flex","Armaments","Ghostly Armor"],"campfire_rested":2,"item_purchase_floors":[3,12,12],"current_hp_per_floor":[80,80,80,69,70,70,30,12,12,12,36,36,42,31,55,0],"gold":91,"neow_bonus":"THREE_CARDS","is_prod":false,"is_daily":false,"chose_seed":false,"campfire_upgraded":1,"win_rate":0,"timestamp":1550590817,"path_taken":["M","M","$","?","M","R","E","M","T","?","R","$","M","M","R","BOSS"],"build_version":"2019-01-23","purchased_purges":2,"victory":false,"max_hp_per_floor":[80,80,80,80,80,80,80,80,80,80,80,80,80,80,80,80],"card_choices":[{"not_picked":["True Grit","Anger"],"picked":"Shockwave","floor":0.0},{"not_picked":["Iron Wave","Pommel Strike"],"picked":"True Grit","floor":1.0},{"not_picked":["Body Slam","Thunderclap"],"picked":"Second Wind","floor":2.0},{"not_picked":["Shockwave","Entrench","Warcry"],"picked":"SKIP","floor":5},{"not_picked":["Spot Weakness","Inflame"],"picked":"Whirlwind","floor":7},{"not_picked":["Havoc","True Grit"],"picked":"Heavy Blade","floor":8},{"not_picked":["Berserk","Perfected Strike","Clothesline"],"picked":"SKIP","floor":13},{"not_picked":["True Grit","Hemokinesis"],"picked":"Headbutt","floor":14}],"player_experience":271496,"relics_obtained":[{"floor":7,"key":"Bottled Lightning"},{"floor":9,"key":"Oddly Smooth Stone"}],"event_choices":[{"damage_healed":0.0,"max_hp_gain":0.0,"max_hp_loss":0.0,"gold_gain":75.0,"event_name":"World of Goop","player_choice":"Gather Gold","floor":4.0,"gold_loss":0.0,"damage_taken":11.0},{"damage_healed":0,"gold_gain":69,"player_choice":"Gained Gold","damage_taken":0,"max_hp_gain":0,"max_hp_loss":0,"event_name":"Golden Wing","floor":10,"gold_loss":0}],"is_beta":false,"boss_relics":[],"items_purged_floors":[3,12],"is_endless":false,"potions_floor_spawned":[5,8,14],"killed_by":"Hexaghost","ascension_level":0}