{"gold_per_floor":[366,381,153,153,153,153,170,92,92,242,254,265,109,109],"floor_reached":14,"playtime":315,"items_purged":["Clumsy","Doubt"],"score":152,"play_id":"55b02055-c7d5-48c9-b9fd-b30cecb662c2","local_time":"20190202215706","is_ascension_mode":true,"campfire_choices":[{"data":"Bash","floor":6,"key":"SMITH"}],"neow_cost":"CURSE","seed_source_timestamp":447577939020500,"circlet_count":0,"master_deck":["AscendersBane","Strike_R","Strike_R","Strike_R","Strike_R","Strike_R","Defend_R","Defend_R","Defend_R","Defend_R","Bash+1","Whirlwind"],"relics":["Burning Blood","Membership Card","Red Skull","Orichalcum","Strange Spoon"],"potions_floor_usage":[12,14,14],"damage_taken":[{"damage":15,"enemies":"Small Slimes","floor":1,"turns":5},{"damage":11,"enemies":"Jaw Worm","floor":2,"turns":5},{"damage":5,"enemies":"2 Louse","floor":7,"turns":4},{"damage":18,"enemies":"Exordium Thugs","floor":11,"turns":3},{"damage":16,"enemies":"Gremlin Gang","floor":12,"turns":3},{"damage":13,"enemies":"Lagavulin","floor":14,"turns":4}],"seed_played":"-3986834926917272499","potions_obtained":[{"floor":1,"key":"Dexterity Potion"},{"floor":2,"key":"SteroidPotion"},{"floor":12,"key":"SneckoOil"}],"is_trial":false,"path_per_floor":["M","M","$","?","?","R","M","$","T","?","M","M","$","E"],"character_chosen":"IRONCLAD","items_purchased":["Membership Card","Whirlwind","Strange Spoon"],"campfire_rested":0,"item_purchase_floors":[3,8,13],"current_hp_per_floor":[59,54,54,28,28,28,29,29,29,29,17,7,7,0],"gold":109,"neow_bonus":"TWO_FIFTY_GOLD","is_prod":false,"is_daily":false,"chose_seed":false,"campfire_upgraded":1,"win_rate":0,"timestamp":1549141026,"path_taken":["M","M","$","?","?","R","M","$","T","?","M","?","$","E"],"build_version":"2019-01-23","purchased_purges":2,"victory":false,"max_hp_per_floor":[75,75,75,75,75,75,75,75,75,75,75,75,75,75],"card_choices":[{"not_picked":["True Grit","Entrench","Burning Pact"],"picked":"SKIP","floor":1},{"not_picked":["Sword Boomerang","Twin Strike","Havoc"],"picked":"SKIP","floor":2},{"not_picked":["Anger","Perfected Strike","Rage"],"picked":"SKIP","floor":7},{"not_picked":["Flex","Dropkick","Dual Wield"],"picked":"SKIP","floor":11},{"not_picked":["Twin Strike","Clash","Headbutt"],"picked":"SKIP","floor":12}],"player_experience":315726,"relics_obtained":[{"floor":9,"key":"Orichalcum"}],"event_choices":[{"damage_healed":0,"gold_gain":0,"player_choice":"Success","damage_taken":26,"relics_obtained":["Red Skull"],"max_hp_gain":0,"max_hp_loss":0,"event_name":"Scrap Ooze","floor":4,"gold_loss":0},{"damage_healed":0,"gold_gain":0,"player_choice":"Leave","damage_taken":0,"max_hp_gain":0,"max_hp_loss":0,"event_name":"The Cleric","floor":5,"gold_loss":0},{"damage_healed":0,"gold_gain":150,"player_choice":"AGREE","damage_taken":0,"max_hp_gain":0,"max_hp_loss":0,"event_name":"Liars Game","floor":10,"gold_loss":0,"cards_obtained":["Doubt"]}],"is_beta":false,"boss_relics":[],"items_purged_floors":[8,13],"is_endless":false,"potions_floor_spawned":[1,2,12],"killed_by":"Lagavulin","ascension_level":18}