{"gold_per_floor":[117,192,192,202,220,220,253,268,293,293,308,308,344,363,363,486,486,426,198,198,198,198,198,198,198,198,198,198,198,54,54,54,54],"floor_reached":33,"playtime":1431,"items_purged":["Strike_R"],"score":613,"play_id":"775aab17-2491-4e2e-b78e-e5d458adab73","local_time":"20190206235507","is_ascension_mode":true,"campfire_choices":[{"data":"Body Slam","floor":6,"key":"SMITH"},{"floor":12,"key":"REST"},{"data":"Flame Barrier","floor":15,"key":"SMITH"},{"data":"1","floor":27,"key":"LIFT"},{"data":"Limit Break","floor":29,"key":"SMITH"},{"data":"2","floor":32,"key":"LIFT"}],"neow_cost":"NONE","seed_source_timestamp":374383808700482,"circlet_count":0,"master_deck":["AscendersBane","Defend_R","Defend_R","Defend_R","Defend_R","Bash","Infernal Blade","Body Slam+1","Body Slam","Shrug It Off","Seeing Red","Flame Barrier+1","Barricade","Battle Trance","Ghostly","Ghostly","Ghostly","Ghostly","Ghostly","Warcry","Bite","Bite+1","Bite","Bite+1","Bite","Limit Break+1","True Grit","Body Slam+1"],"relics":["Burning Blood","Red Skull","Happy Flower","Golden Idol","Boot","Ectoplasm","Anchor","Self Forming Clay","Girya","Tiny Chest","Pocketwatch","Bronze Scales","Whetstone"],"potions_floor_usage":[13,16,16,33,33],"damage_taken":[{"damage":7,"enemies":"Jaw Worm","floor":1,"turns":3},{"damage":5,"enemies":"Small Slimes","floor":4,"turns":3},{"damage":1,"enemies":"2 Louse","floor":5,"turns":3},{"damage":52,"enemies":"Gremlin Nob","floor":7,"turns":5},{"damage":16,"enemies":"Blue Slaver","floor":8,"turns":3},{"damage":5,"enemies":"2 Fungi Beasts","floor":11,"turns":3},{"damage":15,"enemies":"Lagavulin","floor":13,"turns":5},{"damage":15,"enemies":"Lots of Slimes","floor":14,"turns":4},{"damage":28,"enemies":"The Guardian","floor":16,"turns":12},{"damage":23,"enemies":"2 Thieves","floor":18,"turns":4},{"damage":8,"enemies":"Chosen","floor":22,"turns":7},{"damage":8,"enemies":"Gremlin Leader","floor":23,"turns":10},{"damage":0,"enemies":"Slavers","floor":25,"turns":12},{"damage":0,"enemies":"Gremlin Leader","floor":28,"turns":7},{"damage":2,"enemies":"Shelled Parasite and Fungi","floor":31,"turns":6},{"damage":50,"enemies":"Champ","floor":33,"turns":10}],"seed_played":"1336972863037683920","potions_obtained":[{"floor":1,"key":"EssenceOfSteel"},{"floor":4,"key":"Weak Potion"},{"floor":13,"key":"GamblersBrew"},{"floor":23,"key":"Swift Potion"},{"floor":28,"key":"AttackPotion"}],"is_trial":false,"path_per_floor":["M","?","?","M","M","R","E","M","T","?","M","R","E","M","R","B",null,"M","$","?","T","M","E","?","E","T","R","E","R","$","M","R","B"],"character_chosen":"IRONCLAD","items_purchased":["Anchor","Whetstone"],"campfire_rested":1,"item_purchase_floors":[19,30],"current_hp_per_floor":[79,68,73,74,79,79,33,23,23,23,24,49,40,31,31,9,67,50,50,43,43,41,39,30,30,30,30,30,30,30,30,30,0],"gold":54,"neow_bonus":"TEN_PERCENT_HP_BONUS","is_prod":false,"is_daily":false,"chose_seed":false,"campfire_upgraded":3,"win_rate":0,"timestamp":1549490107,"path_taken":["M","?","?","M","M","R","E","M","T","?","M","R","E","M","R","BOSS","M","$","?","?","M","E","?","E","T","R","E","R","?","?","R","BOSS"],"build_version":"2019-01-23","purchased_purges":1,"victory":false,"max_hp_per_floor":[88,88,93,93,93,93,93,93,93,86,86,86,86,86,86,86,86,86,86,43,43,43,43,30,30,30,30,30,30,30,30,30,30],"card_choices":[{"not_picked":["Iron Wave","Heavy Blade"],"picked":"Infernal Blade","floor":1},{"not_picked":["Wild Strike","Flex","Thunderclap"],"picked":"SKIP","floor":4},{"not_picked":["Headbutt","Uppercut"],"picked":"Body Slam","floor":5},{"not_picked":["Combust","Warcry"],"picked":"Body Slam","floor":7},{"not_picked":["Infernal Blade","Searing Blow","Perfected Strike"],"picked":"SKIP","floor":8},{"not_picked":["Sever Soul","Blood for Blood"],"picked":"Shrug It Off","floor":11},{"not_picked":["Cleave","Infernal Blade"],"picked":"Seeing Red","floor":13},{"not_picked":["Wild Strike","Armaments"],"picked":"Flame Barrier","floor":14},{"not_picked":["Juggernaut","Feed"],"picked":"Barricade","floor":16},{"not_picked":["Heavy Blade","Clash+1"],"picked":"Battle Trance","floor":18},{"not_picked":["Havoc","Power Through","Uppercut"],"picked":"SKIP","floor":22},{"not_picked":["Pommel Strike","Flex"],"picked":"Warcry","floor":23},{"not_picked":["Sword Boomerang","Warcry"],"picked":"Limit Break","floor":25},{"not_picked":["Pummel","Heavy Blade"],"picked":"True Grit","floor":28},{"not_picked":["Sword Boomerang","True Grit"],"picked":"Body Slam+1","floor":31}],"player_experience":172334,"relics_obtained":[{"floor":7,"key":"Red Skull"},{"floor":9,"key":"Happy Flower"},{"floor":13,"key":"Boot"},{"floor":21,"key":"Self Forming Clay"},{"floor":23,"key":"Girya"},{"floor":25,"key":"Tiny Chest"},{"floor":26,"key":"Pocketwatch"},{"floor":28,"key":"Bronze Scales"}],"event_choices":[{"damage_healed":0,"gold_gain":75,"player_choice":"Gather Gold","damage_taken":11,"max_hp_gain":0,"max_hp_loss":0,"event_name":"World of Goop","floor":2,"gold_loss":0},{"damage_healed":0,"gold_gain":0,"player_choice":"Donut","damage_taken":0,"max_hp_gain":5,"max_hp_loss":0,"event_name":"Big Fish","floor":3,"gold_loss":0},{"damage_healed":0,"gold_gain":0,"player_choice":"Lose Max HP","damage_taken":0,"relics_obtained":["Golden Idol"],"max_hp_gain":0,"max_hp_loss":7,"event_name":"Golden Idol","floor":10,"gold_loss":0},{"damage_healed":0,"gold_gain":0,"player_choice":"Became a Ghost","damage_taken":0,"max_hp_gain":0,"max_hp_loss":43,"event_name":"Ghosts","floor":20,"gold_loss":0,"cards_obtained":["Ghostly","Ghostly","Ghostly","Ghostly","Ghostly"]},{"damage_healed":0,"gold_gain":0,"player_choice":"Became a vampire","damage_taken":0,"max_hp_gain":0,"max_hp_loss":13,"event_name":"Vampires","floor":24,"gold_loss":0,"cards_obtained":["Bite","Bite","Bite","Bite","Bite"]}],"is_beta":false,"boss_relics":[{"not_picked":["White Beast Statue","Tiny House"],"picked":"Ectoplasm"}],"items_purged_floors":[19],"is_endless":false,"potions_floor_spawned":[1,4,8,11,13,23,28],"killed_by":"Champ","ascension_level":11}