{"path_per_floor":["M","M","$","?","$","E","R","$","T","?","?","R","?","M","R","B",null,"M","?","M","?","M","R","M","R","T","R","M","?","?","M","R"],"character_chosen":"IRONCLAD","items_purchased":["Metallicize","Juzu Bracelet"],"gold_per_floor":[113,130,96,271,42,76,76,76,76,76,76,76,76,95,95,195,195,214,214,225,225,243,243,257,257,306,306,306,306,306,325,325,325],"floor_reached":33,"campfire_rested":0,"playtime":1292,"current_hp_per_floor":[78,80,80,80,80,80,80,80,80,80,80,80,80,80,80,53,73,61,61,65,49,26,26,11,11,11,11,17,17,17,27,27,0],"items_purged":["Doubt"],"gold":325,"score":427,"play_id":"f2732579-6e31-4adb-98d9-23f437263c73","local_time":"20180521175111","is_prod":false,"is_daily":false,"chose_seed":false,"is_ascension_mode":true,"campfire_upgraded":7,"timestamp":1526917871,"campfire_choices":[{"data":"Metallicize","floor":7,"key":"SMITH"},{"data":"Metallicize","floor":12,"key":"SMITH"},{"data":"Searing Blow","floor":15,"key":"SMITH"},{"data":"Searing Blow+1","floor":23,"key":"SMITH"},{"data":"Searing Blow+2","floor":25,"key":"SMITH"},{"data":"Searing Blow+3","floor":27,"key":"SMITH"},{"data":"Searing Blow+4","floor":32,"key":"SMITH"}],"path_taken":["M","M","$","?","$","E","R","?","T","?","?","R","?","M","R","BOSS","M","?","M","?","M","R","M","R","T","R","M","?","?","M","R","BOSS"],"build_version":"2018-05-17","seed_source_timestamp":159610155808511,"purchased_purges":1,"victory":false,"master_deck":["Strike_R","Strike_R","Strike_R","Strike_R","Strike_R","Defend_R","Defend_R","Defend_R","Bash","AscendersBane","Pommel Strike","Metallicize+1","Metallicize+1","Thunderclap","Clothesline","Searing Blow+5","Double Tap","Metallicize+1","Ghostly","Ghostly","Ghostly","Ghostly","Ghostly","Dropkick"],"max_hp_per_floor":[80,80,80,80,80,80,80,80,80,80,80,80,80,80,80,80,80,80,80,80,80,83,83,83,83,83,83,83,41,41,41,41,41],"relics":["Burning Blood","NeowsBlessing","Juzu Bracelet","Charon\u0027s Ashes","Letter Opener","Sozu","Nilry\u0027s Codex","Oddly Smooth Stone"],"card_choices":[{"not_picked":["Clash","Warcry"],"picked":"Pommel Strike","floor":1},{"not_picked":["Reckless Charge","Perfected Strike"],"picked":"Metallicize","floor":2},{"not_picked":["Spot Weakness","Blood for Blood"],"picked":"Thunderclap","floor":6},{"not_picked":["Flex","Cleave"],"picked":"Searing Blow","floor":14},{"not_picked":["Limit Break","Juggernaut"],"picked":"Double Tap","floor":16},{"not_picked":["Iron Wave","Combust","Power Through"],"picked":"SKIP","floor":18},{"not_picked":["Second Wind","Combust","Shrug It Off"],"picked":"SKIP","floor":20},{"not_picked":["Pommel Strike","Iron Wave","Rampage+1"],"picked":"SKIP","floor":22},{"not_picked":["Hemokinesis","Thunderclap","True Grit+1"],"picked":"SKIP","floor":24},{"not_picked":["Iron Wave","Infernal Blade+1","Shrug It Off"],"picked":"SKIP","floor":31}],"player_experience":161745,"potions_floor_usage":[16,16,28,33],"damage_taken":[{"damage":0,"enemies":"Small Slimes","floor":1,"turns":1},{"damage":0,"enemies":"Jaw Worm","floor":2,"turns":1},{"damage":0,"enemies":"Lagavulin","floor":6,"turns":1},{"damage":0,"enemies":"Cultist","floor":14,"turns":3},{"damage":33,"enemies":"The Guardian","floor":16,"turns":14},{"damage":18,"enemies":"Shell Parasite","floor":18,"turns":6},{"damage":2,"enemies":"Chosen","floor":20,"turns":5},{"damage":32,"enemies":"Snake Plant","floor":22,"turns":6},{"damage":21,"enemies":"Centurion and Healer","floor":24,"turns":22},{"damage":0,"enemies":"3 Cultists","floor":28,"turns":2},{"damage":7,"enemies":"Chosen and Byrds","floor":31,"turns":5},{"damage":50,"enemies":"Automaton","floor":33,"turns":6}],"relics_obtained":[{"floor":6,"key":"Charon\u0027s Ashes"},{"floor":9,"key":"Letter Opener"},{"floor":21,"key":"Nilry\u0027s Codex"},{"floor":26,"key":"Oddly Smooth Stone"}],"event_choices":[{"event_name":"Liars Game","player_choice":"agreed","floor":4,"damage_taken":0},{"event_name":"The Lab","player_choice":"Got Potions","floor":10,"damage_taken":0},{"event_name":"The Woman in Blue","player_choice":"Bought 0 Potions","floor":11,"damage_taken":0},{"event_name":"Living Wall","player_choice":"Change","floor":13,"damage_taken":0},{"event_name":"Duplicator","player_choice":"One dupe","floor":19,"damage_taken":0},{"event_name":"Cursed Tome","player_choice":"Obtained Book","floor":21,"damage_taken":0},{"event_name":"Ghosts","player_choice":"Became a Ghost","floor":29,"damage_taken":0},{"event_name":"The Library","player_choice":"Read","floor":30,"damage_taken":0}],"boss_relics":[{"not_picked":["Snecko Eye","Tiny House"],"picked":"Sozu"}],"potions_floor_spawned":[6,14,16,18,24],"seed_played":"-2164944169549756261","killed_by":"Automaton","ascension_level":10,"potions_obtained":[{"floor":6,"key":"AttackPotion"},{"floor":10,"key":"SmokeBomb"},{"floor":10,"key":"AttackPotion"},{"floor":16,"key":"EssenceOfSteel"}],"is_trial":false}