{"gold_per_floor":[118,118,71,86,86,119,139,139,139,139],"floor_reached":10,"playtime":549,"items_purged":[],"score":106,"play_id":"2b1b0de4-9d57-454f-a3ce-27560be988fd","local_time":"20190217041309","is_ascension_mode":true,"campfire_choices":[{"data":"Glass Knife","floor":8,"key":"SMITH"}],"neow_cost":"NONE","seed_source_timestamp":316418855538100,"circlet_count":0,"master_deck":["AscendersBane","Defend_G","Defend_G","Defend_G","Defend_G","Defend_G","Strike_G","Strike_G","Strike_G","Strike_G","Strike_G","Survivor","Neutralize","After Image","Masterful Stab","Poisoned Stab","PiercingWail","Regret","Glass Knife+1","Skewer"],"relics":["Ring of the Snake","Orichalcum","Dream Catcher","Question Card"],"potions_floor_usage":[6,6,10],"damage_taken":[{"damage":0,"enemies":"2 Louse","floor":1,"turns":5},{"damage":0,"enemies":"Cultist","floor":4,"turns":4},{"damage":37,"enemies":"Gremlin Nob","floor":6,"turns":6},{"damage":2,"enemies":"Small Slimes","floor":7,"turns":4},{"damage":27,"enemies":"Lagavulin","floor":10,"turns":6}],"seed_played":"5691540852931448460","potions_obtained":[{"floor":1,"key":"EssenceOfSteel"},{"floor":2,"key":"AttackPotion"},{"floor":6,"key":"Weak Potion"},{"floor":7,"key":"SmokeBomb"}],"is_trial":false,"path_per_floor":["M","?","$","M","?","E","M","R","T","E"],"character_chosen":"THE_SILENT","items_purchased":["Poisoned Stab"],"campfire_rested":0,"item_purchase_floors":[3],"current_hp_per_floor":[63,63,63,63,63,26,24,24,24,0],"gold":139,"neow_bonus":"ONE_RANDOM_RARE_CARD","is_prod":false,"is_daily":false,"chose_seed":false,"campfire_upgraded":1,"win_rate":0,"timestamp":1550373189,"path_taken":["M","?","?","M","?","E","?","R","T","E"],"build_version":"2019-01-23","purchased_purges":0,"victory":false,"max_hp_per_floor":[70,70,70,70,70,70,70,70,70,70],"card_choices":[{"not_picked":["Dagger Throw","Blade Dance"],"picked":"Masterful Stab","floor":1},{"not_picked":["Flechettes","Setup"],"picked":"PiercingWail","floor":4},{"not_picked":["Backflip","Acrobatics"],"picked":"Glass Knife","floor":6},{"not_picked":["Prepared","Backflip"],"picked":"Skewer","floor":7}],"player_experience":456749,"relics_obtained":[{"floor":6,"key":"Dream Catcher"},{"floor":9,"key":"Question Card"}],"event_choices":[{"damage_healed":0,"gold_gain":0,"player_choice":"Got Potions","damage_taken":0,"max_hp_gain":0,"max_hp_loss":0,"event_name":"Lab","floor":2,"gold_loss":0},{"damage_healed":0,"gold_gain":0,"player_choice":"Box","damage_taken":0,"relics_obtained":["Orichalcum"],"max_hp_gain":0,"max_hp_loss":0,"event_name":"Big Fish","floor":5,"gold_loss":0,"cards_obtained":["Regret"]}],"is_beta":false,"boss_relics":[],"items_purged_floors":[],"is_endless":false,"potions_floor_spawned":[1,6,7],"killed_by":"Lagavulin","ascension_level":12}