{"path_per_floor":["M","M","?","$","M","R","M","R","T","M","?","M","M","M","R","B",null,"M","?","?","M","$","R"],"character_chosen":"IRONCLAD","items_purchased":["Flex","Vajra"],"gold_per_floor":[117,130,205,11,27,27,43,43,43,53,53,70,87,97,97,198,198,208,123,123,143,143,143,143],"floor_reached":24,"campfire_rested":1,"playtime":659,"current_hp_per_floor":[40,43,32,32,31,31,20,44,44,42,39,31,31,37,37,8,62,61,61,61,65,65,65,44],"items_purged":[],"gold":143,"score":247,"play_id":"838d05b7-ac54-435f-a76e-c35aede1ae3c","local_time":"20180519130645","is_prod":false,"is_daily":false,"chose_seed":false,"is_ascension_mode":true,"campfire_upgraded":3,"timestamp":1526728005,"campfire_choices":[{"data":"Flex","floor":6,"key":"SMITH"},{"floor":8,"key":"REST"},{"data":"Double Tap","floor":15,"key":"SMITH"},{"data":"Flex","floor":23,"key":"SMITH"}],"path_taken":["M","M","?","$","?","R","M","R","T","M","?","?","M","M","R","BOSS","M","?","?","M","$","R","M"],"build_version":"2018-05-17","seed_source_timestamp":474017970851019,"purchased_purges":0,"victory":false,"master_deck":["Strike_R","Strike_R","Strike_R","Strike_R","Strike_R","Defend_R","Defend_R","Defend_R","Bash","Double Tap+1","Dual Wield","Flex+1","Heavy Blade","Perfected Strike+1","Clash+1","Perfected Strike+1","Headbutt+1","Demon Form","Flex+1","Flex","Clash+1","Heavy Blade+1","Whirlwind+1","Cleave+1","Iron Wave+1"],"max_hp_per_floor":[80,80,80,80,80,80,80,80,80,80,80,80,80,80,80,80,80,80,80,80,80,80,80,80],"relics":["Burning Blood","Vajra","Molten Egg 2","Darkstone Periapt","Orrery","Bag of Preparation"],"card_choices":[{"not_picked":["Brutality","Reaper"],"picked":"Double Tap","floor":0},{"not_picked":["Clash","Sword Boomerang"],"picked":"Dual Wield","floor":1},{"not_picked":["Twin Strike","Sword Boomerang","Entrench"],"picked":"SKIP","floor":2},{"not_picked":["Armaments","Twin Strike","Anger"],"picked":"SKIP","floor":5},{"not_picked":["Burning Pact","Uppercut"],"picked":"Heavy Blade","floor":7},{"not_picked":["Havoc","Feel No Pain"],"picked":"Perfected Strike+1","floor":10},{"not_picked":["Sever Soul+1","Armaments"],"picked":"Clash+1","floor":12},{"not_picked":["Iron Wave+1","Demon Form"],"picked":"Perfected Strike+1","floor":13},{"not_picked":["Inflame","Battle Trance"],"picked":"Headbutt+1","floor":14},{"not_picked":["Immolate+1","Fiend Fire+1"],"picked":"Demon Form","floor":16},{"not_picked":["Warcry","Battle Trance"],"picked":"Flex","floor":17},{"not_picked":["Evolve","Battle Trance"],"picked":"Flex","floor":17},{"not_picked":["Spot Weakness","Body Slam+1"],"picked":"Clash+1","floor":17},{"not_picked":["Pommel Strike+1","Dark Embrace"],"picked":"Heavy Blade+1","floor":17},{"not_picked":["Shrug It Off","Havoc"],"picked":"Whirlwind+1","floor":17},{"not_picked":["Disarm","Corruption"],"picked":"Cleave+1","floor":18},{"not_picked":["Headbutt+1","Cleave+1"],"picked":"Iron Wave+1","floor":21}],"player_experience":103371,"potions_floor_usage":[21],"damage_taken":[{"damage":2,"enemies":"2 Louse","floor":1,"turns":3},{"damage":3,"enemies":"Jaw Worm","floor":2,"turns":4},{"damage":7,"enemies":"Small Slimes","floor":5,"turns":3},{"damage":17,"enemies":"Looter","floor":7,"turns":3},{"damage":8,"enemies":"Blue Slaver","floor":10,"turns":2},{"damage":14,"enemies":"Red Slaver","floor":12,"turns":2},{"damage":6,"enemies":"Exordium Wildlife","floor":13,"turns":2},{"damage":0,"enemies":"Large Slime","floor":14,"turns":2},{"damage":35,"enemies":"The Guardian","floor":16,"turns":5},{"damage":7,"enemies":"Chosen","floor":18,"turns":2},{"damage":2,"enemies":"3 Byrds","floor":21,"turns":3},{"damage":21,"enemies":"Snake Plant","floor":24,"turns":3}],"relics_obtained":[{"floor":9,"key":"Molten Egg 2"}],"event_choices":[{"event_name":"World of Goop","player_choice":"Gather Gold","floor":3,"damage_taken":0},{"event_name":"Scrap Ooze","player_choice":"success","floor":11,"damage_taken":3},{"event_name":"Addict","player_choice":"Obtained Relic","floor":19,"damage_taken":0},{"event_name":"Back to Basics","player_choice":"Elegance","floor":20,"damage_taken":0}],"boss_relics":[{"not_picked":["Ectoplasm","Pandora\u0027s Box"],"picked":"Orrery"}],"potions_floor_spawned":[1,2,10,16],"seed_played":"3122962333157106889","killed_by":"Snake Plant","ascension_level":6,"potions_obtained":[{"floor":1,"key":"EntropicBrew"},{"floor":2,"key":"Ancient Potion"},{"floor":10,"key":"Fire Potion"},{"floor":16,"key":"SteroidPotion"}],"is_trial":false}