{"gold_per_floor":[111,33,33,50,68,99,99,174,174,209,39,13,13,25,25,99,99,39,39,39,39,39],"floor_reached":22,"playtime":845,"items_purged":[],"score":392,"play_id":"70cf5215-5259-47a2-8efb-bc68e0bf7c22","local_time":"20190219052721","is_ascension_mode":true,"campfire_choices":[{"data":"A Thousand Cuts","floor":7,"key":"SMITH"},{"floor":13,"key":"REST"},{"floor":15,"key":"REST"}],"neow_cost":"NONE","seed_source_timestamp":493377489887500,"circlet_count":0,"master_deck":["AscendersBane","Defend_G","Defend_G","Defend_G","Defend_G","Defend_G","Strike_G","Strike_G","Strike_G","Strike_G","Strike_G","Survivor","Neutralize","Footwork","Slice","Dagger Spray","A Thousand Cuts+1","Dodge and Roll","Beam Cell","Gash","All For One","Mind Blast+1","Dodge and Roll","Finesse","Ghostly","Ghostly","Ghostly"],"relics":["Ring of the Snake","NeowsBlessing","CultistMask","Smiling Mask","The Courier","Incense Burner","Centennial Puzzle","PrismaticShard","Ectoplasm"],"potions_floor_usage":[6,12,12],"damage_taken":[{"damage":0,"enemies":"2 Louse","floor":1,"turns":1},{"damage":0,"enemies":"Cultist","floor":4,"turns":1},{"damage":0,"enemies":"Jaw Worm","floor":5,"turns":1},{"damage":24,"enemies":"3 Sentries","floor":6,"turns":8},{"damage":28,"enemies":"Lagavulin","floor":10,"turns":9},{"damage":0,"enemies":"Exordium Thugs","floor":12,"turns":4},{"damage":0,"enemies":"3 Louse","floor":14,"turns":4},{"damage":34,"enemies":"Slime Boss","floor":16,"turns":10},{"damage":25,"enemies":"2 Thieves","floor":18,"turns":4},{"damage":10,"enemies":"Shell Parasite","floor":19,"turns":4},{"damage":5,"enemies":"Cultist and Chosen","floor":20,"turns":6},{"damage":14,"enemies":"Snake Plant","floor":22,"turns":2}],"seed_played":"-3591523581933750763","potions_obtained":[{"floor":1,"key":"Energy Potion"},{"floor":5,"key":"SkillPotion"},{"floor":6,"key":"Explosive Potion"},{"floor":18,"key":"GhostInAJar"}],"is_trial":false,"path_per_floor":["M","$","?","M","M","E","R","T","T","E","$","M","R","M","R","B",null,"M","M","M","?","M"],"character_chosen":"THE_SILENT","items_purchased":["Footwork","PrismaticShard"],"campfire_rested":2,"item_purchase_floors":[2,11],"current_hp_per_floor":[59,59,59,59,59,35,35,35,35,7,7,7,26,26,45,11,52,27,17,12,12,0],"gold":39,"neow_bonus":"THREE_ENEMY_KILL","is_prod":false,"is_daily":false,"chose_seed":false,"campfire_upgraded":1,"win_rate":0,"timestamp":1550550441,"path_taken":["M","$","?","?","?","E","R","?","T","E","?","M","R","M","R","BOSS","M","M","M","?","M"],"build_version":"2019-01-23","purchased_purges":0,"victory":false,"max_hp_per_floor":[66,66,66,66,66,66,66,66,66,66,66,66,66,66,66,66,66,66,66,66,33,33],"card_choices":[{"not_picked":["Blur","Accuracy","Deflect"],"picked":"SKIP","floor":1},{"not_picked":["Sucker Punch","Riddle With Holes"],"picked":"Slice","floor":4},{"not_picked":["Outmaneuver","Terror"],"picked":"Dagger Spray","floor":5},{"not_picked":["Blade Dance","Distraction"],"picked":"A Thousand Cuts","floor":6},{"not_picked":["Dagger Throw","Quick Slash"],"picked":"Dodge and Roll","floor":10},{"not_picked":["Prepared","Clash"],"picked":"Beam Cell","floor":12},{"not_picked":["Twin Strike","Headbutt"],"picked":"Gash","floor":14},{"not_picked":["Seek","Double Tap"],"picked":"All For One","floor":16},{"not_picked":["Sucker Punch","Flying Knee"],"picked":"Mind Blast+1","floor":18},{"not_picked":["Genetic Algorithm","Headbutt"],"picked":"Dodge and Roll","floor":19},{"not_picked":["Pommel Strike","True Grit"],"picked":"Finesse","floor":20}],"player_experience":507372,"relics_obtained":[{"floor":6,"key":"Smiling Mask"},{"floor":8,"key":"The Courier"},{"floor":9,"key":"Incense Burner"},{"floor":10,"key":"Centennial Puzzle"}],"event_choices":[{"damage_healed":0,"gold_gain":0,"player_choice":"Trade","damage_taken":0,"relics_obtained":["CultistMask"],"max_hp_gain":0,"max_hp_loss":0,"event_name":"FaceTrader","floor":3,"gold_loss":0},{"damage_healed":0,"gold_gain":0,"player_choice":"Became a Ghost","damage_taken":0,"max_hp_gain":0,"max_hp_loss":33,"event_name":"Ghosts","floor":21,"gold_loss":0,"cards_obtained":["Ghostly","Ghostly","Ghostly"]}],"is_beta":false,"boss_relics":[{"not_picked":["HoveringKite","Lizard Tail"],"picked":"Ectoplasm"}],"items_purged_floors":[],"is_endless":false,"potions_floor_spawned":[1,5,6,10,18],"killed_by":"Snake Plant","ascension_level":20}