{"gold_per_floor":[143,153,153,164,180,105,105,105,105,119,132,132,145,162,162,265,265,278,278,278,294,374,374,217,217,217,241,268,278,278,288,288,389,389,407,12,32,48,63,63,89,89,89,89,89,121,131,131,131,131],"floor_reached":51,"playtime":9523,"items_purged":["Sweeping Beam"],"score":736,"play_id":"ae8e62ca-68d5-42b8-8c14-8e08b6f54c7c","local_time":"20181019020418","is_ascension_mode":true,"campfire_choices":[{"data":"Sunder","floor":8,"key":"SMITH"},{"floor":15,"key":"REST"},{"data":"Glacier","floor":23,"key":"SMITH"},{"data":"Echo Form","floor":25,"key":"SMITH"},{"data":"Defragment","floor":32,"key":"SMITH"},{"data":"Loop","floor":40,"key":"SMITH"},{"data":"Loop","floor":42,"key":"SMITH"},{"data":"Turbo","floor":44,"key":"SMITH"},{"floor":49,"key":"REST"}],"neow_cost":"NONE","seed_source_timestamp":1128132390819926,"circlet_count":0,"master_deck":["Zap","Dualcast","Leap","Glacier+1","Reboot","Loop+1","Sunder+1","Conserve Battery","Static Discharge","Steam Power","Conserve Battery","Echo Form+1","Turbo+1","Cold Snap","Defragment+1","Leap","White Noise","Loop+1","Rip and Tear","Coolheaded","Rebound","Redo","Conserve Battery+1","Force Field","Force Field","Thinking Ahead"],"relics":["Cracked Core","Tiny Chest","Bottled Tornado","Ornamental Fan","Darkstone Periapt","Runic Pyramid","Meat on the Bone","Bronze Scales","Smiling Mask","Orichalcum","Lantern","Pear","Pandora\u0027s Box","Happy Flower","Oddly Smooth Stone","Pantograph","Dead Branch","PreservedInsect"],"potions_floor_usage":[16,33,50,50],"damage_taken":[{"damage":8,"enemies":"Jaw Worm","floor":1,"turns":4},{"damage":0,"enemies":"2 Louse","floor":2,"turns":3},{"damage":7,"enemies":"Small Slimes","floor":4,"turns":2},{"damage":3,"enemies":"Exordium Thugs","floor":5,"turns":7},{"damage":4,"enemies":"Exordium Wildlife","floor":10,"turns":2},{"damage":11,"enemies":"Looter","floor":11,"turns":2},{"damage":3,"enemies":"Red Slaver","floor":13,"turns":4},{"damage":3,"enemies":"Blue Slaver","floor":14,"turns":3},{"damage":28,"enemies":"Slime Boss","floor":16,"turns":12},{"damage":29,"enemies":"3 Byrds","floor":18,"turns":7},{"damage":0,"enemies":"Chosen","floor":21,"turns":5},{"damage":24,"enemies":"Gremlin Leader","floor":28,"turns":7},{"damage":2,"enemies":"Centurion and Healer","floor":29,"turns":8},{"damage":1,"enemies":"Chosen and Byrds","floor":31,"turns":6},{"damage":18,"enemies":"Automaton","floor":33,"turns":16},{"damage":6,"enemies":"Orb Walker","floor":35,"turns":4},{"damage":26,"enemies":"3 Darklings","floor":37,"turns":8},{"damage":9,"enemies":"Transient","floor":38,"turns":5},{"damage":10,"enemies":"Spire Growth","floor":39,"turns":9},{"damage":7,"enemies":"Giant Head","floor":41,"turns":14},{"damage":69,"enemies":"2 Orb Walkers","floor":46,"turns":9},{"damage":0,"enemies":"Maw","floor":47,"turns":8},{"damage":6,"enemies":"Donu and Deca","floor":50,"turns":14}],"seed_played":"-1270019141140303189","potions_obtained":[{"floor":2,"key":"Explosive Potion"},{"floor":11,"key":"Weak Potion"},{"floor":14,"key":"Explosive Potion"},{"floor":21,"key":"FocusPotion"},{"floor":28,"key":"Fire Potion"},{"floor":38,"key":"Weak Potion"},{"floor":39,"key":"EssenceOfSteel"}],"is_trial":false,"path_per_floor":["M","M","?","M","M","$","T","R","T","M","M","?","M","M","R","B",null,"M","?","$","M","T","R","$","R","T","T","E","M","T","M","R","B",null,"M","$","M","M","M","R","E","R","T","R","?","E","M","?","R","B"],"character_chosen":"DEFECT","items_purchased":["Sunder","Bronze Scales","Happy Flower","Oddly Smooth Stone","SkillPotion"],"campfire_rested":2,"item_purchase_floors":[6,24,36,36,36],"current_hp_per_floor":[67,67,52,45,42,42,42,42,42,38,27,27,24,21,43,15,75,46,46,46,46,46,46,46,46,46,46,34,51,61,67,67,56,85,85,85,73,78,75,75,75,75,75,75,75,18,37,37,62,79],"gold":131,"neow_bonus":"RANDOM_COMMON_RELIC","is_prod":false,"is_daily":false,"chose_seed":false,"campfire_upgraded":7,"win_rate":0,"timestamp":1539882258,"path_taken":["M","M","?","M","M","?","?","R","T","M","?","?","M","M","R","BOSS","M","?","$","M","?","R","$","R","T","?","E","?","?","M","R","BOSS","M","$","M","M","M","R","E","R","T","R","?","E","M","?","R","BOSS"],"build_version":"2018-10-11","purchased_purges":1,"victory":true,"max_hp_per_floor":[75,75,75,75,75,75,75,75,75,75,75,75,75,75,75,75,75,75,75,75,75,75,75,75,75,75,75,75,75,85,85,85,85,85,85,85,85,85,85,85,85,85,85,85,85,85,85,85,85,85],"card_choices":[{"not_picked":["Beam Cell","Compile Driver"],"picked":"Leap","floor":1},{"not_picked":["Tempest","Gash"],"picked":"Glacier","floor":2},{"not_picked":["Hologram","Barrage"],"picked":"Reboot","floor":4},{"not_picked":["Ball Lightning","Gash"],"picked":"Loop","floor":5},{"not_picked":["Beam Cell","Streamline"],"picked":"Conserve Battery","floor":10},{"not_picked":["Genetic Algorithm","Go for the Eyes"],"picked":"Static Discharge","floor":11},{"not_picked":["Melter","Hologram"],"picked":"Steam Power","floor":13},{"not_picked":["Undo","Darkness"],"picked":"Conserve Battery","floor":14},{"not_picked":["Amplify","Core Surge"],"picked":"Echo Form","floor":16},{"not_picked":["Rebound","Ball Lightning"],"picked":"Turbo","floor":18},{"not_picked":["Go for the Eyes","Stack+1"],"picked":"Cold Snap","floor":21},{"not_picked":["Scrape","Streamline"],"picked":"Self Repair","floor":28},{"not_picked":["Streamline","BootSequence+1"],"picked":"Defragment","floor":29},{"not_picked":["Conserve Battery","Turbo"],"picked":"Leap","floor":31},{"not_picked":["Sunder+1","Doom and Gloom","Rebound"],"picked":"SKIP","floor":35},{"not_picked":["Streamline","Turbo"],"picked":"Conserve Battery+1","floor":37},{"not_picked":["Streamline+1","Aggregate","Cold Snap"],"picked":"SKIP","floor":38},{"not_picked":["Gash+1","Cold Snap+1"],"picked":"Force Field","floor":39},{"not_picked":["Go for the Eyes","Rebound"],"picked":"Force Field","floor":41},{"not_picked":["Mind Blast","Secret Weapon"],"picked":"Thinking Ahead","floor":45},{"not_picked":["Turbo","Streamline","Fusion"],"picked":"SKIP","floor":46},{"not_picked":["Go for the Eyes","Doom and Gloom+1","Force Field+1"],"picked":"SKIP","floor":47}],"player_experience":187309,"relics_obtained":[{"floor":7,"key":"Bottled Tornado"},{"floor":9,"key":"Ornamental Fan"},{"floor":22,"key":"Meat on the Bone"},{"floor":26,"key":"Smiling Mask"},{"floor":27,"key":"Orichalcum"},{"floor":28,"key":"Lantern"},{"floor":30,"key":"Pear"},{"floor":41,"key":"Pantograph"},{"floor":43,"key":"Dead Branch"},{"floor":46,"key":"PreservedInsect"}],"event_choices":[{"event_name":"Shining Light","player_choice":"Entered Light","floor":3,"damage_taken":0},{"event_name":"WeMeetAgain","player_choice":"Potion","floor":12,"damage_taken":0},{"event_name":"Purifier","player_choice":"One Purge","floor":19,"damage_taken":0},{"event_name":"SensoryStone","player_choice":"Memory 1","floor":45,"damage_taken":0},{"event_name":"Falling","player_choice":"Removed Power","floor":48,"damage_taken":0}],"is_beta":false,"boss_relics":[{"not_picked":["Black Star","Tiny House"],"picked":"Runic Pyramid"},{"not_picked":["Philosopher\u0027s Stone","White Beast Statue"],"picked":"Pandora\u0027s Box"}],"items_purged_floors":[36],"is_endless":false,"potions_floor_spawned":[2,11,14,21,28,29,31,38,39,41,46],"ascension_level":2}