{"path_per_floor":["M","?","M","M","M","R","E","$","T","M","R","M","M","M","R","B",null,"M","M","$","M","M","R"],"character_chosen":"IRONCLAD","items_purchased":["Flex","Flash of Steel"],"gold_per_floor":[117,117,132,143,154,154,179,104,128,141,141,156,176,194,194,292,292,304,323,77,91,102,102,102],"floor_reached":24,"campfire_rested":1,"playtime":920,"current_hp_per_floor":[78,78,80,75,52,52,18,18,18,15,39,44,50,55,55,37,69,61,51,51,58,26,26,0],"items_purged":["Defend_R","Strike_R"],"gold":102,"score":311,"play_id":"ced54a82-143c-4bc0-80f6-ecb7c39bec86","local_time":"20180519191839","is_prod":false,"is_daily":false,"chose_seed":false,"is_ascension_mode":true,"campfire_upgraded":3,"timestamp":1526750319,"campfire_choices":[{"data":"Flex","floor":6,"key":"SMITH"},{"floor":11,"key":"REST"},{"data":"Sword Boomerang","floor":15,"key":"SMITH"},{"data":"Feed","floor":23,"key":"SMITH"}],"path_taken":["M","?","?","M","?","R","E","?","T","?","R","M","M","M","R","BOSS","M","M","$","M","M","R","M"],"build_version":"2018-05-17","seed_source_timestamp":496070763279856,"purchased_purges":2,"victory":false,"master_deck":["Strike_R","Strike_R","Strike_R","Strike_R","Defend_R+1","Defend_R+1","Defend_R","Bash","Flex+1","Thunderclap","Sword Boomerang+1","Exhume","Bloodletting","Feed+1","Flex","Flash of Steel"],"max_hp_per_floor":[80,80,80,80,80,80,80,80,80,80,80,80,80,80,80,80,80,83,86,86,89,92,92,96],"relics":["Burning Blood","War Paint","Bag of Marbles","Ancient Tea Set","Sozu"],"card_choices":[{"not_picked":["True Grit","Iron Wave"],"picked":"Flex","floor":1},{"not_picked":["True Grit","Shockwave","Shrug It Off"],"picked":"SKIP","floor":3},{"not_picked":["Inflame","Clothesline"],"picked":"Thunderclap","floor":4},{"not_picked":["Reckless Charge","Thunderclap"],"picked":"Sword Boomerang","floor":5},{"not_picked":["Rupture","Heavy Blade"],"picked":"Exhume","floor":7},{"not_picked":["Perfected Strike","Shrug It Off","Headbutt"],"picked":"SKIP","floor":10},{"not_picked":["Twin Strike","Body Slam","Feel No Pain"],"picked":"SKIP","floor":12},{"not_picked":["Metallicize","Shockwave","Blood for Blood"],"picked":"SKIP","floor":13},{"not_picked":["Thunderclap","Power Through"],"picked":"Bloodletting","floor":14},{"not_picked":["Impervious","Fiend Fire"],"picked":"Feed","floor":16},{"not_picked":["Shrug It Off","Havoc","Warcry"],"picked":"SKIP","floor":18},{"not_picked":["Havoc","Body Slam+1","Perfected Strike+1"],"picked":"SKIP","floor":19},{"not_picked":["Body Slam+1","Perfected Strike","Thunderclap"],"picked":"SKIP","floor":21},{"not_picked":["True Grit+1","Clothesline","Rupture"],"picked":"SKIP","floor":22}],"player_experience":112801,"potions_floor_usage":[5,16,16,19],"damage_taken":[{"damage":0,"enemies":"2 Louse","floor":1,"turns":4},{"damage":0,"enemies":"Small Slimes","floor":3,"turns":3},{"damage":11,"enemies":"Jaw Worm","floor":4,"turns":4},{"damage":29,"enemies":"Gremlin Gang","floor":5,"turns":5},{"damage":40,"enemies":"Lagavulin","floor":7,"turns":4},{"damage":9,"enemies":"Red Slaver","floor":10,"turns":2},{"damage":1,"enemies":"Exordium Wildlife","floor":12,"turns":3},{"damage":0,"enemies":"Large Slime","floor":13,"turns":4},{"damage":1,"enemies":"2 Fungi Beasts","floor":14,"turns":2},{"damage":24,"enemies":"Slime Boss","floor":16,"turns":5},{"damage":17,"enemies":"3 Byrds","floor":18,"turns":6},{"damage":19,"enemies":"Shell Parasite","floor":19,"turns":8},{"damage":2,"enemies":"Snecko","floor":21,"turns":3},{"damage":41,"enemies":"Cultist and Chosen","floor":22,"turns":6},{"damage":37,"enemies":"3 Cultists","floor":24,"turns":4}],"relics_obtained":[{"floor":7,"key":"Bag of Marbles"},{"floor":9,"key":"Ancient Tea Set"}],"event_choices":[{"event_name":"Liars Game","player_choice":"disagreed","floor":2,"damage_taken":0}],"boss_relics":[{"not_picked":["Calling Bell","Black Blood"],"picked":"Sozu"}],"potions_floor_spawned":[4,5,12,13,14,16,19,21],"seed_played":"1891458787929287174","killed_by":"3 Cultists","ascension_level":8,"potions_obtained":[{"floor":4,"key":"Weak Potion"},{"floor":5,"key":"SkillPotion"},{"floor":12,"key":"GamblersBrew"},{"floor":13,"key":"Poison Potion"},{"floor":14,"key":"Block Potion"},{"floor":16,"key":"Ancient Potion"}],"is_trial":false}