{"path_per_floor":["M","M","$","M","M","E","R","M","T","$","?","R","M","?","R","B",null,"M","?","M","?","M","R","?","M","T","$","M","M","?","M","R"],"character_chosen":"THE_SILENT","items_purchased":["Poisoned Stab","Choke","Finisher"],"gold_per_floor":[114,131,106,117,129,158,158,170,170,134,384,384,401,351,351,452,452,466,466,483,398,414,414,414,433,433,394,408,422,322,341,341],"floor_reached":33,"campfire_rested":4,"playtime":2038,"current_hp_per_floor":[71,68,68,64,60,35,58,38,38,38,38,61,57,57,57,45,77,74,65,65,65,33,57,57,45,59,59,51,39,39,33,61],"items_purged":[],"gold":341,"play_id":"edc1b89b-6e48-4661-9372-2eb8e5eb81b1","is_prod":false,"is_daily":false,"is_ascension_mode":false,"campfire_upgraded":1,"path_taken":["M","M","$","M","?","E","R","M","T","$","?","R","M","?","R","BOSS","M","?","M","?","?","R","?","M","T","?","M","M","?","M","R","BOSS"],"build_version":"2018-02-01-PROD3","purchased_purges":0,"victory":false,"master_deck":["Defend_G","Defend_G","Defend_G","Defend_G","Defend_G","Strike_G","Strike_G","Strike_G","Strike_G","Strike_G","Survivor","Neutralize","Sucker Punch","Quick Slash","Poisoned Stab","Dagger Spray","Leg Sweep","Poisoned Stab","Flying Knee","Choke+1","Riddle With Holes","Phantasmal Killer","Slice","Dagger Spray","Flying Knee","Slice","Finisher","Bouncing Flask","Predator+1","J.A.X.","Crippling Poison"],"max_hp_per_floor":[77,77,77,77,77,77,77,77,77,77,77,77,77,77,77,77,77,77,82,82,82,82,82,82,82,96,96,96,96,96,96,96],"relics":["Ring of the Snake","Matryoshka","Meat on the Bone","Ginger","Sozu","Omamori","Pen Nib","Mango"],"card_choices":[{"not_picked":["Deflect","Backflip"],"picked":"Sucker Punch"},{"not_picked":["Eviscerate","Outmaneuver"],"picked":"Quick Slash"},{"not_picked":["Skewer","Backstab"],"picked":"Dagger Spray"},{"not_picked":["Tools of the Trade","Concentrate"],"picked":"Leg Sweep"},{"not_picked":["Sucker Punch","Dodge and Roll"],"picked":"Poisoned Stab"},{"not_picked":["Prepared","Dagger Throw"],"picked":"Flying Knee"},{"not_picked":["Dodge and Roll","Underhanded Strike"],"picked":"Riddle With Holes"},{"not_picked":["Wraith Form","Burst"],"picked":"Phantasmal Killer"},{"not_picked":["Prepared","Dodge and Roll"],"picked":"Slice"},{"not_picked":["Acrobatics","Dash"],"picked":"Dagger Spray"},{"not_picked":["Quick Slash","Choke"],"picked":"Flying Knee"},{"not_picked":["Tools of the Trade","Blade Dance"],"picked":"Slice"},{"not_picked":["Flechettes","Flying Knee"],"picked":"Bouncing Flask"},{"not_picked":["Prepared","Setup"],"picked":"Predator"},{"not_picked":["All Out Attack","Phantasmal Killer"],"picked":"Crippling Poison"}],"player_experience":164951,"potions_floor_usage":[6,13],"damage_taken":[{"damage":6,"enemies":"Blue Slaver","floor":1,"turns":6},{"damage":3,"enemies":"Jaw Worm","floor":2,"turns":3},{"damage":4,"enemies":"2 Louse","floor":4,"turns":3},{"damage":4,"enemies":"Exordium Thugs","floor":5,"turns":5},{"damage":25,"enemies":"Gremlin Nob","floor":6,"turns":5},{"damage":20,"enemies":"Gremlin Gang","floor":8,"turns":3},{"damage":4,"enemies":"3 Louse","floor":13,"turns":2},{"damage":12,"enemies":"The Guardian","floor":16,"turns":14},{"damage":3,"enemies":"3 Byrds","floor":18,"turns":5},{"damage":0,"enemies":"Chosen","floor":20,"turns":4},{"damage":44,"enemies":"Snake Plant","floor":22,"turns":5},{"damage":12,"enemies":"Snecko","floor":25,"turns":5},{"damage":20,"enemies":"Centurion and Healer","floor":28,"turns":3},{"damage":24,"enemies":"Sentry and Sphere","floor":29,"turns":5},{"damage":18,"enemies":"Snecko","floor":31,"turns":3},{"damage":63,"enemies":"Automaton","floor":33,"turns":4}],"event_choices":[{"event_name":"Golden Shrine","player_choice":"Desecrate","floor":11,"damage_taken":0},{"event_name":"The Cleric","player_choice":"Card Removal","floor":14,"damage_taken":0},{"event_name":"Forgotten Altar","player_choice":"Shed Blood","floor":19,"damage_taken":0},{"event_name":"Addict","player_choice":"Obtained Relic","floor":21,"damage_taken":0},{"event_name":"Beggar","player_choice":"Ignored","floor":24,"damage_taken":0},{"event_name":"Drug Dealer","player_choice":"Got JAXXED","floor":30,"damage_taken":0}],"boss_relics":[{"not_picked":["Snecko Eye","Runic Dome"],"picked":"Sozu"}],"potions_floor_spawned":[5,6,16,18,20,25],"seed_played":"-8143161930354939186","killed_by":"Automaton","ascension_level":0,"is_trial":false}