{"gold_per_floor":[114,126,144,144,144,177,177,203,203,216,216,250,263,295,295,399,399,418,434,450,73,92,92,92],"floor_reached":24,"playtime":1843,"items_purged":["Clothesline+1"],"score":353,"play_id":"e3e7a413-75d2-4513-aca1-f4d6301b6d5e","local_time":"20190125061044","is_ascension_mode":true,"campfire_choices":[{"data":"Entrench","floor":7,"key":"SMITH"},{"data":"Entrench","floor":15,"key":"SMITH"},{"data":"Barricade","floor":23,"key":"SMITH"}],"neow_cost":"TEN_PERCENT_HP_LOSS","seed_source_timestamp":108322258352800,"circlet_count":0,"master_deck":["AscendersBane","Defend_R","Defend_R","Defend_R","Defend_R","Metallicize","Headbutt","Rampage","Iron Wave","Entrench+1","Barricade+1","Entrench+1","Disarm+1","Whirlwind+1","Battle Trance+1","Metallicize+1"],"relics":["Burning Blood","Paper Frog","Frozen Egg 2","Darkstone Periapt","Singing Bowl","Omamori","Astrolabe","WingedGreaves"],"potions_floor_usage":[8,12,14,16,22,24],"damage_taken":[{"damage":10,"enemies":"Cultist","floor":1,"turns":4},{"damage":7,"enemies":"Jaw Worm","floor":2,"turns":5},{"damage":4,"enemies":"2 Louse","floor":3,"turns":3},{"damage":17,"enemies":"3 Sentries","floor":6,"turns":12},{"damage":21,"enemies":"Gremlin Nob","floor":8,"turns":4},{"damage":3,"enemies":"2 Fungi Beasts","floor":10,"turns":6},{"damage":5,"enemies":"Lagavulin","floor":12,"turns":9},{"damage":6,"enemies":"Exordium Wildlife","floor":13,"turns":9},{"damage":26,"enemies":"Gremlin Nob","floor":14,"turns":6},{"damage":14,"enemies":"Hexaghost","floor":16,"turns":23},{"damage":1,"enemies":"3 Byrds","floor":18,"turns":5},{"damage":38,"enemies":"2 Thieves","floor":19,"turns":4},{"damage":14,"enemies":"Centurion and Healer","floor":20,"turns":14},{"damage":29,"enemies":"Shelled Parasite and Fungi","floor":22,"turns":15},{"damage":17,"enemies":"Slavers","floor":24,"turns":3}],"seed_played":"-1002020495616312719","potions_obtained":[{"floor":1,"key":"Strength Potion"},{"floor":8,"key":"AttackPotion"},{"floor":10,"key":"Poison Potion"},{"floor":12,"key":"Weak Potion"},{"floor":16,"key":"GamblersBrew"},{"floor":20,"key":"Regen Potion"},{"floor":22,"key":"Poison Potion"}],"is_trial":false,"path_per_floor":["M","M","M","?","?","E","R","E","T","M","?","E","M","E","R","B",null,"M","M","M","$","M","R","E"],"character_chosen":"IRONCLAD","items_purchased":["WingedGreaves"],"campfire_rested":0,"item_purchase_floors":[21],"current_hp_per_floor":[68,67,69,69,69,58,58,43,43,46,39,42,42,24,24,18,63,68,38,32,32,24,24,7],"gold":92,"neow_bonus":"TRANSFORM_TWO_CARDS","is_prod":false,"is_daily":false,"chose_seed":false,"campfire_upgraded":3,"win_rate":0,"timestamp":1548393044,"path_taken":["M","M","M","?","?","E","R","E","T","M","?","E","M","E","R","BOSS","M","M","M","$","M","R","E"],"build_version":"2019-01-23","purchased_purges":1,"victory":false,"max_hp_per_floor":[72,72,72,72,72,72,72,72,72,72,72,74,74,76,76,78,78,78,80,82,82,82,82,82],"card_choices":[{"not_picked":["Disarm","Body Slam"],"picked":"Headbutt","floor":1},{"not_picked":["Bloodletting","Twin Strike"],"picked":"Rampage","floor":2},{"not_picked":["Reckless Charge","Blood for Blood"],"picked":"Iron Wave","floor":3},{"not_picked":["Headbutt","Thunderclap"],"picked":"Barricade","floor":6},{"not_picked":["Armaments","Cleave","Spot Weakness"],"picked":"SKIP","floor":8},{"not_picked":["Twin Strike","Feel No Pain+1","Clash"],"picked":"SKIP","floor":10},{"not_picked":["Power Through","Anger","Pommel Strike"],"picked":"Singing Bowl","floor":12},{"not_picked":["Thunderclap","Cleave"],"picked":"Entrench","floor":13},{"not_picked":["Entrench","Flex","Anger"],"picked":"Singing Bowl","floor":14},{"not_picked":["Fiend Fire","Double Tap","Feed"],"picked":"Singing Bowl","floor":16},{"not_picked":["Clothesline","Heavy Blade"],"picked":"Battle Trance+1","floor":18},{"not_picked":["Twin Strike","Warcry","Dual Wield"],"picked":"Singing Bowl","floor":19},{"not_picked":["Anger","Brutality+1","Inflame+1"],"picked":"Singing Bowl","floor":20},{"not_picked":["Cleave","Heavy Blade"],"picked":"Metallicize+1","floor":22}],"player_experience":250827,"relics_obtained":[{"floor":6,"key":"Paper Frog"},{"floor":8,"key":"Frozen Egg 2"},{"floor":9,"key":"Darkstone Periapt"},{"floor":12,"key":"Singing Bowl"},{"floor":14,"key":"Omamori"}],"event_choices":[{"damage_healed":0,"gold_gain":0,"player_choice":"Ignored","damage_taken":0,"max_hp_gain":0,"max_hp_loss":0,"event_name":"Liars Game","floor":4,"gold_loss":0},{"damage_healed":0,"gold_gain":0,"cards_transformed":["Power Through"],"player_choice":"Change","damage_taken":0,"max_hp_gain":0,"max_hp_loss":0,"event_name":"Living Wall","floor":5,"gold_loss":0,"cards_obtained":["Entrench"]},{"cards_removed":["Strike_R"],"damage_healed":0,"gold_gain":0,"player_choice":"Card Removal","damage_taken":7,"max_hp_gain":0,"max_hp_loss":0,"event_name":"Golden Wing","floor":11,"gold_loss":0}],"is_beta":false,"boss_relics":[{"not_picked":["Tiny House","Eternal Feather"],"picked":"Astrolabe"}],"items_purged_floors":[21],"is_endless":false,"potions_floor_spawned":[1,8,10,12,16,20,22],"killed_by":"Slavers","ascension_level":11}