{"gold_per_floor":[117,117,67,67,78,78,91,117,117,38,38,38,67,77,77,173,173,187,127,114,130,130,130,141,156,226,226,238,258,258,290,290,395,445,459,459,459,469,469,469,496,496,496,515,515,544,559,572,572,572],"floor_reached":50,"playtime":3499,"items_purged":[],"score":774,"play_id":"4d26f8ca-c79a-4c9e-bcc0-2801de65e2f0","local_time":"20190220141721","is_ascension_mode":true,"campfire_choices":[{"data":"Caltrops","floor":6,"key":"SMITH"},{"floor":11,"key":"REST"},{"floor":15,"key":"REST"},{"floor":23,"key":"REST"},{"floor":27,"key":"REST"},{"floor":30,"key":"REST"},{"floor":32,"key":"REST"},{"floor":40,"key":"REST"},{"floor":42,"key":"REST"},{"floor":45,"key":"REST"},{"floor":49,"key":"REST"}],"neow_cost":"NONE","seed_source_timestamp":410361605421003,"circlet_count":0,"master_deck":["Defend_G","Defend_G","Defend_G","Defend_G","Defend_G","Strike_G","Survivor","Neutralize+1","Leg Sweep","Pain","Caltrops+1","Deflect","PiercingWail","Dash","Cloak And Dagger","Acrobatics","Corpse Explosion","Escape Plan+1","Well Laid Plans+1","Footwork","Footwork","Noxious Fumes","Flying Knee","Dagger Throw+1","Noxious Fumes","Corpse Explosion","Adrenaline","Cloak And Dagger","Backflip","Prepared+1","Tools of the Trade","Writhe","Infinite Blades+1","Backflip","Endless Agony+1"],"relics":["Ring of the Snake","NeowsBlessing","Ginger","WarpedTongs","Omamori","Bottled Flame","Snake Skull","Cursed Key","Meat on the Bone","Strawberry","Tiny House","Dodecahedron","Lantern","Bottled Tornado","Sundial"],"potions_floor_usage":[8,13,16,20,24,35,47,48,50],"damage_taken":[{"damage":0,"enemies":"Small Slimes","floor":1,"turns":1},{"damage":1,"enemies":"2 Louse","floor":5,"turns":2},{"damage":1,"enemies":"Cultist","floor":7,"turns":1},{"damage":20,"enemies":"Lagavulin","floor":8,"turns":9},{"damage":17,"enemies":"Gremlin Nob","floor":13,"turns":5},{"damage":13,"enemies":"Lots of Slimes","floor":14,"turns":3},{"damage":23,"enemies":"Hexaghost","floor":16,"turns":16},{"damage":4,"enemies":"Chosen","floor":18,"turns":5},{"damage":10,"enemies":"2 Thieves","floor":20,"turns":4},{"damage":18,"enemies":"Snecko","floor":21,"turns":9},{"damage":12,"enemies":"Centurion and Healer","floor":24,"turns":5},{"damage":8,"enemies":"3 Cultists","floor":25,"turns":4},{"damage":5,"enemies":"Cultist and Chosen","floor":28,"turns":5},{"damage":14,"enemies":"Centurion and Healer","floor":29,"turns":6},{"damage":14,"enemies":"Book of Stabbing","floor":31,"turns":5},{"damage":61,"enemies":"Champ","floor":33,"turns":14},{"damage":22,"enemies":"3 Darklings","floor":35,"turns":3},{"damage":16,"enemies":"Orb Walker","floor":38,"turns":5},{"damage":43,"enemies":"Giant Head","floor":41,"turns":12},{"damage":27,"enemies":"Sphere and 2 Shapes","floor":44,"turns":5},{"damage":40,"enemies":"Nemesis","floor":46,"turns":10},{"damage":21,"enemies":"3 Darklings","floor":47,"turns":4},{"damage":21,"enemies":"Spire Growth","floor":48,"turns":8},{"damage":48,"enemies":"Time Eater","floor":50,"turns":12}],"seed_played":"5752684718274647220","potions_obtained":[{"floor":1,"key":"SteroidPotion"},{"floor":7,"key":"Fire Potion"},{"floor":8,"key":"Explosive Potion"},{"floor":13,"key":"EssenceOfSteel"},{"floor":21,"key":"EssenceOfSteel"},{"floor":28,"key":"SneckoOil"},{"floor":31,"key":"Strength Potion"},{"floor":34,"key":"Explosive Potion"},{"floor":35,"key":"GamblersBrew"},{"floor":38,"key":"SpeedPotion"},{"floor":47,"key":"Fire Potion"}],"is_trial":false,"path_per_floor":["M","?","?","?","M","R","M","E","T","$","R","?","E","M","R","B",null,"M","?","M","M","?","R","M","M","T","R","M","M","R","E","R","B",null,"M","T","?","M","?","R","E","R","T","M","R","E","M","M","R","B"],"character_chosen":"THE_SILENT","items_purchased":["Dash"],"campfire_rested":10,"item_purchase_floors":[10],"current_hp_per_floor":[63,45,45,45,44,44,43,23,23,23,44,44,27,14,35,12,56,52,52,42,24,24,45,33,25,25,46,41,39,60,53,76,27,70,48,48,48,44,44,68,37,61,61,46,70,42,33,24,48,0],"gold":572,"neow_bonus":"THREE_ENEMY_KILL","is_prod":false,"is_daily":false,"chose_seed":false,"campfire_upgraded":1,"win_rate":0,"timestamp":1550650641,"path_taken":["M","?","?","?","?","R","?","E","T","?","R","?","E","?","R","BOSS","M","?","?","M","?","R","M","M","T","R","M","?","R","E","R","BOSS","M","?","?","M","?","R","E","R","T","M","R","E","?","M","R","BOSS"],"build_version":"2019-01-23","purchased_purges":0,"victory":false,"max_hp_per_floor":[70,70,70,70,70,70,70,70,70,70,70,70,70,70,70,70,70,70,70,70,70,70,70,70,70,70,70,70,70,70,77,77,77,82,82,82,82,82,82,82,82,82,82,82,82,82,82,82,82,82],"card_choices":[{"not_picked":["Tactician","Quick Slash"],"picked":"Leg Sweep","floor":1},{"not_picked":["Poisoned Stab","Eviscerate"],"picked":"Caltrops","floor":5},{"not_picked":["Quick Slash","Dodge and Roll"],"picked":"Deflect","floor":7},{"not_picked":["Dagger Throw","Catalyst"],"picked":"PiercingWail","floor":8},{"not_picked":["Deflect","Infinite Blades"],"picked":"Cloak And Dagger","floor":13},{"not_picked":["Skewer","Bane"],"picked":"Acrobatics","floor":14},{"not_picked":["Venomology","Doppelganger"],"picked":"Corpse Explosion","floor":16},{"not_picked":["Deflect","PiercingWail"],"picked":"Escape Plan+1","floor":18},{"not_picked":["Flying Knee","Dodge and Roll"],"picked":"Footwork","floor":20},{"not_picked":["Quick Slash","Poisoned Stab"],"picked":"Noxious Fumes","floor":21},{"not_picked":["Flying Knee","Choke+1","Bane"],"picked":"SKIP","floor":24},{"not_picked":["Outmaneuver","Quick Slash"],"picked":"Dagger Throw+1","floor":25},{"not_picked":["Glass Knife","Reflex"],"picked":"Noxious Fumes","floor":28},{"not_picked":["Flying Knee","Expertise","Dagger Spray"],"picked":"SKIP","floor":29},{"not_picked":["Deadly Poison","Reflex"],"picked":"Corpse Explosion","floor":31},{"not_picked":["A Thousand Cuts","Burst"],"picked":"Adrenaline","floor":33},{"not_picked":["Deadly Poison","Blade Dance"],"picked":"Cloak And Dagger","floor":34},{"not_picked":["Slice","Heel Hook"],"picked":"Backflip","floor":35},{"not_picked":["Underhanded Strike","Quick Slash+1"],"picked":"Prepared+1","floor":38},{"not_picked":["Predator","Backflip+1"],"picked":"Tools of the Trade","floor":41},{"not_picked":["Slice+1","Sucker Punch+1"],"picked":"Infinite Blades+1","floor":44},{"not_picked":["Bane+1","Burst"],"picked":"Backflip","floor":46},{"not_picked":["Riddle With Holes+1","Prepared"],"picked":"Endless Agony+1","floor":47},{"not_picked":["Dagger Throw+1","Slice","Eviscerate"],"picked":"SKIP","floor":48}],"player_experience":835933,"relics_obtained":[{"floor":8,"key":"Omamori"},{"floor":9,"key":"Bottled Flame"},{"floor":13,"key":"Snake Skull"},{"floor":26,"key":"Meat on the Bone"},{"floor":31,"key":"Strawberry"},{"floor":36,"key":"Dodecahedron"},{"floor":41,"key":"Lantern"},{"floor":43,"key":"Bottled Tornado"},{"floor":46,"key":"Sundial"}],"event_choices":[{"damage_healed":0,"gold_gain":0,"player_choice":"Success","damage_taken":18,"relics_obtained":["Ginger"],"max_hp_gain":0,"max_hp_loss":0,"event_name":"Scrap Ooze","floor":2,"gold_loss":0},{"cards_removed":["Strike_G"],"damage_healed":0,"gold_gain":0,"player_choice":"Card Removal","damage_taken":0,"max_hp_gain":0,"max_hp_loss":0,"event_name":"The Cleric","floor":3,"gold_loss":50},{"damage_healed":0,"gold_gain":0,"player_choice":"Rummage","damage_taken":0,"relics_obtained":["WarpedTongs"],"max_hp_gain":0,"max_hp_loss":0,"event_name":"Accursed Blacksmith","floor":4,"gold_loss":0,"cards_obtained":["Pain"]},{"damage_healed":0,"gold_gain":0,"player_choice":"Upgraded","damage_taken":0,"max_hp_gain":0,"max_hp_loss":0,"event_name":"Upgrade Shrine","floor":12,"gold_loss":0,"cards_upgraded":["Neutralize"]},{"damage_healed":0,"gold_gain":0,"cards_transformed":["Strike_G","Strike_G"],"player_choice":"Transformed Cards","damage_taken":0,"max_hp_gain":0,"max_hp_loss":0,"event_name":"Designer","floor":19,"gold_loss":60,"cards_obtained":["Well Laid Plans","Footwork"]},{"damage_healed":0,"gold_gain":0,"player_choice":"1 cards matched","damage_taken":0,"max_hp_gain":0,"max_hp_loss":0,"event_name":"Match and Keep!","floor":22,"gold_loss":0,"cards_obtained":["Flying Knee"]},{"cards_removed":["Strike_G"],"damage_healed":0,"gold_gain":0,"player_choice":"Removed Attack","damage_taken":0,"max_hp_gain":0,"max_hp_loss":0,"event_name":"Falling","floor":37,"gold_loss":0},{"damage_healed":0,"gold_gain":0,"player_choice":"Bought 0 Potions","damage_taken":0,"max_hp_gain":0,"max_hp_loss":0,"event_name":"The Woman in Blue","floor":39,"gold_loss":0}],"is_beta":false,"boss_relics":[{"not_picked":["Empty Cage","White Beast Statue"],"picked":"Cursed Key"},{"not_picked":["Runic Pyramid","WristBlade"],"picked":"Tiny House"}],"items_purged_floors":[],"is_endless":false,"potions_floor_spawned":[1,7,8,13,21,28,31,35,38,47],"killed_by":"Time Eater","ascension_level":6}