{"gold_per_floor":[114,125,138,213,228,228,228,261,307,325,325,325,36,51,51,125,125,140,140,124,223,239,239,257,280,280,280,280,298,298,310,310,389,389,407,418,430,440,452,452,452],"floor_reached":41,"playtime":2909,"items_purged":[],"score":678,"play_id":"f1bb5967-32ab-4189-8fe6-46ee9b72b97d","local_time":"20181117011537","is_ascension_mode":true,"campfire_choices":[{"floor":6,"key":"REST"},{"floor":12,"key":"REST"},{"floor":15,"key":"REST"},{"floor":23,"key":"REST"},{"floor":30,"key":"REST"},{"floor":32,"key":"REST"},{"floor":40,"key":"REST"}],"neow_cost":"NONE","seed_source_timestamp":163229569735609,"circlet_count":0,"master_deck":["AscendersBane","Strike_B+1","Strike_B+1","Defend_B+1","Defend_B+1","Defend_B+1","Zap+1","Leap","Undo+1","Cold Snap","Capacitor","Leap","Streamline+1","Defragment+1","FTL","All For One","Force Field","Redo+1","Redo","Capacitor","Gash","Compile Driver+1","Machine Learning","Ball Lightning+1","Aggregate+1","Sunder+1","Chill","Blizzard","Parasite","Go for the Eyes"],"relics":["FrozenCore","Kunai","Juzu Bracelet","Mercury Hourglass","Lantern","Shuriken","Astrolabe"],"potions_floor_usage":[16,16,20,29,37,41],"damage_taken":[{"damage":2,"enemies":"Jaw Worm","floor":1,"turns":3},{"damage":7,"enemies":"2 Louse","floor":2,"turns":2},{"damage":0,"enemies":"Cultist","floor":3,"turns":3},{"damage":8,"enemies":"Large Slime","floor":5,"turns":7},{"damage":18,"enemies":"3 Sentries","floor":8,"turns":10},{"damage":6,"enemies":"Blue Slaver","floor":10,"turns":4},{"damage":15,"enemies":"3 Louse","floor":14,"turns":2},{"damage":25,"enemies":"Slime Boss","floor":16,"turns":8},{"damage":7,"enemies":"Spheric Guardian","floor":18,"turns":5},{"damage":7,"enemies":"2 Thieves","floor":20,"turns":4},{"damage":13,"enemies":"Cultist and Chosen","floor":22,"turns":7},{"damage":14,"enemies":"Snake Plant","floor":24,"turns":5},{"damage":3,"enemies":"3 Cultists","floor":29,"turns":6},{"damage":17,"enemies":"Cultist and Chosen","floor":31,"turns":7},{"damage":40,"enemies":"Champ","floor":33,"turns":12},{"damage":35,"enemies":"3 Darklings","floor":35,"turns":6},{"damage":9,"enemies":"Orb Walker","floor":36,"turns":6},{"damage":10,"enemies":"3 Darklings","floor":37,"turns":6},{"damage":4,"enemies":"Sphere and 2 Shapes","floor":38,"turns":6},{"damage":0,"enemies":"Writhing Mass","floor":39,"turns":11},{"damage":30,"enemies":"Jaw Worm Horde","floor":41,"turns":2}],"seed_played":"8390611062649697795","potions_obtained":[{"floor":2,"key":"Weak Potion"},{"floor":5,"key":"Swift Potion"},{"floor":10,"key":"Poison Potion"},{"floor":16,"key":"Explosive Potion"},{"floor":18,"key":"SteroidPotion"},{"floor":29,"key":"Poison Potion"},{"floor":31,"key":"Fire Potion"}],"is_trial":false,"path_per_floor":["M","M","M","?","M","R","?","E","T","M","?","R","$","M","R","B",null,"M","?","M","?","M","R","M","T","T","?","?","M","R","M","R","B",null,"M","M","M","M","M","R","M"],"character_chosen":"DEFECT","items_purchased":["Defragment","Mercury Hourglass"],"campfire_rested":7,"item_purchase_floors":[13,13],"current_hp_per_floor":[62,55,55,44,36,57,57,39,39,33,19,40,40,25,46,21,59,52,52,45,45,32,53,39,39,39,39,26,23,45,28,50,10,60,25,16,6,2,2,24,0],"gold":452,"neow_bonus":"UPGRADE_CARD","is_prod":false,"is_daily":false,"chose_seed":false,"campfire_upgraded":0,"win_rate":0,"timestamp":1542384937,"path_taken":["M","M","M","?","M","R","?","E","T","M","?","R","$","M","R","BOSS","M","?","M","?","M","R","M","?","T","?","?","M","R","M","R","BOSS","M","M","M","M","M","R","M"],"build_version":"2018-11-15","purchased_purges":0,"victory":false,"max_hp_per_floor":[71,71,71,71,71,71,71,71,71,71,71,71,71,71,71,71,71,71,71,71,71,71,71,71,71,71,71,76,76,76,76,76,76,76,76,76,76,76,76,76,76],"card_choices":[{"not_picked":["Rebound","Gash"],"picked":"Leap","floor":1},{"not_picked":["Barrage","Loop"],"picked":"Undo","floor":2},{"not_picked":["Stack","Beam Cell"],"picked":"Cold Snap","floor":3},{"not_picked":["Static Discharge","Hologram"],"picked":"Capacitor","floor":5},{"not_picked":["Streamline","Aggregate"],"picked":"Leap","floor":8},{"not_picked":["Lockon","Recycle"],"picked":"Streamline","floor":10},{"not_picked":["Lockon","Reprogram"],"picked":"FTL","floor":14},{"not_picked":["Hyperbeam","Creative AI"],"picked":"All For One","floor":16},{"not_picked":["Storm","Streamline"],"picked":"Force Field","floor":18},{"not_picked":["BootSequence","Turbo"],"picked":"Redo+1","floor":20},{"not_picked":["Force Field","Beam Cell"],"picked":"Redo","floor":22},{"not_picked":["Barrage","Sweeping Beam"],"picked":"Capacitor","floor":24},{"not_picked":["Go for the Eyes+1","Heatsinks"],"picked":"Gash","floor":29},{"not_picked":["Creative AI","Cold Snap"],"picked":"Compile Driver+1","floor":31},{"not_picked":["Thunder Strike","Buffer"],"picked":"Machine Learning","floor":33},{"not_picked":["Go for the Eyes","Coolheaded+1"],"picked":"Chill","floor":35},{"not_picked":["Beam Cell+1","Chaos","Stack"],"picked":"SKIP","floor":36},{"not_picked":["Gash","Leap+1"],"picked":"Blizzard","floor":37},{"not_picked":["Barrage","Force Field","Cold Snap"],"picked":"SKIP","floor":38},{"not_picked":["Cold Snap+1","Steam"],"picked":"Go for the Eyes","floor":39}],"player_experience":513395,"relics_obtained":[{"floor":8,"key":"Kunai"},{"floor":9,"key":"Juzu Bracelet"},{"floor":25,"key":"Lantern"},{"floor":26,"key":"Shuriken"}],"event_choices":[{"damage_healed":0,"gold_gain":75,"player_choice":"Gather Gold","damage_taken":11,"max_hp_gain":0,"max_hp_loss":0,"event_name":"World of Goop","floor":4,"gold_loss":0},{"cards_removed":["Defend_B"],"damage_healed":0,"gold_gain":0,"player_choice":"Offered Basic","damage_taken":0,"max_hp_gain":0,"max_hp_loss":0,"event_name":"Bonfire Elementals","floor":7,"gold_loss":0},{"damage_healed":0,"gold_gain":0,"player_choice":"Entered Light","damage_taken":14,"max_hp_gain":0,"max_hp_loss":0,"event_name":"Shining Light","floor":11,"gold_loss":0,"cards_upgraded":["Undo","Streamline"]},{"damage_healed":0,"gold_gain":0,"player_choice":"Simplicity","damage_taken":0,"max_hp_gain":0,"max_hp_loss":0,"event_name":"Back to Basics","floor":19,"gold_loss":0,"cards_upgraded":["Strike_B","Strike_B","Strike_B","Strike_B","Defend_B","Defend_B","Defend_B"]},{"damage_healed":0,"gold_gain":99,"player_choice":"Stole From Cult","damage_taken":0,"max_hp_gain":0,"max_hp_loss":0,"event_name":"Nest","floor":21,"gold_loss":0},{"damage_healed":0,"gold_gain":0,"player_choice":"Upgraded","damage_taken":0,"max_hp_gain":0,"max_hp_loss":0,"event_name":"Upgrade Shrine","floor":27,"gold_loss":0,"cards_upgraded":["Defragment"]},{"damage_healed":0,"gold_gain":0,"player_choice":"Shed Blood","damage_taken":18,"max_hp_gain":5,"max_hp_loss":0,"event_name":"Forgotten Altar","floor":28,"gold_loss":0}],"is_beta":false,"boss_relics":[{"not_picked":["Velvet Choker","Eternal Feather"],"picked":"FrozenCore"},{"not_picked":["White Beast Statue","Calling Bell"],"picked":"Astrolabe"}],"items_purged_floors":[],"is_endless":false,"potions_floor_spawned":[2,5,8,10,16,18,29,31,33,35],"killed_by":"Jaw Worm Horde","ascension_level":14}