{"gold_per_floor":[118,136,136,166,183,513,513,546,546,546,623,656,656,656,656,753,753,753,753,753,753,753,753,753,753,753,753,753,753,753,753,753,753,753,753,753,753,753],"floor_reached":38,"playtime":2206,"items_purged":[],"score":500,"play_id":"38c891b3-69c9-4e58-944c-c535cef0ba8b","local_time":"20181008224953","is_ascension_mode":true,"campfire_choices":[{"data":"Storm","floor":7,"key":"SMITH"},{"floor":15,"key":"REST"},{"floor":24,"key":"REST"},{"data":"Hello World","floor":30,"key":"SMITH"},{"data":"Storm","floor":32,"key":"SMITH"}],"neow_cost":"","seed_source_timestamp":1335853508546538,"circlet_count":0,"master_deck":["Defend_B","Defend_B","Defend_B","Defend_B","Zap","Dualcast","Storm+1","Storm+1","BootSequence","Static Discharge","Parasite","Amplify","Capacitor","Heatsinks","Seek+1","Hello World+1","Bite","Bite","Bite","Bite","Bite","FTL+1","Echo Form"],"relics":["Cracked Core","Tiny Chest","Old Coin","Prayer Wheel","Juzu Bracelet","Meat on the Bone","Centennial Puzzle","Bag of Marbles","The Courier","Ectoplasm","Toxic Egg 2","Dead Branch","Oddly Smooth Stone","Singing Bowl","Coffee Dripper","Pen Nib"],"potions_floor_usage":[12,16,23,23,33,33],"damage_taken":[{"damage":3,"enemies":"Jaw Worm","floor":1,"turns":4},{"damage":0,"enemies":"Small Slimes","floor":2,"turns":3},{"damage":0,"enemies":"Cultist","floor":5,"turns":2},{"damage":24,"enemies":"Gremlin Nob","floor":6,"turns":4},{"damage":21,"enemies":"Lagavulin","floor":8,"turns":7},{"damage":18,"enemies":"3 Sentries","floor":12,"turns":4},{"damage":36,"enemies":"Hexaghost","floor":16,"turns":8},{"damage":38,"enemies":"Shell Parasite","floor":18,"turns":5},{"damage":6,"enemies":"3 Byrds","floor":21,"turns":3},{"damage":30,"enemies":"Cultist and Chosen","floor":22,"turns":5},{"damage":41,"enemies":"Gremlin Leader","floor":23,"turns":7},{"damage":24,"enemies":"Book of Stabbing","floor":25,"turns":3},{"damage":20,"enemies":"Snake Plant","floor":28,"turns":3},{"damage":12,"enemies":"Snecko","floor":29,"turns":4},{"damage":11,"enemies":"Sentry and Sphere","floor":31,"turns":3},{"damage":58,"enemies":"Automaton","floor":33,"turns":8},{"damage":26,"enemies":"3 Darklings","floor":35,"turns":3},{"damage":9,"enemies":"3 Shapes","floor":36,"turns":3},{"damage":51,"enemies":"Reptomancer","floor":38,"turns":2}],"seed_played":"-4161491013712034209","potions_obtained":[{"floor":2,"key":"Explosive Potion"},{"floor":12,"key":"FocusPotion"},{"floor":16,"key":"FairyPotion"},{"floor":21,"key":"SteroidPotion"},{"floor":22,"key":"Regen Potion"},{"floor":23,"key":"EssenceOfSteel"},{"floor":25,"key":"AttackPotion"},{"floor":28,"key":"Block Potion"},{"floor":36,"key":"SkillPotion"}],"is_trial":false,"path_per_floor":["M","M","?","T","M","E","R","E","T","?","T","E","T","?","R","B",null,"M","?","T","M","M","E","R","E","T","?","M","M","R","M","R","B",null,"M","M","?"],"character_chosen":"DEFECT","items_purchased":[],"campfire_rested":2,"item_purchase_floors":[],"current_hp_per_floor":[72,72,57,57,57,33,33,12,12,30,30,24,24,24,46,22,75,49,49,49,43,25,19,41,29,29,29,33,33,33,44,44,24,62,46,45,45,0],"gold":753,"neow_bonus":"","is_prod":false,"is_daily":false,"chose_seed":false,"campfire_upgraded":3,"win_rate":0,"timestamp":1539031793,"path_taken":["M","M","?","?","M","E","R","E","T","?","?","E","?","?","R","BOSS","M","?","?","M","M","E","R","E","T","?","M","M","R","M","R","BOSS","M","M","?","M"],"build_version":"2018-10-04v2","purchased_purges":0,"victory":false,"max_hp_per_floor":[75,75,75,75,75,75,75,75,75,75,75,75,75,75,75,75,75,75,75,75,75,75,75,75,75,75,52,56,60,60,62,62,62,62,66,70,70,70],"card_choices":[{"not_picked":["Coolheaded","Gash"],"picked":"Storm","floor":1},{"not_picked":["Stack","Reprogram","Chaos"],"picked":"SKIP","floor":2},{"not_picked":["Conserve Battery","Consume"],"picked":"Storm","floor":5},{"not_picked":["Leap","Ball Lightning"],"picked":"BootSequence","floor":6},{"not_picked":["All For One","Streamline"],"picked":"Static Discharge","floor":8},{"not_picked":["Gash","Beam Cell","Cold Snap"],"picked":"SKIP","floor":12},{"not_picked":["Reboot","Echo Form"],"picked":"Amplify","floor":16},{"not_picked":["Coolheaded","Rebound"],"picked":"Capacitor","floor":18},{"not_picked":["Melter","Gash","Stack"],"picked":"SKIP","floor":18},{"not_picked":["Undo+1","Barrage","Turbo+1"],"picked":"SKIP","floor":21},{"not_picked":["Aggregate+1","Cold Snap+1","Beam Cell+1"],"picked":"SKIP","floor":21},{"not_picked":["Redo+1","Barrage"],"picked":"Seek+1","floor":22},{"not_picked":["Leap+1","Compile Driver+1","Beam Cell+1"],"picked":"SKIP","floor":22},{"not_picked":["Beam Cell","Steam+1"],"picked":"Hello World","floor":23},{"not_picked":["Leap+1","Hologram+1","Stack+1"],"picked":"SKIP","floor":25},{"not_picked":["Hologram+1","Sweeping Beam","Leap+1"],"picked":"Singing Bowl","floor":28},{"not_picked":["Glacier+1","Darkness+1","All For One"],"picked":"Singing Bowl","floor":28},{"not_picked":["Gash","Stack+1","Go for the Eyes"],"picked":"Singing Bowl","floor":29},{"not_picked":["Barrage","Chaos+1","Stack+1"],"picked":"Singing Bowl","floor":29},{"not_picked":["Chaos+1","Ball Lightning","Redo+1"],"picked":"Singing Bowl","floor":31},{"not_picked":["Stack+1","Coolheaded+1"],"picked":"FTL+1","floor":31},{"not_picked":["Biased Cognition","Rainbow+1"],"picked":"Echo Form","floor":33},{"not_picked":["Barrage","Chill+1","Conserve Battery+1"],"picked":"Singing Bowl","floor":35},{"not_picked":["Conserve Battery+1","Rebound","Streamline"],"picked":"Singing Bowl","floor":35},{"not_picked":["Sweeping Beam+1","Lockon","Steam Power+1"],"picked":"Singing Bowl","floor":36},{"not_picked":["Skim+1","Compile Driver","Chill+1"],"picked":"Singing Bowl","floor":36}],"player_experience":231452,"relics_obtained":[{"floor":4,"key":"Tiny Chest"},{"floor":6,"key":"Old Coin"},{"floor":8,"key":"Prayer Wheel"},{"floor":9,"key":"Juzu Bracelet"},{"floor":11,"key":"Meat on the Bone"},{"floor":12,"key":"Centennial Puzzle"},{"floor":13,"key":"Bag of Marbles"},{"floor":20,"key":"Toxic Egg 2"},{"floor":23,"key":"Dead Branch"},{"floor":25,"key":"Oddly Smooth Stone"},{"floor":26,"key":"Singing Bowl"}],"event_choices":[{"event_name":"Shining Light","player_choice":"Entered Light","floor":3,"damage_taken":0},{"event_name":"Mushrooms","player_choice":"Healed and dodged fight","floor":10,"damage_taken":0},{"event_name":"Dead Adventurer","player_choice":"Searched \u00271\u0027 times","floor":14,"damage_taken":0},{"event_name":"The Library","player_choice":"Read","floor":19,"damage_taken":0},{"event_name":"Vampires","player_choice":"Became a vampire","floor":27,"damage_taken":0},{"event_name":"WeMeetAgain","player_choice":"Potion","floor":37,"damage_taken":0}],"is_beta":false,"boss_relics":[{"not_picked":["Snecko Eye","Runic Dome"],"picked":"Ectoplasm"},{"not_picked":["Tiny House","Busted Crown"],"picked":"Coffee Dripper"}],"items_purged_floors":[],"is_endless":false,"potions_floor_spawned":[2,12,16,21,22,23,25,28,31,36],"killed_by":"Reptomancer","ascension_level":2}