{"gold_per_floor":[118,193,213,224,224,224,258,258,258,258,271,236,236,37,37,37],"floor_reached":16,"playtime":3548,"items_purged":[],"score":98,"play_id":"bf63fc63-9a5c-49d0-9502-b4ea83d779a5","local_time":"20190212202159","is_ascension_mode":false,"campfire_choices":[{"data":"Uppercut","floor":6,"key":"SMITH"},{"floor":8,"key":"REST"},{"floor":15,"key":"REST"}],"neow_cost":"","seed_source_timestamp":1813327190170273,"circlet_count":0,"master_deck":["Strike_R","Strike_R","Strike_R","Strike_R","Strike_R","Defend_R","Defend_R","Defend_R","Defend_R","Bash","Rupture","Whirlwind","Uppercut+1","Shrug It Off","Corruption","Shrug It Off","Jack Of All Trades"],"relics":["Burning Blood","Pantograph","Ancient Tea Set","Golden Idol"],"potions_floor_usage":[16,16,16],"damage_taken":[{"damage":15,"enemies":"Jaw Worm","floor":1,"turns":6},{"damage":9,"enemies":"2 Louse","floor":3,"turns":4},{"damage":2,"enemies":"Small Slimes","floor":4,"turns":3},{"damage":51,"enemies":"Lagavulin","floor":7,"turns":9},{"damage":29,"enemies":"2 Fungi Beasts","floor":11,"turns":5},{"damage":98,"enemies":"The Guardian","floor":16,"turns":14}],"seed_played":"-5793463954632951689","potions_obtained":[{"floor":1,"key":"BloodPotion"},{"floor":3,"key":"SpeedPotion"}],"is_trial":false,"path_per_floor":["M","?","M","M","?","R","E","R","T","?","M","?","?","$","R","B"],"character_chosen":"IRONCLAD","items_purchased":["Shrug It Off","Strength Potion","Jack Of All Trades"],"campfire_rested":2,"item_purchase_floors":[14,14,14],"current_hp_per_floor":[71,60,57,61,80,80,35,59,59,39,16,36,36,36,60,0],"gold":37,"neow_bonus":"","is_prod":false,"is_daily":false,"chose_seed":false,"campfire_upgraded":1,"win_rate":0.0,"timestamp":1549970519,"path_taken":["M","?","M","M","?","R","E","R","T","?","M","?","?","$","R","BOSS"],"build_version":"2019-01-23","purchased_purges":0,"victory":false,"max_hp_per_floor":[80,80,80,80,80,80,80,80,80,80,80,80,80,80,80,80],"card_choices":[{"not_picked":["Uppercut","Perfected Strike"],"picked":"Rupture","floor":1},{"not_picked":["Anger","True Grit"],"picked":"Whirlwind","floor":3},{"not_picked":["Rupture","Warcry"],"picked":"Uppercut","floor":4},{"not_picked":["Power Through","Anger"],"picked":"Shrug It Off","floor":7},{"not_picked":["Demon Form","Perfected Strike"],"picked":"Corruption","floor":11}],"player_experience":0,"relics_obtained":[{"floor":7,"key":"Pantograph"},{"floor":9,"key":"Ancient Tea Set"}],"event_choices":[{"damage_healed":0,"gold_gain":75,"player_choice":"Gather Gold","damage_taken":11,"max_hp_gain":0,"max_hp_loss":0,"event_name":"World of Goop","floor":2,"gold_loss":0},{"damage_healed":26,"gold_gain":0,"player_choice":"Banana","damage_taken":0,"max_hp_gain":0,"max_hp_loss":0,"event_name":"Big Fish","floor":5,"gold_loss":0},{"damage_healed":0,"gold_gain":0,"player_choice":"Take Damage","damage_taken":20,"relics_obtained":["Golden Idol"],"max_hp_gain":0,"max_hp_loss":0,"event_name":"Golden Idol","floor":10,"gold_loss":0},{"damage_healed":20,"gold_gain":0,"player_choice":"Healed","damage_taken":0,"max_hp_gain":0,"max_hp_loss":0,"event_name":"The Cleric","floor":12,"gold_loss":35},{"damage_healed":0,"gold_gain":0,"player_choice":"Searched \u00271\u0027 times","damage_taken":0,"max_hp_gain":0,"max_hp_loss":0,"event_name":"Dead Adventurer","floor":13,"gold_loss":0}],"is_beta":false,"boss_relics":[],"items_purged_floors":[],"is_endless":false,"potions_floor_spawned":[1,3],"killed_by":"The Guardian","ascension_level":0}