{"gold_per_floor":[114,114,129,144,159,189,189,189,214,58,88,363,363,393,393,493,493,508,523,622,637,637],"floor_reached":22,"playtime":1257,"items_purged":[],"score":204,"play_id":"5f478f1b-a22b-4c78-be41-5a5d61f8f93d","local_time":"20190203084156","daily_mods":["Allstar","Green Cards","Lethality"],"is_ascension_mode":false,"campfire_choices":[{"data":"Zap","floor":7,"key":"SMITH"},{"floor":13,"key":"REST"},{"floor":15,"key":"REST"}],"neow_cost":"","seed_source_timestamp":0,"circlet_count":0,"master_deck":["Strike_B","Strike_B","Strike_B","Strike_B","Defend_B","Defend_B","Defend_B","Defend_B","Zap+1","Dualcast","Metamorphosis","Bandage Up","PanicButton","Deep Breath","Enlightenment","Coolheaded","Noxious Fumes","Genetic Algorithm+1","Melter","Static Discharge","Bandage Up","Genetic Algorithm","Catalyst","Creative AI","Coolheaded","Noxious Fumes","PiercingWail","Dodge and Roll","Loop","Deflect","Hologram","Backflip"],"special_seed":17930,"relics":["Cracked Core","DataDisk","Omamori","Bag of Marbles","Mercury Hourglass","Orrery"],"potions_floor_usage":[6,14,19,21],"damage_taken":[{"damage":0,"enemies":"2 Louse","floor":1,"turns":2},{"damage":2,"enemies":"Cultist","floor":3,"turns":4},{"damage":14,"enemies":"Jaw Worm","floor":4,"turns":2},{"damage":13,"enemies":"Looter","floor":5,"turns":3},{"damage":19,"enemies":"Lagavulin","floor":6,"turns":5},{"damage":25,"enemies":"3 Sentries","floor":11,"turns":5},{"damage":10,"enemies":"Gremlin Nob","floor":14,"turns":4},{"damage":51,"enemies":"The Guardian","floor":16,"turns":8},{"damage":21,"enemies":"Chosen","floor":18,"turns":5},{"damage":22,"enemies":"3 Byrds","floor":19,"turns":1},{"damage":30,"enemies":"Snake Plant","floor":21,"turns":5},{"damage":28,"enemies":"Cultist and Chosen","floor":22,"turns":6}],"seed_played":"8747077811986150983","potions_obtained":[{"floor":1,"key":"Poison Potion"},{"floor":5,"key":"Explosive Potion"},{"floor":11,"key":"Block Potion"},{"floor":18,"key":"Weak Potion"}],"is_trial":false,"path_per_floor":["M","?","M","M","M","E","R","?","T","$","E","?","R","E","R","B",null,"M","M","?","M","M"],"character_chosen":"DEFECT","items_purchased":["Static Discharge","Bandage Up"],"campfire_rested":2,"item_purchase_floors":[10,10],"current_hp_per_floor":[75,75,73,59,46,31,31,31,31,31,14,14,36,34,56,13,75,58,40,40,18,0],"gold":637,"neow_bonus":"","is_prod":false,"is_daily":true,"chose_seed":false,"campfire_upgraded":1,"win_rate":0,"timestamp":1549179716,"path_taken":["M","?","M","M","?","E","R","?","T","?","E","?","R","E","R","BOSS","M","?","?","M","M"],"build_version":"2019-01-23","purchased_purges":0,"victory":false,"max_hp_per_floor":[75,75,75,75,75,75,75,75,75,75,75,75,75,75,75,75,75,75,75,75,75,75],"card_choices":[{"not_picked":["All Out Attack","Steam"],"picked":"Coolheaded","floor":1},{"not_picked":["Infinite Blades","Slice"],"picked":"Noxious Fumes","floor":3},{"not_picked":["Outmaneuver","Cold Snap"],"picked":"Genetic Algorithm","floor":4},{"not_picked":["Poisoned Stab","Hologram"],"picked":"Melter","floor":5},{"not_picked":["Undo","Barrage","Flechettes"],"picked":"SKIP","floor":6},{"not_picked":["Prepared","Consume"],"picked":"Genetic Algorithm","floor":11},{"not_picked":["Rebound","Adrenaline"],"picked":"Catalyst","floor":14},{"not_picked":["Thunder Strike","Rainbow"],"picked":"Creative AI","floor":16},{"not_picked":["Acrobatics","Steam Power"],"picked":"Coolheaded","floor":17},{"not_picked":["White Noise","Dagger Throw"],"picked":"Noxious Fumes","floor":17},{"not_picked":["Compile Driver","Distraction"],"picked":"PiercingWail","floor":17},{"not_picked":["Slice","Quick Slash"],"picked":"Dodge and Roll","floor":17},{"not_picked":["Eviscerate","Deflect"],"picked":"Loop","floor":17},{"not_picked":["Tempest","Storm of Steel"],"picked":"Deflect","floor":18},{"not_picked":["Dagger Spray","Slice"],"picked":"Hologram","floor":19},{"not_picked":["Undo","Flying Knee"],"picked":"Backflip","floor":21}],"player_experience":85851,"relics_obtained":[{"floor":6,"key":"DataDisk"},{"floor":9,"key":"Omamori"},{"floor":11,"key":"Bag of Marbles"},{"floor":14,"key":"Mercury Hourglass"}],"event_choices":[{"damage_healed":0,"gold_gain":0,"player_choice":"Bought 0 Potions","damage_taken":0,"max_hp_gain":0,"max_hp_loss":0,"event_name":"The Woman in Blue","floor":2,"gold_loss":0},{"damage_healed":0,"gold_gain":0,"player_choice":"Grow","damage_taken":0,"max_hp_gain":0,"max_hp_loss":0,"event_name":"Living Wall","floor":8,"gold_loss":0,"cards_upgraded":["Genetic Algorithm"]},{"damage_healed":0,"gold_gain":275,"player_choice":"Desecrate","damage_taken":0,"max_hp_gain":0,"max_hp_loss":0,"event_name":"Golden Shrine","floor":12,"gold_loss":0,"cards_obtained":["Regret"]},{"damage_healed":0,"gold_gain":99,"player_choice":"Stole From Cult","damage_taken":0,"max_hp_gain":0,"max_hp_loss":0,"event_name":"Nest","floor":20,"gold_loss":0}],"is_beta":false,"boss_relics":[{"not_picked":["Pandora\u0027s Box","Calling Bell"],"picked":"Orrery"}],"items_purged_floors":[],"is_endless":false,"potions_floor_spawned":[1,5,11,18],"killed_by":"Cultist and Chosen","ascension_level":0}