{"gold_per_floor":[110,121,121,133,133,167,182,0,52,52,83,58,58,73,73,73],"floor_reached":16,"playtime":1386,"items_purged":[],"score":121,"play_id":"3a716901-8f16-43aa-8246-359889d525a7","local_time":"20181025021055","is_ascension_mode":true,"campfire_choices":[{"floor":10,"key":"REST"},{"floor":15,"key":"REST"}],"neow_cost":"NONE","seed_source_timestamp":187442503012002,"circlet_count":0,"master_deck":["Defend_G","Defend_G","Defend_G","Defend_G","Defend_G","Strike_G","Strike_G","Strike_G","Strike_G","Strike_G","Survivor","Neutralize","Deadly Poison","Quick Slash","Deflect","Wraith Form v2","Backflip","Apotheosis","Flying Knee","Flying Knee"],"relics":["Ring of the Snake","Gremlin Horn","Omamori","Bronze Scales"],"potions_floor_usage":[11],"damage_taken":[{"damage":8,"enemies":"2 Louse","floor":1,"turns":3},{"damage":1,"enemies":"Small Slimes","floor":2,"turns":4},{"damage":0,"enemies":"Cultist","floor":4,"turns":4},{"damage":18,"enemies":"3 Sentries","floor":6,"turns":11},{"damage":40,"enemies":"Gremlin Gang","floor":7,"turns":7},{"damage":6,"enemies":"Lagavulin","floor":11,"turns":7},{"damage":7,"enemies":"Exordium Wildlife","floor":14,"turns":5},{"damage":45,"enemies":"Slime Boss","floor":16,"turns":8}],"seed_played":"-866064777446503185","potions_obtained":[{"floor":1,"key":"LiquidBronze"},{"floor":2,"key":"AttackPotion"}],"is_trial":false,"path_per_floor":["M","M","$","M","?","E","M","$","T","R","E","?","?","M","R"],"character_chosen":"THE_SILENT","items_purchased":["Apotheosis"],"campfire_rested":2,"item_purchase_floors":[8],"current_hp_per_floor":[69,68,68,68,68,50,10,10,10,33,27,27,27,20,43,0],"gold":73,"neow_bonus":"TEN_PERCENT_HP_BONUS","is_prod":false,"is_daily":false,"chose_seed":false,"campfire_upgraded":0,"win_rate":0,"timestamp":1540458655,"path_taken":["M","M","$","M","?","E","?","$","T","R","E","?","?","M","R","BOSS"],"build_version":"2018-10-18","purchased_purges":0,"victory":false,"max_hp_per_floor":[77,77,77,77,77,77,77,77,77,77,77,77,77,77,77,77],"card_choices":[{"not_picked":["Calculated Gamble","Prepared"],"picked":"Deadly Poison","floor":1},{"not_picked":["Sucker Punch","Concentrate"],"picked":"Quick Slash","floor":2},{"not_picked":["Underhanded Strike","Dodge and Roll"],"picked":"Deflect","floor":4},{"not_picked":["Deflect","Catalyst"],"picked":"Wraith Form v2","floor":6},{"not_picked":["Prepared","Outmaneuver"],"picked":"Backflip","floor":7},{"not_picked":["Slice","Underhanded Strike"],"picked":"Flying Knee","floor":11},{"not_picked":["PiercingWail","Dagger Spray"],"picked":"Flying Knee","floor":14}],"player_experience":365127,"relics_obtained":[{"floor":6,"key":"Gremlin Horn"},{"floor":9,"key":"Omamori"},{"floor":11,"key":"Bronze Scales"}],"event_choices":[{"damage_healed":0,"gold_gain":0,"player_choice":"Ignored","damage_taken":0,"max_hp_gain":0,"max_hp_loss":0,"event_name":"Golden Idol","floor":5,"gold_loss":0},{"damage_healed":0,"gold_gain":0,"player_choice":"Left Gold","damage_taken":0,"max_hp_gain":0,"max_hp_loss":0,"event_name":"World of Goop","floor":12,"gold_loss":25},{"damage_healed":0,"gold_gain":0,"player_choice":"Ignored","damage_taken":0,"max_hp_gain":0,"max_hp_loss":0,"event_name":"Liars Game","floor":13,"gold_loss":0}],"is_beta":false,"boss_relics":[],"items_purged_floors":[],"is_endless":false,"potions_floor_spawned":[1,2],"killed_by":"Slime Boss","ascension_level":2}