{"gold_per_floor":[118,118,43,43,43,43,57,86,86,11,24,24,37,37,37,37],"floor_reached":16,"playtime":277,"items_purged":["Defend_R"],"score":228,"play_id":"f9acd604-d78a-4749-9646-1dd6cf65d2b8","local_time":"20190202164931","is_ascension_mode":true,"campfire_choices":[{"data":"Bash","floor":6,"key":"SMITH"},{"data":"Second Wind","floor":12,"key":"SMITH"},{"data":"Strike_R","floor":15,"key":"SMITH"}],"neow_cost":"NONE","seed_source_timestamp":429160398513800,"circlet_count":0,"master_deck":["AscendersBane","Strike_R","Strike_R","Strike_R+1","Defend_R","Defend_R","Defend_R","Bash+1","Second Wind+1"],"relics":["Burning Blood","NeowsBlessing","Thread and Needle","Gremlin Horn","Bird Faced Urn"],"potions_floor_usage":[16],"damage_taken":[{"damage":0,"enemies":"Jaw Worm","floor":1,"turns":1},{"damage":0,"enemies":"2 Louse","floor":7,"turns":1},{"damage":0,"enemies":"Gremlin Nob","floor":8,"turns":1},{"damage":6,"enemies":"Small Slimes","floor":11,"turns":3},{"damage":4,"enemies":"3 Louse","floor":13,"turns":3},{"damage":86,"enemies":"Slime Boss","floor":16,"turns":10}],"seed_played":"-4549055578909130447","potions_obtained":[{"floor":7,"key":"Block Potion"}],"is_trial":false,"path_per_floor":["M","?","$","?","?","R","M","E","T","?","M","R","M","?","R","B"],"character_chosen":"IRONCLAD","items_purchased":[],"campfire_rested":0,"item_purchase_floors":[],"current_hp_per_floor":[74,74,74,79,61,61,67,73,73,73,73,73,75,75,75,0],"gold":37,"neow_bonus":"THREE_ENEMY_KILL","is_prod":false,"is_daily":false,"chose_seed":false,"campfire_upgraded":3,"win_rate":0,"timestamp":1549122571,"path_taken":["M","?","$","?","?","R","M","E","T","?","M","R","M","?","R","BOSS"],"build_version":"2019-01-23","purchased_purges":1,"victory":false,"max_hp_per_floor":[75,75,75,80,80,80,80,80,80,80,80,80,80,80,80,80],"card_choices":[{"not_picked":["Headbutt","Blood for Blood","Iron Wave"],"picked":"SKIP","floor":1},{"not_picked":["True Grit","Headbutt","Combust"],"picked":"SKIP","floor":7},{"not_picked":["Corruption","Iron Wave","Sword Boomerang"],"picked":"SKIP","floor":8},{"not_picked":["Anger","Cleave","Second Wind"],"picked":"SKIP","floor":11},{"not_picked":["Anger","Cleave"],"picked":"Second Wind","floor":11},{"not_picked":["Havoc","Shockwave","Iron Wave"],"picked":"SKIP","floor":13}],"player_experience":310450,"relics_obtained":[{"floor":8,"key":"Gremlin Horn"},{"floor":9,"key":"Bird Faced Urn"}],"event_choices":[{"damage_healed":0,"gold_gain":0,"player_choice":"Ignored","damage_taken":0,"max_hp_gain":0,"max_hp_loss":0,"event_name":"Liars Game","floor":2,"gold_loss":0},{"damage_healed":0,"gold_gain":0,"player_choice":"Donut","damage_taken":0,"max_hp_gain":5,"max_hp_loss":0,"event_name":"Big Fish","floor":4,"gold_loss":0},{"damage_healed":0,"gold_gain":0,"player_choice":"Success","damage_taken":18,"relics_obtained":["Thread and Needle"],"max_hp_gain":0,"max_hp_loss":0,"event_name":"Scrap Ooze","floor":5,"gold_loss":0},{"cards_removed":["Strike_R"],"damage_healed":0,"gold_gain":0,"player_choice":"Card Removal","damage_taken":0,"max_hp_gain":0,"max_hp_loss":0,"event_name":"The Cleric","floor":10,"gold_loss":75},{"cards_removed":["Strike_R"],"damage_healed":0,"gold_gain":0,"player_choice":"Purged","damage_taken":0,"max_hp_gain":0,"max_hp_loss":0,"event_name":"Purifier","floor":14,"gold_loss":0}],"is_beta":false,"boss_relics":[],"items_purged_floors":[3],"is_endless":false,"potions_floor_spawned":[7],"killed_by":"Slime Boss","ascension_level":17}