{"gold_per_floor":[110,35,47,122,135,135,165,165,165,165,148,163,179,33,33,135,135,149,149,97,97,110,125,140,140,140,154,154,165,195,209,209,209],"floor_reached":33,"playtime":13418,"items_purged":["Strike_R","Strike_R"],"score":271,"play_id":"8b5f0e04-3f7e-445b-8256-71a91d29efc8","local_time":"20190215174709","is_ascension_mode":false,"campfire_choices":[{"data":"Body Slam","floor":6.0,"key":"SMITH"},{"floor":10.0,"key":"REST"},{"floor":15.0,"key":"REST"},{"data":"Armaments","floor":25.0,"key":"SMITH"},{"data":"Armaments","floor":28.0,"key":"SMITH"},{"floor":32,"key":"REST"}],"neow_cost":"NONE","seed_source_timestamp":0,"circlet_count":0,"master_deck":["Strike_R","Strike_R","Defend_R","Defend_R","Defend_R","Defend_R","Bash","Heavy Blade","Armaments+1","Body Slam+1","Power Through","Second Wind","Iron Wave","Armaments+1","Impervious","Iron Wave","Pommel Strike","Shockwave","Headbutt","Warcry","True Grit","Intimidate","True Grit+1","Ghostly Armor"],"special_seed":0,"relics":["Burning Blood","Matryoshka","Mummified Hand","Letter Opener","Cursed Key","Dream Catcher"],"potions_floor_usage":[33,33],"damage_taken":[{"damage":6.0,"enemies":"Cultist","floor":1.0,"turns":4.0},{"damage":8.0,"enemies":"Jaw Worm","floor":3.0,"turns":4.0},{"damage":0.0,"enemies":"Small Slimes","floor":5.0,"turns":4.0},{"damage":68.0,"enemies":"Gremlin Nob","floor":7.0,"turns":7.0},{"damage":0.0,"enemies":"Exordium Thugs","floor":11.0,"turns":4.0},{"damage":24.0,"enemies":"Gremlin Gang","floor":12.0,"turns":5.0},{"damage":0.0,"enemies":"2 Fungi Beasts","floor":13.0,"turns":5.0},{"damage":32.0,"enemies":"The Guardian","floor":16.0,"turns":18.0},{"damage":9.0,"enemies":"Spheric Guardian","floor":18.0,"turns":8.0},{"damage":6.0,"enemies":"2 Thieves","floor":22.0,"turns":5.0},{"damage":15.0,"enemies":"Snake Plant","floor":23.0,"turns":4.0},{"damage":6.0,"enemies":"Shelled Parasite and Fungi","floor":24.0,"turns":9.0},{"damage":27.0,"enemies":"Chosen and Byrds","floor":27.0,"turns":10.0},{"damage":25.0,"enemies":"Sentry and Sphere","floor":29.0,"turns":7.0},{"damage":4.0,"enemies":"Book of Stabbing","floor":30.0,"turns":8.0},{"damage":3.0,"enemies":"Shelled Parasite and Fungi","floor":31.0,"turns":4.0},{"damage":71,"enemies":"Collector","floor":33,"turns":21}],"seed_played":"959582953381444102","potions_obtained":[{"floor":1.0,"key":"Dexterity Potion"},{"floor":5.0,"key":"FearPotion"},{"floor":24.0,"key":"AttackPotion"},{"floor":27.0,"key":"SteroidPotion"},{"floor":30.0,"key":"BloodPotion"},{"floor":31.0,"key":"LiquidBronze"}],"is_trial":false,"path_per_floor":["M","$","M","?","M","R","E","?","T","R","M","M","M","$","R","B",null,"M","?","$","?","M","M","M","R","T","M","R","M","E","M","R","B"],"character_chosen":"IRONCLAD","items_purchased":["Armaments","Iron Wave"],"campfire_rested":3,"item_purchase_floors":[14,20],"current_hp_per_floor":[80,80,78,67,73,73,11,11,11,35,41,23,29,29,53,27,80,77,77,77,77,77,68,68,68,68,47,47,28,30,33,57,0],"gold":209,"neow_bonus":"REMOVE_CARD","is_prod":false,"is_daily":false,"chose_seed":false,"campfire_upgraded":3,"win_rate":0.0,"timestamp":1550220429,"path_taken":["M","$","M","?","M","R","E","?","T","R","M","M","M","$","R","BOSS","M","?","$","?","?","M","M","R","T","M","R","M","E","M","R","BOSS"],"build_version":"2019-01-23","purchased_purges":2,"victory":false,"max_hp_per_floor":[80,80,80,80,80,80,80,80,80,80,80,80,80,80,80,80,80,80,80,80,80,80,80,80,80,80,80,80,80,80,80,80,80],"card_choices":[{"not_picked":["Reckless Charge","Perfected Strike"],"picked":"Heavy Blade","floor":1.0},{"not_picked":["Perfected Strike","Sword Boomerang"],"picked":"Armaments","floor":3.0},{"not_picked":["Flex","Clothesline"],"picked":"Body Slam","floor":5.0},{"not_picked":["Pommel Strike","Heavy Blade"],"picked":"Power Through","floor":7.0},{"not_picked":["Flex","Clash"],"picked":"Second Wind","floor":11.0},{"not_picked":["Flex","Warcry","Clash"],"picked":"SKIP","floor":12.0},{"not_picked":["Flex","Warcry","Clash"],"picked":"SKIP","floor":12.0},{"not_picked":["Clash","Cleave"],"picked":"Iron Wave","floor":13.0},{"not_picked":["Offering","Berserk"],"picked":"Impervious","floor":16.0},{"not_picked":["Heavy Blade+1","Clothesline","Uppercut+1"],"picked":"SKIP","floor":18.0},{"not_picked":["Cleave","Pommel Strike","Armaments"],"picked":"SKIP","floor":22.0},{"not_picked":["Cleave","Armaments"],"picked":"Pommel Strike","floor":22.0},{"not_picked":["Rupture","True Grit+1"],"picked":"Shockwave","floor":23.0},{"not_picked":["Dropkick","Sever Soul"],"picked":"Headbutt","floor":24.0},{"not_picked":["Bludgeon","Dropkick"],"picked":"Warcry","floor":27.0},{"not_picked":["Uppercut","Thunderclap+1"],"picked":"True Grit","floor":29.0},{"not_picked":["Shockwave","Sever Soul"],"picked":"Intimidate","floor":30.0},{"not_picked":["Headbutt","Sword Boomerang+1"],"picked":"True Grit+1","floor":31.0},{"not_picked":["Second Wind+1","Cleave"],"picked":"Ghostly Armor","floor":32}],"player_experience":119088,"relics_obtained":[{"floor":7.0,"key":"Matryoshka"},{"floor":9.0,"key":"Mummified Hand"},{"floor":9.0,"key":"Letter Opener"},{"floor":30.0,"key":"Dream Catcher"}],"event_choices":[{"damage_healed":0.0,"max_hp_gain":0.0,"max_hp_loss":0.0,"gold_gain":75.0,"event_name":"World of Goop","player_choice":"Gather Gold","floor":4.0,"gold_loss":0.0,"damage_taken":11.0},{"damage_healed":0.0,"max_hp_gain":0.0,"max_hp_loss":0.0,"gold_gain":0.0,"event_name":"Shining Light","player_choice":"Ignored","floor":8.0,"gold_loss":0.0,"damage_taken":0.0},{"damage_healed":0.0,"max_hp_gain":0.0,"max_hp_loss":0.0,"gold_gain":0.0,"event_name":"Beggar","player_choice":"Ignored","floor":19.0,"gold_loss":0.0,"damage_taken":0.0},{"damage_healed":0.0,"max_hp_gain":0.0,"max_hp_loss":0.0,"gold_gain":0.0,"event_name":"The Mausoleum","player_choice":"Ignored","floor":21.0,"gold_loss":0.0,"damage_taken":0.0}],"is_beta":false,"boss_relics":[{"not_picked":["Black Star","Empty Cage"],"picked":"Cursed Key"}],"items_purged_floors":[2,14],"is_endless":false,"potions_floor_spawned":[1,5,24,27,30,31],"killed_by":"Collector","ascension_level":0}