{"gold_per_floor":[113,66,66,76,86,112,128,181,207,235,248,259,274,302,302,404,404,415,415,415,15,31,31,64,163,163,191,203,203,5,15,15,116,116,128,78,178,178,128,128,157,157,157,189,189,202,220,10,10,10],"floor_reached":51,"playtime":2899,"items_purged":["Pain","Strike_R","Strike_R","Strike_R","Strike_R"],"score":864,"play_id":"6b8c3672-c238-465e-a22c-9fd77f5dbb20","local_time":"20181225143241","is_ascension_mode":true,"campfire_choices":[{"data":"Armaments","floor":15,"key":"SMITH"},{"data":"Juggernaut","floor":23,"key":"SMITH"},{"data":"Limit Break","floor":29,"key":"SMITH"},{"data":"Body Slam","floor":32,"key":"SMITH"},{"data":"Demon Form","floor":40,"key":"SMITH"},{"data":"Inflame","floor":45,"key":"SMITH"},{"floor":49,"key":"REST"}],"neow_cost":"NONE","seed_source_timestamp":2062497612430,"circlet_count":0,"master_deck":["Strike_R","Defend_R","Defend_R","Defend_R","Defend_R","Bash","Shrug It Off","Armaments+1","Disarm","Limit Break+1","Body Slam+1","Iron Wave","Reaper","Juggernaut+1","Flex+1","Shrug It Off","Ghostly Armor","Shrug It Off","Inflame+1","Demon Form+1","Flash of Steel","Warcry+1","Madness","Madness","True Grit","Offering"],"relics":["Burning Blood","Dream Catcher","WarpedTongs","Mummified Hand","Strawberry","PreservedInsect","Bronze Scales","Thread and Needle","Sozu","Gambling Chip","Orichalcum","Paper Frog","Smiling Mask","Juzu Bracelet","Lizard Tail","Champion Belt","Bag of Preparation","Bottled Flame","Boot"],"potions_floor_usage":[6,10,10,41,46],"damage_taken":[{"damage":1,"enemies":"Cultist","floor":1,"turns":3},{"damage":6,"enemies":"2 Louse","floor":4,"turns":4},{"damage":4,"enemies":"Jaw Worm","floor":5,"turns":4},{"damage":28,"enemies":"Gremlin Nob","floor":6,"turns":5},{"damage":9,"enemies":"3 Louse","floor":7,"turns":7},{"damage":18,"enemies":"Lagavulin","floor":10,"turns":10},{"damage":11,"enemies":"Looter","floor":11,"turns":4},{"damage":13,"enemies":"Large Slime","floor":12,"turns":8},{"damage":6,"enemies":"2 Fungi Beasts","floor":13,"turns":4},{"damage":7,"enemies":"3 Sentries","floor":14,"turns":6},{"damage":24,"enemies":"Hexaghost","floor":16,"turns":11},{"damage":16,"enemies":"Chosen","floor":18,"turns":5},{"damage":0,"enemies":"3 Byrds","floor":22,"turns":3},{"damage":0,"enemies":"Book of Stabbing","floor":24,"turns":5},{"damage":19,"enemies":"Gremlin Leader","floor":27,"turns":4},{"damage":0,"enemies":"Snecko","floor":28,"turns":5},{"damage":0,"enemies":"Snake Plant","floor":31,"turns":3},{"damage":42,"enemies":"Champ","floor":33,"turns":9},{"damage":14,"enemies":"3 Shapes","floor":35,"turns":8},{"damage":0,"enemies":"Mind Bloom Boss Battle","floor":37,"turns":8},{"damage":52,"enemies":"Reptomancer","floor":41,"turns":7},{"damage":22,"enemies":"Nemesis","floor":44,"turns":5},{"damage":34,"enemies":"3 Darklings","floor":46,"turns":6},{"damage":32,"enemies":"Transient","floor":47,"turns":5},{"damage":24,"enemies":"Time Eater","floor":50,"turns":6}],"seed_played":"6298944590675213856","potions_obtained":[{"floor":1,"key":"Regen Potion"},{"floor":4,"key":"GamblersBrew"},{"floor":7,"key":"SkillPotion"},{"floor":10,"key":"Fruit Juice"},{"floor":11,"key":"Fire Potion"}],"is_trial":false,"path_per_floor":["M","$","?","M","M","E","M","T","T","E","M","M","M","E","R","B",null,"M","?","?","$","M","R","E","?","T","E","M","R","$","M","R","B",null,"M","$","?","?","$","R","E","?","T","E","R","M","M","$","R","B",null],"character_chosen":"IRONCLAD","items_purchased":["Shrug It Off","Gambling Chip","Shrug It Off","Juzu Bracelet","True Grit","Offering"],"campfire_rested":1,"item_purchase_floors":[2,21,21,30,48,48],"current_hp_per_floor":[80,80,80,80,80,58,55,62,62,55,50,43,43,42,42,29,92,86,86,86,86,92,92,92,92,92,79,92,92,92,92,92,56,92,92,92,92,92,92,92,70,58,58,42,42,69,64,64,91,73],"gold":10,"neow_bonus":"RANDOM_COMMON_RELIC","is_prod":false,"is_daily":false,"chose_seed":false,"campfire_upgraded":6,"win_rate":0,"timestamp":1545741161,"path_taken":["M","?","?","M","?","E","M","?","T","E","M","M","M","E","R","BOSS","M","?","?","$","M","R","E","?","T","E","M","R","$","M","R","BOSS","M","$","?","?","$","R","E","?","T","E","R","M","M","$","R","BOSS"],"build_version":"2018-12-20","purchased_purges":5,"victory":true,"max_hp_per_floor":[80,80,80,80,80,80,80,87,87,92,92,92,92,92,92,92,92,92,92,92,92,92,92,92,92,92,92,92,92,92,92,92,92,92,92,92,92,92,92,92,92,92,92,92,92,92,92,92,92,92],"card_choices":[{"not_picked":["Cleave","Hemokinesis","Perfected Strike"],"picked":"SKIP","floor":1},{"not_picked":["Seeing Red","Thunderclap"],"picked":"Armaments","floor":4},{"not_picked":["Iron Wave","Warcry"],"picked":"Disarm","floor":5},{"not_picked":["Shockwave","Rupture"],"picked":"Limit Break","floor":6},{"not_picked":["Seeing Red","Perfected Strike"],"picked":"Body Slam","floor":7},{"not_picked":["Dark Embrace","Intimidate","Feel No Pain"],"picked":"SKIP","floor":10},{"not_picked":["Twin Strike","Clothesline","Corruption"],"picked":"SKIP","floor":11},{"not_picked":["Rupture","Perfected Strike"],"picked":"Iron Wave","floor":12},{"not_picked":["Blood for Blood","Thunderclap","Perfected Strike"],"picked":"SKIP","floor":13},{"not_picked":["Hemokinesis","Twin Strike"],"picked":"Reaper","floor":14},{"not_picked":["Double Tap","Dark Embrace"],"picked":"Juggernaut","floor":16},{"not_picked":["Havoc","Perfected Strike"],"picked":"Flex+1","floor":18},{"not_picked":["Clothesline","Rampage"],"picked":"Ghostly Armor","floor":22},{"not_picked":["Seeing Red","Pommel Strike+1","Exhume"],"picked":"SKIP","floor":24},{"not_picked":["Clash","Perfected Strike"],"picked":"Shrug It Off","floor":27},{"not_picked":["Dual Wield","Clothesline","Perfected Strike+1"],"picked":"SKIP","floor":28},{"not_picked":["Anger","Bludgeon"],"picked":"Inflame","floor":31},{"not_picked":["Bludgeon","Impervious"],"picked":"Demon Form","floor":33},{"not_picked":["Carnage","Anger","Infernal Blade+1"],"picked":"SKIP","floor":35},{"not_picked":["PanicButton","Transmutation"],"picked":"Flash of Steel","floor":38},{"not_picked":["Hemokinesis","Sever Soul"],"picked":"Warcry+1","floor":41},{"not_picked":["Sword Boomerang+1","Rupture","Thunderclap+1"],"picked":"SKIP","floor":44},{"not_picked":["Anger","Seeing Red+1","Twin Strike+1"],"picked":"SKIP","floor":46},{"not_picked":["Clash+1","Perfected Strike","Dropkick+1"],"picked":"SKIP","floor":47}],"player_experience":63005,"relics_obtained":[{"floor":6,"key":"Mummified Hand"},{"floor":8,"key":"Strawberry"},{"floor":9,"key":"PreservedInsect"},{"floor":10,"key":"Bronze Scales"},{"floor":14,"key":"Thread and Needle"},{"floor":24,"key":"Orichalcum"},{"floor":26,"key":"Paper Frog"},{"floor":27,"key":"Smiling Mask"},{"floor":37,"key":"Champion Belt"},{"floor":41,"key":"Bag of Preparation"},{"floor":43,"key":"Bottled Flame"},{"floor":44,"key":"Boot"}],"event_choices":[{"damage_healed":0,"gold_gain":0,"player_choice":"Rummage","damage_taken":0,"relics_obtained":["WarpedTongs"],"max_hp_gain":0,"max_hp_loss":0,"event_name":"Accursed Blacksmith","floor":3,"gold_loss":0,"cards_obtained":["Pain"]},{"damage_healed":0,"gold_gain":0,"player_choice":"Ignored","damage_taken":0,"max_hp_gain":0,"max_hp_loss":0,"event_name":"Cursed Tome","floor":19,"gold_loss":0},{"damage_healed":0,"gold_gain":0,"player_choice":"Ignored","damage_taken":0,"max_hp_gain":0,"max_hp_loss":0,"event_name":"Vampires","floor":20,"gold_loss":0},{"damage_healed":0,"gold_gain":99,"player_choice":"Stole From Cult","damage_taken":0,"max_hp_gain":0,"max_hp_loss":0,"event_name":"Nest","floor":25,"gold_loss":0},{"damage_healed":0,"gold_gain":0,"player_choice":"Fight","damage_taken":0,"max_hp_gain":0,"max_hp_loss":0,"event_name":"MindBloom","floor":37,"gold_loss":0},{"damage_healed":0,"gold_gain":0,"player_choice":"Memory 1","damage_taken":0,"max_hp_gain":0,"max_hp_loss":0,"event_name":"SensoryStone","floor":38,"gold_loss":0},{"damage_healed":0,"gold_gain":0,"player_choice":"Embrace Madness","damage_taken":12,"max_hp_gain":0,"max_hp_loss":0,"event_name":"Winding Halls","floor":42,"gold_loss":0,"cards_obtained":["Madness","Madness"]}],"is_beta":false,"boss_relics":[{"not_picked":["Tiny House","Fusion Hammer"],"picked":"Sozu"},{"not_picked":["Mark of Pain","White Beast Statue"],"picked":"Lizard Tail"}],"items_purged_floors":[21,30,36,39,48],"is_endless":false,"potions_floor_spawned":[1,4,7,10,11,27,33,35,44,47],"ascension_level":2}