{"gold_per_floor":[111,125,125,50,50,50,79,79,102,133,170,182,214,226,238,250],"floor_reached":16,"playtime":217,"items_purged":["Strike_R"],"score":253,"play_id":"4f935589-9db2-40ed-b9f8-d2bb2e14874b","local_time":"20190205110701","is_ascension_mode":true,"campfire_choices":[{"data":"Strike_R","floor":6,"key":"SMITH"},{"data":"Strike_R","floor":8,"key":"SMITH"},{"floor":15,"key":"REST"}],"neow_cost":"NONE","seed_source_timestamp":667875626703100,"circlet_count":0,"master_deck":["AscendersBane","Strike_R","Strike_R","Strike_R+1","Strike_R+1","Defend_R","Defend_R","Defend_R","Defend_R+1","Bash+1"],"relics":["Burning Blood","NeowsBlessing","Ornamental Fan","Anchor","MawBank","Bag of Marbles","Golden Idol"],"potions_floor_usage":[11,11],"damage_taken":[{"damage":0,"enemies":"Cultist","floor":1,"turns":1},{"damage":0,"enemies":"Jaw Worm","floor":2,"turns":1},{"damage":0,"enemies":"3 Sentries","floor":7,"turns":2},{"damage":0,"enemies":"Small Slimes","floor":10,"turns":4},{"damage":32,"enemies":"Lagavulin","floor":11,"turns":6},{"damage":3,"enemies":"2 Fungi Beasts","floor":13,"turns":4},{"damage":0,"enemies":"Hexaghost","floor":16,"turns":1}],"seed_played":"7066905304577674301","potions_obtained":[{"floor":2,"key":"SpeedPotion"},{"floor":7,"key":"Energy Potion"},{"floor":14,"key":"Swift Potion"},{"floor":14,"key":"Explosive Potion"}],"is_trial":false,"path_per_floor":["M","M","?","$","T","R","E","R","T","M","E","?","M","?","R","B"],"character_chosen":"IRONCLAD","items_purchased":[],"campfire_rested":1,"item_purchase_floors":[],"current_hp_per_floor":[74,75,52,52,52,52,58,58,58,64,38,38,41,41,61,61],"gold":250,"neow_bonus":"THREE_ENEMY_KILL","is_prod":false,"is_daily":false,"chose_seed":false,"campfire_upgraded":2,"win_rate":0,"timestamp":1549361221,"path_taken":["M","?","?","$","?","R","E","R","T","?","E","?","M","?","R","BOSS"],"build_version":"2019-01-23","purchased_purges":1,"victory":false,"max_hp_per_floor":[75,75,75,75,75,75,75,75,75,75,75,68,68,68,68,68],"card_choices":[{"not_picked":["Anger","Heavy Blade","Flex"],"picked":"SKIP","floor":1},{"not_picked":["Pommel Strike","Infernal Blade","Wild Strike"],"picked":"SKIP","floor":2},{"not_picked":["Clash","Wild Strike","Shockwave"],"picked":"SKIP","floor":7},{"not_picked":["Sword Boomerang","Twin Strike","Bloodletting"],"picked":"SKIP","floor":10},{"not_picked":["Cleave","Anger","Havoc"],"picked":"SKIP","floor":11},{"not_picked":["Offering","Cleave","Entrench"],"picked":"SKIP","floor":13}],"player_experience":331757,"relics_obtained":[{"floor":5,"key":"Ornamental Fan"},{"floor":7,"key":"Anchor"},{"floor":9,"key":"MawBank"},{"floor":11,"key":"Bag of Marbles"}],"event_choices":[{"damage_healed":0,"gold_gain":0,"player_choice":"Entered Light","damage_taken":23,"max_hp_gain":0,"max_hp_loss":0,"event_name":"Shining Light","floor":3,"gold_loss":0,"cards_upgraded":["Defend_R","Bash"]},{"damage_healed":0,"gold_gain":0,"player_choice":"Lose Max HP","damage_taken":0,"relics_obtained":["Golden Idol"],"max_hp_gain":0,"max_hp_loss":7,"event_name":"Golden Idol","floor":12,"gold_loss":0},{"damage_healed":0,"gold_gain":0,"player_choice":"Got Potions","damage_taken":0,"max_hp_gain":0,"max_hp_loss":0,"event_name":"Lab","floor":14,"gold_loss":0}],"is_beta":false,"boss_relics":[],"items_purged_floors":[4],"is_endless":false,"potions_floor_spawned":[2,7],"killed_by":"Hexaghost","ascension_level":18}