{"gold_per_floor":[118,118,132,207,207,207,242,266,266,266,281,306,324,358,358,358],"floor_reached":16,"playtime":669,"items_purged":[],"score":247,"play_id":"d6ca8bd6-73d6-4f10-bc02-424d6977f4a5","local_time":"20190201082804","is_ascension_mode":true,"campfire_choices":[{"data":"Bash","floor":6,"key":"SMITH"},{"data":"Armaments","floor":10,"key":"SMITH"},{"data":"True Grit","floor":15,"key":"SMITH"}],"neow_cost":"NONE","seed_source_timestamp":0,"circlet_count":0,"master_deck":["AscendersBane","Strike_R","Strike_R","Strike_R","Strike_R","Strike_R","Defend_R","Defend_R","Defend_R","Defend_R","Bash+1","Ghostly Armor","Disarm","Armaments+1","Whirlwind","Iron Wave","True Grit+1","Shrug It Off"],"special_seed":0,"relics":["Burning Blood","NeowsBlessing","Strawberry","Golden Idol","Bag of Marbles","Question Card","Turnip"],"potions_floor_usage":[11,14,16],"damage_taken":[{"damage":0,"enemies":"Cultist","floor":1,"turns":1},{"damage":0,"enemies":"Small Slimes","floor":3,"turns":1},{"damage":0,"enemies":"3 Sentries","floor":7,"turns":1},{"damage":0,"enemies":"Jaw Worm","floor":8,"turns":7},{"damage":6,"enemies":"Exordium Thugs","floor":11,"turns":5},{"damage":5,"enemies":"2 Fungi Beasts","floor":12,"turns":4},{"damage":3,"enemies":"Large Slime","floor":13,"turns":7},{"damage":27,"enemies":"Gremlin Nob","floor":14,"turns":4},{"damage":53,"enemies":"Hexaghost","floor":16,"turns":16}],"seed_played":"206824362072130497","potions_obtained":[{"floor":3,"key":"Fire Potion"},{"floor":8,"key":"GamblersBrew"},{"floor":12,"key":"SteroidPotion"}],"is_trial":false,"path_per_floor":["M","?","M","?","?","R","E","M","T","R","M","M","M","E","R","B"],"character_chosen":"IRONCLAD","items_purchased":[],"campfire_rested":0,"item_purchase_floors":[],"current_hp_per_floor":[74,81,82,71,71,71,74,74,74,74,74,74,74,53,53,0],"gold":358,"neow_bonus":"THREE_ENEMY_KILL","is_prod":false,"is_daily":false,"chose_seed":false,"campfire_upgraded":3,"win_rate":0,"timestamp":1549006084,"path_taken":["M","?","?","?","?","R","E","M","T","R","M","?","M","E","R","BOSS"],"build_version":"2019-01-23","purchased_purges":0,"victory":false,"max_hp_per_floor":[75,82,82,82,74,74,74,74,74,74,74,74,74,74,74,74],"card_choices":[{"not_picked":["Heavy Blade","Warcry"],"picked":"Ghostly Armor","floor":1},{"not_picked":["Combust","Second Wind"],"picked":"Disarm","floor":3},{"not_picked":["Sever Soul","Spot Weakness"],"picked":"Armaments","floor":7},{"not_picked":["Sword Boomerang","Wild Strike"],"picked":"Whirlwind","floor":8},{"not_picked":["Thunderclap","Havoc","Sword Boomerang","Wild Strike"],"picked":"SKIP","floor":11},{"not_picked":["Power Through","Clash","Body Slam"],"picked":"Iron Wave","floor":12},{"not_picked":["Sever Soul","Sword Boomerang","Power Through"],"picked":"True Grit","floor":13},{"not_picked":["Rampage","Pommel Strike","Limit Break"],"picked":"Shrug It Off","floor":14}],"player_experience":291075,"relics_obtained":[{"floor":2,"key":"Strawberry"},{"floor":7,"key":"Bag of Marbles"},{"floor":9,"key":"Question Card"},{"floor":14,"key":"Turnip"}],"event_choices":[{"damage_healed":0,"gold_gain":0,"player_choice":"Relic","damage_taken":0,"max_hp_gain":0,"max_hp_loss":0,"event_name":"Wheel of Change","floor":2,"gold_loss":0},{"damage_healed":0,"gold_gain":75,"player_choice":"Gather Gold","damage_taken":11,"max_hp_gain":0,"max_hp_loss":0,"event_name":"World of Goop","floor":4,"gold_loss":0},{"damage_healed":0,"gold_gain":0,"player_choice":"Lose Max HP","damage_taken":0,"relics_obtained":["Golden Idol"],"max_hp_gain":0,"max_hp_loss":8,"event_name":"Golden Idol","floor":5,"gold_loss":0}],"is_beta":false,"boss_relics":[],"items_purged_floors":[],"is_endless":false,"potions_floor_spawned":[3,8,12],"killed_by":"Hexaghost","ascension_level":16}