{"gold_per_floor":[109,128,142,158,173,205,205,205,205,224,224,234,234,262,262,340,340,351,371,134,49,60,60,94,94,94,94],"floor_reached":27,"playtime":1144,"items_purged":["Strike_B"],"score":453,"play_id":"fa13c08d-68e1-40db-be92-62727ebc3ce1","local_time":"20190202153418","is_ascension_mode":true,"campfire_choices":[{"floor":7,"key":"REST"},{"floor":11,"key":"REST"},{"floor":15,"key":"REST"},{"floor":23,"key":"REST"}],"neow_cost":"NONE","seed_source_timestamp":1407394054126582,"circlet_count":0,"master_deck":["AscendersBane","Strike_B","Strike_B","Defend_B","Defend_B","Defend_B","Defend_B","Zap","Dualcast","Hologram","Chill","FTL","White Noise+1","Storm","Machine Learning","Cold Snap","Conserve Battery","Echo Form","Chill","Redo+1","Buffer","Cold Snap"],"relics":["Cracked Core","Lantern","Orichalcum","Regal Pillow","Sozu","Mummified Hand","Vajra","Nloth\u0027s Gift","Toxic Egg 2"],"potions_floor_usage":[14,16,27],"damage_taken":[{"damage":0,"enemies":"2 Louse","floor":1,"turns":1},{"damage":0,"enemies":"Cultist","floor":2,"turns":1},{"damage":0,"enemies":"Jaw Worm","floor":3,"turns":1},{"damage":16,"enemies":"Lots of Slimes","floor":4,"turns":4},{"damage":9,"enemies":"Blue Slaver","floor":5,"turns":4},{"damage":16,"enemies":"3 Sentries","floor":6,"turns":10},{"damage":6,"enemies":"Red Slaver","floor":10,"turns":4},{"damage":14,"enemies":"Large Slime","floor":12,"turns":5},{"damage":19,"enemies":"Gremlin Nob","floor":14,"turns":4},{"damage":50,"enemies":"Slime Boss","floor":16,"turns":7},{"damage":27,"enemies":"Shell Parasite","floor":18,"turns":5},{"damage":19,"enemies":"2 Thieves","floor":19,"turns":4},{"damage":7,"enemies":"Sentry and Sphere","floor":22,"turns":8},{"damage":27,"enemies":"Slavers","floor":24,"turns":3},{"damage":16,"enemies":"3 Cultists","floor":27,"turns":4}],"seed_played":"-7366514622755051799","potions_obtained":[{"floor":1,"key":"GamblersBrew"},{"floor":2,"key":"Poison Potion"},{"floor":14,"key":"SkillPotion"}],"is_trial":false,"path_per_floor":["M","M","M","M","M","E","R","?","T","M","R","M","?","E","R","B",null,"M","M","$","?","M","R","E","?","T","M"],"character_chosen":"DEFECT","items_purchased":["Buffer"],"campfire_rested":4,"item_purchase_floors":[20],"current_hp_per_floor":[64,64,64,48,39,23,44,44,44,38,59,45,45,26,62,12,56,29,10,10,10,3,39,12,12,12,0],"gold":94,"neow_bonus":"THREE_ENEMY_KILL","is_prod":false,"is_daily":false,"chose_seed":false,"campfire_upgraded":0,"win_rate":0,"timestamp":1549089258,"path_taken":["M","M","M","M","M","E","R","?","T","M","R","?","?","E","R","BOSS","M","?","$","?","M","R","E","?","T","M"],"build_version":"2019-01-23","purchased_purges":1,"victory":false,"max_hp_per_floor":[71,71,71,71,71,71,71,71,71,71,71,71,71,71,71,71,71,71,71,71,71,71,71,71,71,71,71],"card_choices":[{"not_picked":["Force Field","Turbo"],"picked":"Hologram","floor":1},{"not_picked":["Streamline","Compile Driver","Darkness"],"picked":"SKIP","floor":2},{"not_picked":["Beam Cell","Rebound","Sweeping Beam"],"picked":"SKIP","floor":3},{"not_picked":["Barrage","Streamline"],"picked":"Chill","floor":4},{"not_picked":["Coolheaded","Gash"],"picked":"FTL","floor":5},{"not_picked":["Barrage","Fusion"],"picked":"White Noise","floor":6},{"not_picked":["Double Energy","Beam Cell"],"picked":"Machine Learning","floor":10},{"not_picked":["Gash","Hologram"],"picked":"Cold Snap","floor":12},{"not_picked":["Multi-Cast","FTL"],"picked":"Conserve Battery","floor":14},{"not_picked":["All For One","Machine Learning"],"picked":"Echo Form","floor":16},{"not_picked":["Coolheaded","Genetic Algorithm"],"picked":"Chill","floor":18},{"not_picked":["Conserve Battery","Rebound+1"],"picked":"Redo+1","floor":19},{"not_picked":["Skim","Turbo"],"picked":"Cold Snap","floor":22},{"not_picked":["Hologram","Streamline","Heatsinks"],"picked":"SKIP","floor":24}],"player_experience":591711,"relics_obtained":[{"floor":6,"key":"Lantern"},{"floor":9,"key":"Orichalcum"},{"floor":14,"key":"Regal Pillow"},{"floor":24,"key":"Vajra"},{"floor":26,"key":"Toxic Egg 2"}],"event_choices":[{"damage_healed":0,"gold_gain":0,"cards_transformed":["Strike_B"],"player_choice":"Transformed","damage_taken":0,"max_hp_gain":0,"max_hp_loss":0,"event_name":"Transmorgrifier","floor":8,"gold_loss":0,"cards_obtained":["Storm"]},{"damage_healed":0,"gold_gain":0,"player_choice":"Forge","damage_taken":0,"max_hp_gain":0,"max_hp_loss":0,"event_name":"Accursed Blacksmith","floor":13,"gold_loss":0,"cards_upgraded":["White Noise"]},{"damage_healed":0,"gold_gain":0,"player_choice":"Obtained Relic","damage_taken":0,"relics_obtained":["Mummified Hand"],"max_hp_gain":0,"max_hp_loss":0,"event_name":"Addict","floor":21,"gold_loss":85},{"damage_healed":0,"gold_gain":0,"player_choice":"Traded Relic","damage_taken":0,"relics_obtained":["Nloth\u0027s Gift"],"max_hp_gain":0,"max_hp_loss":0,"event_name":"N\u0027loth","floor":25,"relics_lost":["NeowsBlessing"],"gold_loss":0}],"is_beta":false,"boss_relics":[{"not_picked":["Astrolabe","Philosopher\u0027s Stone"],"picked":"Sozu"}],"items_purged_floors":[20],"is_endless":false,"potions_floor_spawned":[1,2,5,14,22],"killed_by":"3 Cultists","ascension_level":17}