{"gold_per_floor":[116,131,144,161,161,194,194,226,226,241,257,257],"floor_reached":12,"playtime":398,"items_purged":[],"score":175,"play_id":"5bbf203e-f5c6-4ae9-84ae-88c304f25ab5","local_time":"20190203112955","is_ascension_mode":true,"campfire_choices":[{"floor":7,"key":"REST"}],"neow_cost":"NONE","seed_source_timestamp":496265565245200,"circlet_count":0,"master_deck":["AscendersBane","Strike_R","Strike_R","Strike_R","Strike_R","Strike_R","Defend_R","Defend_R","Defend_R","Defend_R","Bash","Infernal Blade+1","Cleave","Bludgeon","Clash","Exhume"],"relics":["Black Star","Pen Nib","Blood Vial","Shovel","Pantograph","Blue Candle"],"potions_floor_usage":[6,11,12],"damage_taken":[{"damage":2,"enemies":"Cultist","floor":1,"turns":4},{"damage":4,"enemies":"2 Louse","floor":2,"turns":3},{"damage":15,"enemies":"Small Slimes","floor":3,"turns":3},{"damage":17,"enemies":"Exordium Thugs","floor":4,"turns":4},{"damage":8,"enemies":"Gremlin Nob","floor":6,"turns":3},{"damage":30,"enemies":"3 Sentries","floor":8,"turns":6},{"damage":4,"enemies":"Red Slaver","floor":10,"turns":2},{"damage":16,"enemies":"Looter","floor":11,"turns":4},{"damage":9,"enemies":"Gremlin Nob","floor":12,"turns":2}],"seed_played":"-3314681947717999920","potions_obtained":[{"floor":2,"key":"Explosive Potion"},{"floor":3,"key":"Fire Potion"},{"floor":6,"key":"Strength Potion"},{"floor":10,"key":"BloodPotion"},{"floor":11,"key":"EssenceOfSteel"}],"is_trial":false,"path_per_floor":["M","M","M","M","?","E","R","E","T","M","M","E"],"character_chosen":"IRONCLAD","items_purchased":[],"campfire_rested":1,"item_purchase_floors":[],"current_hp_per_floor":[66,62,47,30,30,22,44,16,16,14,7,0],"gold":257,"neow_bonus":"BOSS_RELIC","is_prod":false,"is_daily":false,"chose_seed":false,"campfire_upgraded":0,"win_rate":0,"timestamp":1549189795,"path_taken":["M","?","M","M","?","E","R","E","T","?","M","E"],"build_version":"2019-01-23","purchased_purges":0,"victory":false,"max_hp_per_floor":[75,75,75,75,75,75,75,75,75,75,75,75],"card_choices":[{"not_picked":["Armaments","Burning Pact"],"picked":"Infernal Blade","floor":1},{"not_picked":["Ghostly Armor","Wild Strike","Corruption"],"picked":"SKIP","floor":2},{"not_picked":["Twin Strike","Shrug It Off"],"picked":"Cleave","floor":3},{"not_picked":["Spot Weakness","Corruption","Havoc"],"picked":"SKIP","floor":4},{"not_picked":["Inflame","Havoc","Wild Strike"],"picked":"SKIP","floor":6},{"not_picked":["Thunderclap","Cleave"],"picked":"Bludgeon","floor":8},{"not_picked":["Sword Boomerang","Anger"],"picked":"Clash","floor":10},{"not_picked":["Bloodletting","Perfected Strike"],"picked":"Exhume","floor":11}],"player_experience":319661,"relics_obtained":[{"floor":6,"key":"Pen Nib"},{"floor":6,"key":"Blood Vial"},{"floor":8,"key":"Shovel"},{"floor":8,"key":"Pantograph"},{"floor":9,"key":"Blue Candle"}],"event_choices":[{"damage_healed":0,"gold_gain":0,"player_choice":"Upgraded","damage_taken":0,"max_hp_gain":0,"max_hp_loss":0,"event_name":"Upgrade Shrine","floor":5,"gold_loss":0,"cards_upgraded":["Infernal Blade"]}],"is_beta":false,"boss_relics":[],"items_purged_floors":[],"is_endless":false,"potions_floor_spawned":[2,3,6,10,11],"killed_by":"Gremlin Nob","ascension_level":18}