{"path_per_floor":["M","?","?","?","M","R","M","R","T","E","R","?","M","M","R","B"],"character_chosen":"IRONCLAD","items_purchased":[],"gold_per_floor":[10,10,10,10,29,29,48,48,48,91,91,341,364,388,388,517,517],"floor_reached":17,"campfire_rested":0,"playtime":553,"current_hp_per_floor":[76,76,76,76,75,75,75,75,75,69,69,69,69,52,52,17,17],"items_purged":[],"gold":517,"score":202,"play_id":"5516f7d6-b09f-4db0-abef-e184dda2a07d","local_time":"20180519084804","is_prod":false,"is_daily":false,"chose_seed":false,"is_ascension_mode":true,"campfire_upgraded":4,"timestamp":1526712484,"campfire_choices":[{"data":"Evolve","floor":6,"key":"SMITH"},{"data":"Reckless Charge","floor":8,"key":"SMITH"},{"data":"Inflame","floor":11,"key":"SMITH"},{"data":"Fire Breathing","floor":15,"key":"SMITH"}],"path_taken":["M","?","?","?","M","R","?","R","T","E","R","?","M","M","R","BOSS"],"build_version":"2018-05-17","seed_source_timestamp":458602243059313,"purchased_purges":0,"victory":false,"master_deck":["Strike_R","Strike_R","Strike_R","Strike_R","Strike_R","Defend_R","Defend_R","Bash","Thunderclap","Evolve+1","True Grit+1","Reckless Charge+1","Inflame+1","Regret","Fire Breathing+1","Rage","Dark Embrace"],"max_hp_per_floor":[80,80,80,80,80,80,80,80,80,80,80,80,80,80,80,80,80],"relics":["Burning Blood","Golden Idol","Sundial","Lantern"],"card_choices":[{"not_picked":["Clash","Body Slam"],"picked":"True Grit","floor":1},{"not_picked":["Feel No Pain","Twin Strike"],"picked":"Reckless Charge","floor":5},{"not_picked":["Entrench","Cleave","Sword Boomerang"],"picked":"SKIP","floor":7},{"not_picked":["Anger","Flame Barrier"],"picked":"Inflame","floor":10},{"not_picked":["Armaments","Heavy Blade"],"picked":"Fire Breathing","floor":13},{"not_picked":["Body Slam","Clash"],"picked":"Rage","floor":14},{"not_picked":["Limit Break","Juggernaut"],"picked":"Dark Embrace","floor":16}],"player_experience":97518,"potions_floor_usage":[10,10],"damage_taken":[{"damage":2,"enemies":"Jaw Worm","floor":1,"turns":3},{"damage":7,"enemies":"2 Louse","floor":5,"turns":3},{"damage":6,"enemies":"Cultist","floor":7,"turns":3},{"damage":12,"enemies":"Gremlin Nob","floor":10,"turns":4},{"damage":6,"enemies":"2 Fungi Beasts","floor":13,"turns":3},{"damage":23,"enemies":"Exordium Thugs","floor":14,"turns":3},{"damage":41,"enemies":"Slime Boss","floor":16,"turns":7}],"relics_obtained":[{"floor":9,"key":"Sundial"},{"floor":10,"key":"Lantern"}],"event_choices":[{"event_name":"Golden Idol","player_choice":"Take Wound","floor":2,"damage_taken":0},{"event_name":"Fountain of Cleansing","player_choice":"Removed Curse","floor":3,"damage_taken":0},{"event_name":"Living Wall","player_choice":"Grow","floor":4,"damage_taken":0},{"event_name":"Golden Shrine","player_choice":"Desecrate","floor":12,"damage_taken":0}],"boss_relics":[],"potions_floor_spawned":[5,7,13,14,16],"seed_played":"-2990683167159385908","ascension_level":6,"potions_obtained":[{"floor":5,"key":"Weak Potion"},{"floor":7,"key":"Block Potion"},{"floor":13,"key":"GamblersBrew"},{"floor":14,"key":"Dexterity Potion"},{"floor":16,"key":"GamblersBrew"}],"is_trial":false}