{"gold_per_floor":[110,110,31,41,41,70,70,84,84,94,129,143,159,191,191,191],"floor_reached":16,"playtime":1021,"items_purged":[],"score":147,"play_id":"7a0f9779-bf1d-4bb7-9b01-b3961330b794","local_time":"20190219233213","is_ascension_mode":false,"campfire_choices":[{"data":"Noxious Fumes","floor":7,"key":"SMITH"},{"floor":15,"key":"REST"}],"neow_cost":"NONE","seed_source_timestamp":482936727635990,"circlet_count":0,"master_deck":["Defend_G","Defend_G","Defend_G","Defend_G","Defend_G","Strike_G","Strike_G","Strike_G","Strike_G","Strike_G","Survivor","Neutralize","Outmaneuver","Noxious Fumes+1","Noxious Fumes","Calculated Gamble","Acrobatics"],"relics":["Ring of the Snake","NeowsBlessing","Matryoshka","Frozen Egg 2","Ninja Scroll","Oddly Smooth Stone"],"potions_floor_usage":[14,16,16],"damage_taken":[{"damage":0,"enemies":"Cultist","floor":1,"turns":1},{"damage":0,"enemies":"Small Slimes","floor":4,"turns":1},{"damage":0,"enemies":"Lagavulin","floor":6,"turns":1},{"damage":1,"enemies":"Jaw Worm","floor":8,"turns":5},{"damage":7,"enemies":"3 Louse","floor":10,"turns":4},{"damage":13,"enemies":"3 Sentries","floor":11,"turns":6},{"damage":17,"enemies":"Exordium Wildlife","floor":12,"turns":5},{"damage":7,"enemies":"2 Fungi Beasts","floor":13,"turns":3},{"damage":23,"enemies":"Lagavulin","floor":14,"turns":6},{"damage":31,"enemies":"Slime Boss","floor":16,"turns":8}],"seed_played":"3606751983465546325","potions_obtained":[{"floor":6,"key":"Explosive Potion"},{"floor":12,"key":"Explosive Potion"},{"floor":13,"key":"Fire Potion"}],"is_trial":false,"path_per_floor":["M","?","$","M","?","E","R","M","T","M","E","M","M","E","R","B"],"character_chosen":"THE_SILENT","items_purchased":["Noxious Fumes"],"campfire_rested":1,"item_purchase_floors":[3],"current_hp_per_floor":[70,70,70,70,75,75,75,74,74,67,54,37,30,7,29,0],"gold":191,"neow_bonus":"THREE_ENEMY_KILL","is_prod":false,"is_daily":false,"chose_seed":false,"campfire_upgraded":1,"win_rate":0,"timestamp":1550586733,"path_taken":["M","?","$","M","?","E","R","M","T","M","E","M","M","E","R","BOSS"],"build_version":"2019-01-23","purchased_purges":0,"victory":false,"max_hp_per_floor":[70,70,70,70,75,75,75,75,75,75,75,75,75,75,75,75],"card_choices":[{"not_picked":["PiercingWail","Dagger Spray"],"picked":"Outmaneuver","floor":1},{"not_picked":["Dash","Dagger Throw","Cloak And Dagger"],"picked":"SKIP","floor":4},{"not_picked":["Deadly Poison","Accuracy"],"picked":"Noxious Fumes","floor":6},{"not_picked":["Die Die Die","Sucker Punch","Endless Agony"],"picked":"SKIP","floor":8},{"not_picked":["Predator","Terror","Dodge and Roll"],"picked":"SKIP","floor":10},{"not_picked":["Doppelganger","Backflip"],"picked":"Calculated Gamble","floor":11},{"not_picked":["Bane","Dagger Throw","Deflect"],"picked":"SKIP","floor":12},{"not_picked":["Heel Hook","Calculated Gamble","Quick Slash"],"picked":"SKIP","floor":13},{"not_picked":["All Out Attack","Dagger Throw"],"picked":"Acrobatics","floor":14}],"player_experience":149226,"relics_obtained":[{"floor":6,"key":"Matryoshka"},{"floor":9,"key":"Frozen Egg 2"},{"floor":11,"key":"Ninja Scroll"},{"floor":14,"key":"Oddly Smooth Stone"}],"event_choices":[{"damage_healed":0,"gold_gain":0,"player_choice":"Ignored","damage_taken":0,"max_hp_gain":0,"max_hp_loss":0,"event_name":"Liars Game","floor":2,"gold_loss":0},{"damage_healed":0,"gold_gain":0,"player_choice":"Donut","damage_taken":0,"max_hp_gain":5,"max_hp_loss":0,"event_name":"Big Fish","floor":5,"gold_loss":0}],"is_beta":false,"boss_relics":[],"items_purged_floors":[],"is_endless":false,"potions_floor_spawned":[6,12,13],"killed_by":"Slime Boss","ascension_level":0}