{"path_per_floor":["M","M","?","$","M","R","M","?","T","?","E","M","M","M","R","B",null,"M","?","M","?","$"],"character_chosen":"THE_SILENT","items_purchased":["Noxious Fumes","Poisoned Stab","Toxic Egg"],"gold_per_floor":[116,134,134,95,109,109,127,127,150,150,194,207,231,255,255,374,374,392,392,411,411,236],"floor_reached":23,"campfire_rested":1,"playtime":1230,"current_hp_per_floor":[73,65,65,65,57,57,55,40,40,40,38,38,38,38,59,41,71,49,21,17,17,17],"items_purged":[],"gold":236,"play_id":"be94cb2a-006d-41fa-937c-72f4bb46e61d","is_prod":false,"is_daily":false,"campfire_rituals":0,"campfire_upgraded":1,"is_hardmode":false,"path_taken":["M","M","?","$","M","R","?","?","T","?","E","M","M","M","R","BOSS","M","?","M","?","$","E"],"build_version":"2018-01-11-PROD1","purchased_purges":0,"victory":false,"master_deck":["Defend_G","Defend_G","Defend_G","Defend_G","Defend_G","Strike_G","Strike_G","Strike_G","Strike_G","Strike_G","Survivor","Neutralize","Dagger Spray","Quick Slash","Noxious Fumes","Acrobatics","Accuracy","Noxious Fumes","Predator","Heel Hook","Sucker Punch","Die Die Die","Well Laid Plans","Finesse","Flash of Steel","Dramatic Entrance","Blur","Poisoned Stab"],"max_hp_per_floor":[77,77,77,77,77,77,77,77,77,71,71,71,71,71,71,71,71,71,71,71,71,71],"relics":["Ring of the Snake","Strawberry","Anchor","Golden Idol","Art of War","The Specimen","Toxic Egg"],"campfire_meditates":0,"card_choices":[{"not_picked":["Catalyst","Underhanded Strike"],"picked":"Dagger Spray"},{"not_picked":["Flechettes","Outmaneuver"],"picked":"Quick Slash"},{"not_picked":["Underhanded Strike","Concentrate"],"picked":"Acrobatics"},{"not_picked":["Dagger Throw","Concentrate"],"picked":"Accuracy"},{"not_picked":["Storm of Steel","Dodge and Roll"],"picked":"Noxious Fumes"},{"not_picked":["Deflect","Dash"],"picked":"Predator"},{"not_picked":["Finisher","Dodge and Roll"],"picked":"Heel Hook"},{"not_picked":["PiercingWail","Prepared"],"picked":"Sucker Punch"},{"not_picked":["Glass Knife","Tactician"],"picked":"Die Die Die"},{"not_picked":["Prepared","Outmaneuver"],"picked":"Well Laid Plans"},{"not_picked":["Deflect","Underhanded Strike"],"picked":"Blur"}],"player_experience":119722,"potions_floor_usage":[11,13,16,16,23],"damage_taken":[{"damage":4,"enemies":"2 Louse","floor":1,"turns":3},{"damage":8,"enemies":"Cultist","floor":2,"turns":4},{"damage":8,"enemies":"Jaw Worm","floor":5,"turns":3},{"damage":2,"enemies":"Lots of Slimes","floor":7,"turns":2},{"damage":17,"enemies":"Lagavulin","floor":11,"turns":7},{"damage":0,"enemies":"Large Slime","floor":12,"turns":5},{"damage":0,"enemies":"3 Louse","floor":13,"turns":1},{"damage":0,"enemies":"Looter","floor":14,"turns":3},{"damage":18,"enemies":"Slime Boss","floor":16,"turns":8},{"damage":22,"enemies":"Chosen","floor":18,"turns":5},{"damage":4,"enemies":"3 Byrds","floor":20,"turns":3},{"damage":19,"enemies":"Book of Stabbing","floor":23,"turns":5}],"event_choices":[{"event_name":"Living Wall","player_choice":"Grow","floor":3,"damage_taken":0},{"event_name":"Shining Light","player_choice":"Entered Light","floor":8,"damage_taken":0},{"event_name":"Golden Idol","player_choice":"Lose Max HP","floor":10,"damage_taken":0},{"event_name":"Knowing Skull","player_choice":"CARD CARD CARD ","floor":19,"damage_taken":0},{"event_name":"Back to Basics","player_choice":"Simplicity","floor":21,"damage_taken":0}],"boss_relics":[{"not_picked":["Tiny House","Eternal Feather"],"picked":"The Specimen"}],"potions_floor_spawned":[1,5,7,12,20],"seed_played":"-96582591634437315","killed_by":"Book of Stabbing","is_trial":false}