{"gold_per_floor":[119,119,132,20,33,66,66,66,66,76,90,116,116],"floor_reached":13,"playtime":497,"items_purged":["Strike_R"],"score":128,"play_id":"ebefdbbf-a6d7-45ff-b84b-3f61ec5e5ea5","local_time":"20190126201057","is_ascension_mode":true,"campfire_choices":[{"data":"True Grit","floor":7,"key":"SMITH"}],"neow_cost":"PERCENT_DAMAGE","seed_source_timestamp":145909484981411,"circlet_count":0,"master_deck":["Strike_R","Strike_R","Strike_R","Strike_R","Defend_R","Defend_R","Defend_R+1","Defend_R","Bash+1","Metallicize","Warcry","Disarm","True Grit+1","Flame Barrier","Battle Trance"],"relics":["Burning Blood","Ice Cream","Gremlin Horn","Pen Nib","Letter Opener"],"potions_floor_usage":[12,12,13],"damage_taken":[{"damage":0,"enemies":"2 Louse","floor":1,"turns":4},{"damage":0,"enemies":"Small Slimes","floor":3,"turns":3},{"damage":2,"enemies":"Jaw Worm","floor":5,"turns":3},{"damage":28,"enemies":"Gremlin Nob","floor":6,"turns":5},{"damage":13,"enemies":"Large Slime","floor":10,"turns":7},{"damage":6,"enemies":"3 Louse","floor":11,"turns":7},{"damage":17,"enemies":"Lagavulin","floor":12,"turns":5},{"damage":29,"enemies":"Gremlin Gang","floor":13,"turns":3}],"seed_played":"-2319996680993011421","potions_obtained":[{"floor":3,"key":"Strength Potion"},{"floor":10,"key":"Fire Potion"},{"floor":12,"key":"Energy Potion"}],"is_trial":false,"path_per_floor":["M","?","M","$","M","E","R","?","T","M","M","E","M"],"character_chosen":"IRONCLAD","items_purchased":["Disarm"],"campfire_rested":0,"item_purchase_floors":[4],"current_hp_per_floor":[57,41,47,47,51,29,29,29,29,22,22,11,0],"gold":116,"neow_bonus":"ONE_RARE_RELIC","is_prod":false,"is_daily":false,"chose_seed":false,"campfire_upgraded":1,"win_rate":0,"timestamp":1548526257,"path_taken":["M","?","M","$","M","E","R","?","T","M","M","E","M"],"build_version":"2019-01-23","purchased_purges":1,"victory":false,"max_hp_per_floor":[80,80,80,80,80,80,80,80,80,80,80,80,80],"card_choices":[{"not_picked":["Iron Wave","Uppercut"],"picked":"Metallicize","floor":1},{"not_picked":["Clothesline","Headbutt"],"picked":"Warcry","floor":3},{"not_picked":["Bloodletting","Flex"],"picked":"True Grit","floor":5},{"not_picked":["Evolve","Rupture","Blood for Blood"],"picked":"SKIP","floor":6},{"not_picked":["Iron Wave","Wild Strike"],"picked":"Flame Barrier","floor":10},{"not_picked":["Pommel Strike","Anger"],"picked":"Battle Trance","floor":11},{"not_picked":["Blood for Blood","Intimidate","Heavy Blade"],"picked":"SKIP","floor":12}],"player_experience":144132,"relics_obtained":[{"floor":6,"key":"Gremlin Horn"},{"floor":9,"key":"Pen Nib"},{"floor":12,"key":"Letter Opener"}],"event_choices":[{"damage_healed":0,"gold_gain":0,"player_choice":"Entered Light","damage_taken":16,"max_hp_gain":0,"max_hp_loss":0,"event_name":"Shining Light","floor":2,"gold_loss":0,"cards_upgraded":["Defend_R","Bash"]},{"damage_healed":0,"gold_gain":0,"player_choice":"Ignored","damage_taken":0,"max_hp_gain":0,"max_hp_loss":0,"event_name":"Liars Game","floor":8,"gold_loss":0}],"is_beta":false,"boss_relics":[],"items_purged_floors":[4],"is_endless":false,"potions_floor_spawned":[3,10,12],"killed_by":"Gremlin Gang","ascension_level":7}