{"gold_per_floor":[118,118,133,11,26,57,57,57,108,108,122,297,297,332,332,432,432,451,464,108,122,122,148,148,88,163,163,163,231,247,172,172,274,274,293,16,16,35,48,48,77,77,100,118,118,118,118],"floor_reached":48,"playtime":2535,"items_purged":["Regret","Strike_R","Doubt"],"score":741,"play_id":"983ce2f3-6a4a-4d9e-b24c-3eb497fd08ad","local_time":"20181215151208","is_ascension_mode":true,"campfire_choices":[{"floor":7,"key":"REST"},{"data":"Flame Barrier","floor":10,"key":"SMITH"},{"floor":15,"key":"REST"},{"floor":27,"key":"REST"},{"floor":32,"key":"REST"},{"data":"Barricade","floor":40,"key":"SMITH"}],"neow_cost":"PERCENT_DAMAGE","seed_source_timestamp":256302143379793,"circlet_count":0,"master_deck":["Defend_R","Defend_R","Defend_R","Battle Trance","Disarm","Flex","Flame Barrier+1","Intimidate","Iron Wave","Armaments+1","Limit Break+1","Headbutt","True Grit+1","Headbutt","True Grit+1","Limit Break+1","Barricade+1","True Grit+1","Disarm+1","Madness+1","Madness+1","Headbutt"],"relics":["Burning Blood","Juzu Bracelet","Pen Nib","Vajra","Spirit Poop","Toxic Egg 2","Lizard Tail","Brimstone","Potion Belt","Mercury Hourglass","Boot","Ornamental Fan","Busted Crown","Bag of Preparation","Bag of Marbles"],"potions_floor_usage":[6,16,23,23,33,47,47],"damage_taken":[{"damage":7,"enemies":"Small Slimes","floor":1,"turns":5},{"damage":9,"enemies":"Jaw Worm","floor":3,"turns":7},{"damage":2,"enemies":"Cultist","floor":5,"turns":4},{"damage":41,"enemies":"Gremlin Nob","floor":6,"turns":6},{"damage":10,"enemies":"Blue Slaver","floor":11,"turns":4},{"damage":6,"enemies":"3 Sentries","floor":14,"turns":9},{"damage":66,"enemies":"Slime Boss","floor":16,"turns":16},{"damage":0,"enemies":"3 Byrds","floor":18,"turns":4},{"damage":16,"enemies":"2 Thieves","floor":19,"turns":5},{"damage":10,"enemies":"Cultist and Chosen","floor":21,"turns":7},{"damage":57,"enemies":"Slavers","floor":23,"turns":8},{"damage":11,"enemies":"Snake Plant","floor":30,"turns":4},{"damage":29,"enemies":"Collector","floor":33,"turns":5},{"damage":0,"enemies":"3 Shapes","floor":35,"turns":7},{"damage":15,"enemies":"3 Darklings","floor":38,"turns":9},{"damage":11,"enemies":"Sphere and 2 Shapes","floor":39,"turns":4},{"damage":6,"enemies":"Nemesis","floor":41,"turns":9},{"damage":0,"enemies":"4 Shapes","floor":44,"turns":9},{"damage":28,"enemies":"Donu and Deca","floor":47,"turns":8}],"seed_played":"7431415695742110266","potions_obtained":[{"floor":5,"key":"Fire Potion"},{"floor":6,"key":"SneckoOil"},{"floor":11,"key":"Regen Potion"},{"floor":16,"key":"Block Potion"},{"floor":19,"key":"Swift Potion"},{"floor":30,"key":"EssenceOfSteel"},{"floor":33,"key":"GamblersBrew"},{"floor":44,"key":"PowerPotion"}],"is_trial":false,"path_per_floor":["M","?","M","$","M","E","R","?","T","R","M","?","?","E","R","B",null,"M","M","$","M","?","E","?","?","T","R","?","T","M","?","R","B",null,"M","$","?","M","M","R","E","?","T","M","?","?","B",null],"character_chosen":"IRONCLAD","items_purchased":["Flex","True Grit+1","Brimstone","Bag of Preparation"],"campfire_rested":4,"item_purchase_floors":[4,20,20,36],"current_hp_per_floor":[55,55,52,52,56,21,45,45,45,45,41,41,41,41,65,20,80,80,70,70,66,66,15,15,15,15,39,39,39,34,34,58,35,80,80,80,80,71,66,66,66,56,56,62,62,62,40],"gold":118,"neow_bonus":"REMOVE_TWO","is_prod":false,"is_daily":false,"chose_seed":false,"campfire_upgraded":2,"win_rate":0,"timestamp":1544883128,"path_taken":["M","?","M","$","M","E","R","?","T","R","M","?","?","E","R","BOSS","M","M","$","M","?","E","?","?","T","R","?","?","M","?","R","BOSS","M","$","?","M","M","R","E","?","T","M","?","?","BOSS"],"build_version":"2018-12-13","purchased_purges":3,"victory":true,"max_hp_per_floor":[80,80,80,80,80,80,80,80,80,80,80,80,80,80,80,80,80,80,80,80,80,80,80,80,80,80,80,80,80,80,80,80,80,80,80,80,80,80,80,80,80,80,80,80,80,80,80],"card_choices":[{"not_picked":["Heavy Blade","Anger"],"picked":"Battle Trance","floor":1},{"not_picked":["Whirlwind","Headbutt"],"picked":"Disarm","floor":3},{"not_picked":["Twin Strike","Warcry"],"picked":"Flame Barrier","floor":5},{"not_picked":["Feel No Pain","Anger","Fire Breathing"],"picked":"SKIP","floor":6},{"not_picked":["Berserk","Clothesline"],"picked":"Iron Wave","floor":11},{"not_picked":["Seeing Red","Body Slam"],"picked":"Armaments","floor":14},{"not_picked":["Feed","Berserk"],"picked":"Limit Break+1","floor":16},{"not_picked":["Rage+1","Sword Boomerang","Anger"],"picked":"SKIP","floor":18},{"not_picked":["Cleave+1","Thunderclap"],"picked":"Headbutt","floor":19},{"not_picked":["Searing Blow","Dual Wield+1","Body Slam"],"picked":"SKIP","floor":21},{"not_picked":["Clothesline","Shrug It Off+1"],"picked":"Headbutt","floor":23},{"not_picked":["Dual Wield+1","Cleave"],"picked":"Limit Break+1","floor":30},{"not_picked":["Bludgeon","Reaper"],"picked":"Barricade","floor":33},{"not_picked":[],"picked":"True Grit+1","floor":35},{"not_picked":[],"picked":"Disarm+1","floor":38},{"not_picked":["Anger+1"],"picked":"SKIP","floor":39},{"not_picked":["Perfected Strike+1"],"picked":"SKIP","floor":41},{"not_picked":[],"picked":"Headbutt","floor":44}],"player_experience":4543,"relics_obtained":[{"floor":6,"key":"Pen Nib"},{"floor":9,"key":"Vajra"},{"floor":14,"key":"Toxic Egg 2"},{"floor":23,"key":"Potion Belt"},{"floor":26,"key":"Mercury Hourglass"},{"floor":29,"key":"Ornamental Fan"},{"floor":43,"key":"Bag of Marbles"}],"event_choices":[{"damage_healed":0,"gold_gain":0,"player_choice":"Box","damage_taken":0,"relics_obtained":["Juzu Bracelet"],"max_hp_gain":0,"max_hp_loss":0,"event_name":"Big Fish","floor":2,"gold_loss":0,"cards_obtained":["Regret"]},{"damage_healed":0,"gold_gain":0,"cards_transformed":["Defend_R"],"player_choice":"Transformed","damage_taken":0,"max_hp_gain":0,"max_hp_loss":0,"event_name":"Transmorgrifier","floor":8,"gold_loss":0,"cards_obtained":["Intimidate"]},{"damage_healed":0,"gold_gain":175,"player_choice":"AGREE","damage_taken":0,"max_hp_gain":0,"max_hp_loss":0,"event_name":"Liars Game","floor":12,"gold_loss":0,"cards_obtained":["Doubt"]},{"cards_removed":["Doubt"],"damage_healed":0,"gold_gain":0,"player_choice":"Offered Curse","damage_taken":0,"relics_obtained":["Spirit Poop"],"max_hp_gain":0,"max_hp_loss":0,"event_name":"Bonfire Elementals","floor":13,"gold_loss":0},{"cards_removed":["Strike_R"],"damage_healed":0,"gold_gain":0,"player_choice":"Elegance","damage_taken":0,"max_hp_gain":0,"max_hp_loss":0,"event_name":"Back to Basics","floor":22,"gold_loss":0},{"damage_healed":0,"gold_gain":0,"player_choice":"Smashed Altar","damage_taken":0,"max_hp_gain":0,"max_hp_loss":0,"event_name":"Forgotten Altar","floor":24,"gold_loss":0,"cards_obtained":["Decay"]},{"damage_healed":0,"gold_gain":0,"cards_transformed":["Decay","Strike_R"],"player_choice":"Transformed Cards","damage_taken":0,"max_hp_gain":0,"max_hp_loss":0,"event_name":"Designer","floor":25,"gold_loss":60,"cards_obtained":["Doubt","True Grit"]},{"damage_healed":0,"gold_gain":0,"player_choice":"Opened","damage_taken":0,"relics_obtained":["Boot"],"max_hp_gain":0,"max_hp_loss":0,"event_name":"The Mausoleum","floor":28,"gold_loss":0,"cards_obtained":["Writhe"]},{"cards_removed":["Writhe"],"damage_healed":0,"gold_gain":0,"player_choice":"Gave Gold","damage_taken":0,"max_hp_gain":0,"max_hp_loss":0,"event_name":"Beggar","floor":31,"gold_loss":75},{"damage_healed":0,"gold_gain":0,"player_choice":"Ignored","damage_taken":0,"max_hp_gain":0,"max_hp_loss":0,"event_name":"Mysterious Sphere","floor":37,"gold_loss":0},{"damage_healed":0,"gold_gain":0,"player_choice":"Embrace Madness","damage_taken":10,"max_hp_gain":0,"max_hp_loss":0,"event_name":"Winding Halls","floor":42,"gold_loss":0,"cards_obtained":["Madness","Madness"]},{"cards_removed":["Strike_R"],"damage_healed":0,"gold_gain":0,"player_choice":"Removed Attack","damage_taken":0,"max_hp_gain":0,"max_hp_loss":0,"event_name":"Falling","floor":45,"gold_loss":0},{"damage_healed":0,"gold_gain":0,"player_choice":"Took Portal","damage_taken":0,"max_hp_gain":0,"max_hp_loss":0,"event_name":"SecretPortal","floor":46,"gold_loss":0}],"is_beta":false,"boss_relics":[{"not_picked":["Orrery","Tiny House"],"picked":"Lizard Tail"},{"not_picked":["Velvet Choker","Snecko Eye"],"picked":"Busted Crown"}],"items_purged_floors":[4,20,36],"is_endless":false,"potions_floor_spawned":[5,6,11,16,19,30,33,44],"ascension_level":1}