{"path_per_floor":["M","?","?","M","$","R","E","R","T","$","M","M","$","M","R","B",null,"M","M","$","M","M","M","?","?","T","R","M","?","R","M","R"],"character_chosen":"THE_SILENT","items_purchased":["Deflect","Infinite Blades","Kunai","Infinite Blades"],"gold_per_floor":[119,294,294,308,281,281,313,313,339,230,244,255,3,17,17,116,116,104,115,39,53,70,85,0,0,23,23,43,43,43,58,58],"floor_reached":33,"campfire_rested":4,"playtime":3527,"current_hp_per_floor":[69,69,69,65,65,65,29,50,57,57,56,54,54,37,60,55,77,75,66,66,55,34,46,46,46,46,46,42,42,65,9,32],"items_purged":["Regret"],"gold":58,"play_id":"f316645c-68e1-4524-b514-aca8ef35dda9","is_prod":false,"is_daily":false,"campfire_rituals":0,"campfire_upgraded":2,"is_hardmode":false,"path_taken":["M","?","?","M","?","R","E","R","T","$","?","M","$","M","R","BOSS","M","M","$","M","M","M","?","?","T","R","M","?","R","M","R","BOSS"],"build_version":"2018-01-11-PROD1","purchased_purges":2,"victory":false,"master_deck":["Survivor","Neutralize","Poisoned Stab","Slice","Deflect","Accuracy","Infinite Blades","Sucker Punch","Backflip","Cloak And Dagger","Night Terror","Bouncing Flask","PiercingWail","Escape Plan","PiercingWail","Deadly Poison","Underhanded Strike","Underhanded Strike","Blade Dance","Sucker Punch","Well Laid Plans","Deflect","Quick Slash","Infinite Blades","Backflip","Noxious Fumes","Flying Knee","Noxious Fumes","Poisoned Stab"],"max_hp_per_floor":[70,70,70,70,70,70,70,70,77,77,77,77,77,77,77,77,77,77,77,77,77,77,77,77,77,77,77,77,77,77,77,77],"relics":["Ring of the Snake","Anchor","Tingsha","Strawberry","Kunai","Pandora\u0027s Box","War Paint","Snake Skull"],"campfire_meditates":0,"card_choices":[{"not_picked":["Accuracy","Caltrops"],"picked":"Poisoned Stab"},{"not_picked":["Backflip","Dagger Spray"],"picked":"Slice"},{"not_picked":["Bane","Deflect"],"picked":"Accuracy"},{"not_picked":["Venomology","Blur"],"picked":"Sucker Punch"},{"not_picked":["Leg Sweep","PiercingWail"],"picked":"Backflip"},{"not_picked":["Backstab","Underhanded Strike"],"picked":"Cloak And Dagger"},{"not_picked":["A Thousand Cuts","Corpse Explosion"],"picked":"Night Terror"},{"not_picked":["Caltrops","Flying Knee"],"picked":"Deflect"},{"not_picked":["Slice","Choke"],"picked":"Quick Slash"},{"not_picked":["Acrobatics","Infinite Blades"],"picked":"Backflip"},{"not_picked":["PiercingWail","Prepared"],"picked":"Noxious Fumes"},{"not_picked":["Accuracy","Sucker Punch"],"picked":"Flying Knee"},{"not_picked":["Dagger Throw","Flechettes"],"picked":"Noxious Fumes"},{"not_picked":["Deflect","Backflip"],"picked":"Poisoned Stab"}],"player_experience":56556,"potions_floor_usage":[16,18,18,21,23,28],"damage_taken":[{"damage":1,"enemies":"2 Louse","floor":1,"turns":3},{"damage":4,"enemies":"Small Slimes","floor":4,"turns":4},{"damage":36,"enemies":"3 Sentries","floor":7,"turns":12},{"damage":1,"enemies":"Cultist","floor":11,"turns":4},{"damage":2,"enemies":"Looter","floor":12,"turns":3},{"damage":17,"enemies":"Large Slime","floor":14,"turns":7},{"damage":20,"enemies":"The Guardian","floor":16,"turns":13},{"damage":11,"enemies":"2 Thieves","floor":18,"turns":4},{"damage":9,"enemies":"3 Byrds","floor":19,"turns":8},{"damage":23,"enemies":"Snake Plant","floor":21,"turns":7},{"damage":21,"enemies":"3 Cultists","floor":22,"turns":6},{"damage":3,"enemies":"Slaver and Parasite","floor":23,"turns":7},{"damage":4,"enemies":"Centurion and Healer","floor":28,"turns":8},{"damage":56,"enemies":"Chosen and Byrds","floor":31,"turns":7},{"damage":32,"enemies":"Automaton","floor":33,"turns":6}],"event_choices":[{"event_name":"Liars Game","player_choice":"agreed","floor":2,"damage_taken":0},{"event_name":"Living Wall","player_choice":"Change","floor":3,"damage_taken":0},{"event_name":"Addict","player_choice":"Obtained Relic","floor":24,"damage_taken":0},{"event_name":"Back to Basics","player_choice":"Simplicity","floor":25,"damage_taken":0},{"event_name":"Beggar","player_choice":"Ignored","floor":29,"damage_taken":0}],"boss_relics":[{"not_picked":["Cursed Key","Black Star"],"picked":"Pandora\u0027s Box"}],"potions_floor_spawned":[1,11,14,16,22,23],"seed_played":"4405783969533336094","killed_by":"Automaton","is_trial":false}