{"gold_per_floor":[115,115,126,301,312,338,338,338,338,348,348,363,388,399,399,502,502,512,524,524],"floor_reached":20,"playtime":1015,"items_purged":[],"score":298,"play_id":"a96c6afe-eb3f-4169-9981-b9a32a0e2f3b","local_time":"20181112192343","is_ascension_mode":true,"campfire_choices":[{"data":"Zap","floor":7,"key":"SMITH"},{"data":"White Noise","floor":11,"key":"SMITH"},{"floor":15,"key":"REST"}],"neow_cost":"PERCENT_DAMAGE","seed_source_timestamp":23503525626164,"circlet_count":0,"master_deck":["AscendersBane","Strike_B","Strike_B","Strike_B","Strike_B","Defend_B","Defend_B","Defend_B","Defend_B","Zap+1","Dualcast","Ball Lightning","White Noise+1","Doubt","FTL","Ball Lightning","Capacitor","Echo Form","Sunder","Coolheaded","Seek","Hologram","Melter"],"relics":["Cracked Core","Potion Belt","Anchor","Letter Opener","Shuriken","Runic Pyramid"],"potions_floor_usage":[6,20],"damage_taken":[{"damage":5,"enemies":"Small Slimes","floor":1,"turns":3},{"damage":0,"enemies":"2 Louse","floor":3,"turns":3},{"damage":1,"enemies":"Cultist","floor":5,"turns":3},{"damage":25,"enemies":"3 Sentries","floor":6,"turns":7},{"damage":0,"enemies":"Lots of Slimes","floor":10,"turns":3},{"damage":0,"enemies":"Blue Slaver","floor":12,"turns":3},{"damage":32,"enemies":"Gremlin Nob","floor":13,"turns":4},{"damage":1,"enemies":"Looter","floor":14,"turns":3},{"damage":32,"enemies":"The Guardian","floor":16,"turns":10},{"damage":44,"enemies":"2 Thieves","floor":18,"turns":4},{"damage":23,"enemies":"Spheric Guardian","floor":19,"turns":5},{"damage":23,"enemies":"Centurion and Healer","floor":20,"turns":4}],"seed_played":"1849172127797954440","potions_obtained":[{"floor":5,"key":"SkillPotion"},{"floor":6,"key":"SteroidPotion"},{"floor":12,"key":"Ancient Potion"},{"floor":13,"key":"Strength Potion"},{"floor":16,"key":"FearPotion"},{"floor":19,"key":"Regen Potion"}],"is_trial":false,"path_per_floor":["M","?","M","?","M","E","R","?","T","M","R","M","E","M","R","B",null,"M","M","M"],"character_chosen":"DEFECT","items_purchased":[],"campfire_rested":1,"item_purchase_floors":[],"current_hp_per_floor":[59,88,88,88,87,62,62,62,62,62,62,62,30,29,55,23,73,29,6,0],"gold":524,"neow_bonus":"TWENTY_PERCENT_HP_BONUS","is_prod":false,"is_daily":false,"chose_seed":false,"campfire_upgraded":2,"win_rate":0,"timestamp":1542018223,"path_taken":["M","?","M","?","M","E","R","?","T","M","R","M","E","?","R","BOSS","M","?","M"],"build_version":"2018-11-08","purchased_purges":0,"victory":false,"max_hp_per_floor":[89,89,89,89,89,89,89,89,89,89,89,89,89,89,89,89,89,89,89,89],"card_choices":[{"not_picked":["Stack","Turbo"],"picked":"Ball Lightning","floor":1},{"not_picked":["Compile Driver","Consume"],"picked":"White Noise","floor":3},{"not_picked":["Barrage","Static Discharge"],"picked":"FTL","floor":5},{"not_picked":["Doom and Gloom","Chaos"],"picked":"Ball Lightning","floor":6},{"not_picked":["Cold Snap","FTL"],"picked":"Capacitor","floor":10},{"not_picked":["Coolheaded","Stack"],"picked":"Echo Form","floor":12},{"not_picked":["Hello World","Beam Cell"],"picked":"Sunder","floor":13},{"not_picked":["Ball Lightning","Redo"],"picked":"Coolheaded","floor":14},{"not_picked":["Meteor Strike","Biased Cognition"],"picked":"Seek","floor":16},{"not_picked":["White Noise","Turbo"],"picked":"Hologram","floor":18},{"not_picked":["White Noise","Doom and Gloom"],"picked":"Melter","floor":19}],"player_experience":473395,"relics_obtained":[{"floor":6,"key":"Potion Belt"},{"floor":9,"key":"Letter Opener"},{"floor":13,"key":"Shuriken"}],"event_choices":[{"damage_healed":29,"gold_gain":0,"player_choice":"Banana","damage_taken":0,"max_hp_gain":0,"max_hp_loss":0,"event_name":"Big Fish","floor":2,"gold_loss":0},{"damage_healed":0,"gold_gain":175,"player_choice":"AGREE","damage_taken":0,"max_hp_gain":0,"max_hp_loss":0,"event_name":"Liars Game","floor":4,"gold_loss":0,"cards_obtained":["Doubt"]},{"damage_healed":0,"gold_gain":0,"player_choice":"Gave Potion","damage_taken":0,"relics_obtained":["Anchor"],"max_hp_gain":0,"max_hp_loss":0,"event_name":"WeMeetAgain","floor":8,"gold_loss":0}],"is_beta":false,"boss_relics":[{"not_picked":["Coffee Dripper","Velvet Choker"],"picked":"Runic Pyramid"}],"items_purged_floors":[],"is_endless":false,"potions_floor_spawned":[5,6,12,13,16,19],"killed_by":"Centurion and Healer","ascension_level":12}