{"gold_per_floor":[109,47,57,232,232,263,290,290,366,384,62,96,96,110,110,209,209,198,198,211,226,226,243,243,259,259,55,71,71,82,93,93,190,190,208,208,221,241,256,269,269,25,48,48,48,68,68,100,100,100],"floor_reached":51,"playtime":3495,"items_purged":["Doubt"],"score":866,"play_id":"ea3d5640-03c9-432c-b7cc-a9ef9b0f87f3","local_time":"20181027133027","is_ascension_mode":true,"campfire_choices":[{"floor":8,"key":"REST"},{"floor":13,"key":"REST"},{"data":"Defragment","floor":15,"key":"SMITH"},{"floor":24,"key":"REST"},{"data":"Defragment","floor":29,"key":"SMITH"},{"data":"Redo","floor":32,"key":"SMITH"},{"floor":41,"key":"REST"},{"floor":44,"key":"REST"},{"floor":49,"key":"REST"}],"neow_cost":"NONE","seed_source_timestamp":1866547175486539,"circlet_count":0,"master_deck":["Strike_B","Strike_B","Strike_B","Strike_B","Defend_B","Defend_B","Defend_B","Defend_B","Zap","Dualcast","Redo+1","Steam Power","Sunder","Defragment+1","Defragment+1","Cold Snap","Coolheaded","Seek","Cold Snap","Undo","Reboot","Conserve Battery","Coolheaded","Echo Form","Glacier+1","Leap+1","Parasite","Cold Snap+1","Blizzard","Leap+1","Parasite","Parasite","Conserve Battery+1","Writhe","Cold Snap"],"relics":["Cracked Core","NeowsBlessing","Gambling Chip","Question Card","Odd Mushroom","Shuriken","Toy Ornithopter","Emotion Chip","White Beast Statue","DataDisk","Lee\u0027s Waffle","Cursed Key","Pear","Bag of Preparation","Bottled Tornado","Centennial Puzzle"],"potions_floor_usage":[16,16,23,25,28,30,33,33,33,37,39,40,46,48,48,50,50],"damage_taken":[{"damage":0,"enemies":"Jaw Worm","floor":1,"turns":1},{"damage":0,"enemies":"Cultist","floor":3,"turns":1},{"damage":0,"enemies":"Lagavulin","floor":6,"turns":1},{"damage":43,"enemies":"The Mushroom Lair","floor":7,"turns":5},{"damage":0,"enemies":"Small Slimes","floor":10,"turns":2},{"damage":30,"enemies":"Gremlin Nob","floor":12,"turns":4},{"damage":8,"enemies":"Blue Slaver","floor":14,"turns":3},{"damage":11,"enemies":"The Guardian","floor":16,"turns":11},{"damage":47,"enemies":"2 Thieves","floor":18,"turns":4},{"damage":12,"enemies":"Shell Parasite","floor":20,"turns":9},{"damage":38,"enemies":"3 Cultists","floor":21,"turns":6},{"damage":3,"enemies":"Snecko","floor":23,"turns":6},{"damage":13,"enemies":"Sentry and Sphere","floor":25,"turns":10},{"damage":14,"enemies":"3 Cultists","floor":28,"turns":5},{"damage":14,"enemies":"Snake Plant","floor":30,"turns":4},{"damage":13,"enemies":"Shelled Parasite and Fungi","floor":31,"turns":8},{"damage":52,"enemies":"Automaton","floor":33,"turns":20},{"damage":5,"enemies":"3 Shapes","floor":35,"turns":9},{"damage":11,"enemies":"Orb Walker","floor":37,"turns":4},{"damage":12,"enemies":"Writhing Mass","floor":38,"turns":11},{"damage":22,"enemies":"3 Darklings","floor":39,"turns":10},{"damage":38,"enemies":"Jaw Worm Horde","floor":40,"turns":5},{"damage":15,"enemies":"Sphere and 2 Shapes","floor":46,"turns":9},{"damage":44,"enemies":"Reptomancer","floor":48,"turns":10},{"damage":36,"enemies":"Time Eater","floor":50,"turns":14}],"seed_played":"-2368741802163594376","potions_obtained":[{"floor":3,"key":"LiquidBronze"},{"floor":12,"key":"FocusPotion"},{"floor":16,"key":"GamblersBrew"},{"floor":18,"key":"Ancient Potion"},{"floor":20,"key":"Ancient Potion"},{"floor":23,"key":"Weak Potion"},{"floor":25,"key":"Poison Potion"},{"floor":28,"key":"SpeedPotion"},{"floor":30,"key":"Swift Potion"},{"floor":33,"key":"Strength Potion"},{"floor":35,"key":"Energy Potion"},{"floor":36,"key":"FocusPotion"},{"floor":36,"key":"Fruit Juice"},{"floor":37,"key":"SneckoOil"},{"floor":38,"key":"SpeedPotion"},{"floor":39,"key":"AttackPotion"},{"floor":40,"key":"Weak Potion"},{"floor":46,"key":"EssenceOfSteel"},{"floor":48,"key":"Poison Potion"}],"is_trial":false,"path_per_floor":["M","?","M","?","?","E","?","R","T","M","$","E","R","M","R","B",null,"M","?","M","M","?","M","R","M","T","$","M","R","M","M","R","B",null,"M","?","M","M","M","M","R","$","T","R","T","M","?","E","R","B"],"character_chosen":"DEFECT","items_purchased":["Defragment","Toy Ornithopter","Lee\u0027s Waffle","Pear"],"campfire_rested":6,"item_purchase_floors":[11,11,27,42],"current_hp_per_floor":[75,75,75,75,80,80,37,61,61,61,61,31,55,47,47,46,80,33,59,47,9,9,11,35,27,27,87,73,73,64,51,51,14,87,82,82,81,69,52,19,46,56,56,86,86,76,102,66,96,70],"gold":100,"neow_bonus":"THREE_ENEMY_KILL","is_prod":false,"is_daily":false,"chose_seed":false,"campfire_upgraded":3,"win_rate":0,"timestamp":1540614627,"path_taken":["M","?","M","?","?","E","?","R","T","?","$","E","R","M","R","BOSS","M","?","M","M","?","M","R","M","T","?","M","R","?","M","R","BOSS","M","?","M","M","M","?","R","$","T","R","?","M","?","E","R","BOSS"],"build_version":"2018-10-25v2","purchased_purges":1,"victory":true,"max_hp_per_floor":[75,75,75,75,80,80,80,80,80,80,80,80,80,80,80,80,80,80,80,80,80,80,80,80,80,80,87,87,87,87,87,87,87,87,87,87,92,92,92,92,92,102,102,102,102,102,102,102,102,102],"card_choices":[{"not_picked":["Streamline","Barrage","Beam Cell"],"picked":"SKIP","floor":1},{"not_picked":["Sweeping Beam","Force Field"],"picked":"Redo","floor":3},{"not_picked":["Hologram","Doom and Gloom"],"picked":"Steam Power","floor":6},{"not_picked":["Fusion","BootSequence","Doom and Gloom"],"picked":"Sunder","floor":7},{"not_picked":["Ball Lightning","Darkness","Beam Cell"],"picked":"Defragment","floor":10},{"not_picked":["White Noise","Conserve Battery","Recycle"],"picked":"Cold Snap","floor":12},{"not_picked":["Turbo","Barrage","Double Energy"],"picked":"Coolheaded","floor":14},{"not_picked":["Thunder Strike","Multi-Cast","Electrodynamics"],"picked":"Seek","floor":16},{"not_picked":["Streamline","Auto Shields","Skim"],"picked":"Cold Snap","floor":18},{"not_picked":["Barrage+1","Beam Cell","Ball Lightning","Streamline+1"],"picked":"SKIP","floor":20},{"not_picked":["Turbo+1","Hologram","Compile Driver+1"],"picked":"Undo","floor":21},{"not_picked":["Lockon","Steam","Steam Power+1","Compile Driver"],"picked":"SKIP","floor":23},{"not_picked":["Chill","Go for the Eyes","Coolheaded"],"picked":"Reboot","floor":25},{"not_picked":["Sweeping Beam","Rebound","Melter","Reinforced Body+1"],"picked":"SKIP","floor":28},{"not_picked":["Darkness","Reprogram+1","Steam Power"],"picked":"Conserve Battery","floor":30},{"not_picked":["Rebound","Sweeping Beam","Steam"],"picked":"Coolheaded","floor":31},{"not_picked":["Rainbow","Fission","Machine Learning"],"picked":"Echo Form","floor":33},{"not_picked":["Streamline","Barrage+1","Ball Lightning"],"picked":"Glacier+1","floor":35},{"not_picked":["Fusion","Double Energy+1","Rip and Tear"],"picked":"Leap+1","floor":37},{"not_picked":["Hologram","Genetic Algorithm+1","Electrodynamics"],"picked":"Cold Snap+1","floor":38},{"not_picked":["Ball Lightning+1","Steam+1","Auto Shields+1"],"picked":"Blizzard","floor":39},{"not_picked":["Go for the Eyes","Undo+1","Melter"],"picked":"Leap+1","floor":40},{"not_picked":["Gash","Barrage+1","Beam Cell+1"],"picked":"Conserve Battery+1","floor":46},{"not_picked":["Sweeping Beam","Scrape","Gash+1"],"picked":"Cold Snap","floor":48}],"player_experience":233585,"relics_obtained":[{"floor":6,"key":"Question Card"},{"floor":7,"key":"Odd Mushroom"},{"floor":9,"key":"Shuriken"},{"floor":12,"key":"Emotion Chip"},{"floor":26,"key":"DataDisk"},{"floor":43,"key":"Bag of Preparation"},{"floor":45,"key":"Bottled Tornado"},{"floor":48,"key":"Centennial Puzzle"}],"event_choices":[{"damage_healed":0,"gold_gain":0,"player_choice":"Paid Gold","damage_taken":0,"relics_obtained":["Gambling Chip"],"max_hp_gain":0,"max_hp_loss":0,"event_name":"WeMeetAgain","floor":2,"gold_loss":62},{"damage_healed":0,"gold_gain":175,"player_choice":"AGREE","damage_taken":0,"max_hp_gain":0,"max_hp_loss":0,"event_name":"Liars Game","floor":4,"gold_loss":0,"cards_obtained":["Doubt"]},{"damage_healed":0,"gold_gain":0,"player_choice":"Donut","damage_taken":0,"max_hp_gain":5,"max_hp_loss":0,"event_name":"Big Fish","floor":5,"gold_loss":0},{"damage_healed":0,"gold_gain":0,"player_choice":"Fought Mushrooms","damage_taken":0,"max_hp_gain":0,"max_hp_loss":0,"event_name":"Mushrooms","floor":7,"gold_loss":0},{"damage_healed":26,"gold_gain":0,"player_choice":"Heal","damage_taken":0,"max_hp_gain":0,"max_hp_loss":0,"event_name":"The Library","floor":19,"gold_loss":0},{"damage_healed":0,"gold_gain":0,"player_choice":"Ignored","damage_taken":0,"max_hp_gain":0,"max_hp_loss":0,"event_name":"Ghosts","floor":22,"gold_loss":0},{"damage_healed":0,"gold_gain":0,"player_choice":"Got Potions","damage_taken":0,"max_hp_gain":0,"max_hp_loss":0,"event_name":"The Lab","floor":36,"gold_loss":0},{"damage_healed":26,"gold_gain":0,"player_choice":"Writhe","damage_taken":0,"max_hp_gain":0,"max_hp_loss":0,"event_name":"Winding Halls","floor":47,"gold_loss":0,"cards_obtained":["Writhe"]}],"is_beta":false,"boss_relics":[{"not_picked":["Runic Dome","Busted Crown"],"picked":"White Beast Statue"},{"not_picked":["Empty Cage","Orrery"],"picked":"Cursed Key"}],"items_purged_floors":[11],"is_endless":false,"potions_floor_spawned":[3,12,16,18,20,21,23,25,28,30,31,33,35,37,38,39,40,46,48],"ascension_level":3}