{"gold_per_floor":[116,116,131,146,160,190,190,222,222,322,332,346,346,378,378,378],"floor_reached":16,"playtime":642,"items_purged":[],"score":195,"play_id":"e38d13ac-329d-473d-9bb5-7baa4fe11dae","local_time":"20190216135248","is_ascension_mode":true,"campfire_choices":[{"data":"Armaments","floor":7,"key":"SMITH"},{"data":"Entrench","floor":13,"key":"SMITH"},{"data":"Whirlwind","floor":15,"key":"SMITH"}],"neow_cost":"NONE","seed_source_timestamp":708292372679197,"circlet_count":0,"master_deck":["AscendersBane","Strike_R","Strike_R","Strike_R","Strike_R","Strike_R","Defend_R","Defend_R","Defend_R","Defend_R","Bash+1","Armaments+1","Spot Weakness","Body Slam","Immolate","Battle Trance","Double Tap","Thunderclap","Entrench+1","Whirlwind+1"],"relics":["Burning Blood","Champion Belt","Blood Vial","Question Card","Mummified Hand","Anchor"],"potions_floor_usage":[6,8,14,16],"damage_taken":[{"damage":14,"enemies":"Small Slimes","floor":1,"turns":4},{"damage":0,"enemies":"Cultist","floor":3,"turns":4},{"damage":4,"enemies":"Jaw Worm","floor":4,"turns":3},{"damage":6,"enemies":"Blue Slaver","floor":5,"turns":5},{"damage":6,"enemies":"Gremlin Nob","floor":6,"turns":3},{"damage":22,"enemies":"Lagavulin","floor":8,"turns":7},{"damage":8,"enemies":"Looter","floor":11,"turns":2},{"damage":1,"enemies":"Large Slime","floor":12,"turns":5},{"damage":12,"enemies":"Gremlin Nob","floor":14,"turns":3},{"damage":54,"enemies":"Slime Boss","floor":16,"turns":10}],"seed_played":"8332177103706135981","potions_obtained":[{"floor":1,"key":"AttackPotion"},{"floor":4,"key":"Regen Potion"},{"floor":6,"key":"Strength Potion"},{"floor":12,"key":"GamblersBrew"}],"is_trial":false,"path_per_floor":["M","?","M","M","M","E","R","E","T","?","M","M","R","E","R","B"],"character_chosen":"IRONCLAD","items_purchased":[],"campfire_rested":0,"item_purchase_floors":[],"current_hp_per_floor":[64,46,52,54,54,54,54,45,45,45,45,52,52,48,48,0],"gold":378,"neow_bonus":"UPGRADE_CARD","is_prod":false,"is_daily":false,"chose_seed":false,"campfire_upgraded":3,"win_rate":0,"timestamp":1550317968,"path_taken":["M","?","M","M","M","E","R","E","T","?","M","?","R","E","R","BOSS"],"build_version":"2019-01-23","purchased_purges":0,"victory":false,"max_hp_per_floor":[80,80,80,80,80,80,80,80,80,80,80,80,80,80,80,80],"card_choices":[{"not_picked":["Burning Pact","Uppercut"],"picked":"Armaments","floor":1},{"not_picked":["Perfected Strike","Flex"],"picked":"Spot Weakness","floor":3},{"not_picked":["Pommel Strike","Havoc"],"picked":"Body Slam","floor":4},{"not_picked":["Thunderclap","Clothesline"],"picked":"Immolate","floor":5},{"not_picked":["Shrug It Off","Body Slam"],"picked":"Battle Trance","floor":6},{"not_picked":["Headbutt","Twin Strike"],"picked":"Double Tap","floor":8},{"not_picked":["Headbutt","Burning Pact","Heavy Blade"],"picked":"Thunderclap","floor":11},{"not_picked":["Perfected Strike","Combust","Twin Strike"],"picked":"Entrench","floor":12},{"not_picked":["Metallicize","Rupture","Cleave"],"picked":"Whirlwind","floor":14}],"player_experience":191857,"relics_obtained":[{"floor":6,"key":"Blood Vial"},{"floor":8,"key":"Question Card"},{"floor":9,"key":"Mummified Hand"},{"floor":14,"key":"Anchor"}],"event_choices":[{"damage_healed":0,"gold_gain":0,"player_choice":"Success","damage_taken":18,"relics_obtained":["Champion Belt"],"max_hp_gain":0,"max_hp_loss":0,"event_name":"Scrap Ooze","floor":2,"gold_loss":0},{"damage_healed":0,"gold_gain":100,"player_choice":"Gold","damage_taken":0,"max_hp_gain":0,"max_hp_loss":0,"event_name":"Wheel of Change","floor":10,"gold_loss":0}],"is_beta":false,"boss_relics":[],"items_purged_floors":[],"is_endless":false,"potions_floor_spawned":[1,4,6,12],"killed_by":"Slime Boss","ascension_level":12}