{"gold_per_floor":[117,117,117,49,67,96,96,161,161,175,207,207,227,242,242,341,341,357,371,321,123,139,139,172,82,82,82],"floor_reached":27,"playtime":1537,"items_purged":["Strike_G","Strike_G"],"score":289,"play_id":"5ff62270-14a3-41db-803d-f920f815a70a","local_time":"20181230010339","is_ascension_mode":true,"campfire_choices":[{"data":"Accuracy","floor":7,"key":"SMITH"},{"floor":12,"key":"REST"},{"data":"Caltrops","floor":15,"key":"SMITH"},{"data":"Storm of Steel","floor":23,"key":"SMITH"}],"neow_cost":"TEN_PERCENT_HP_LOSS","seed_source_timestamp":8753069359817,"circlet_count":0,"master_deck":["Defend_G+1","Defend_G+1","Defend_G","Defend_G+1","Defend_G","Strike_G","Strike_G","Survivor","Neutralize","Accuracy+1","Infinite Blades","Backflip","Doppelganger","Well Laid Plans","Deadly Poison","After Image","Caltrops+1","Storm of Steel+1","Terror+1","Backflip+1","Infinite Blades","Backflip","PiercingWail","Venomology"],"relics":["Ring of the Snake","Ice Cream","Happy Flower","Smiling Mask","War Paint","Bottled Tornado","White Beast Statue","FossilizedHelix","Regal Pillow"],"potions_floor_usage":[8,11,18,22,24,24,24,24],"damage_taken":[{"damage":2,"enemies":"Small Slimes","floor":1,"turns":7},{"damage":2,"enemies":"Jaw Worm","floor":5,"turns":4},{"damage":13,"enemies":"Lagavulin","floor":6,"turns":8},{"damage":19,"enemies":"3 Sentries","floor":8,"turns":8},{"damage":0,"enemies":"Cultist","floor":10,"turns":5},{"damage":24,"enemies":"Gremlin Nob","floor":11,"turns":6},{"damage":5,"enemies":"Red Slaver","floor":13,"turns":4},{"damage":1,"enemies":"3 Louse","floor":14,"turns":4},{"damage":2,"enemies":"Hexaghost","floor":16,"turns":9},{"damage":18,"enemies":"Spheric Guardian","floor":18,"turns":5},{"damage":0,"enemies":"Chosen","floor":19,"turns":4},{"damage":11,"enemies":"Snake Plant","floor":22,"turns":4},{"damage":22,"enemies":"Slavers","floor":24,"turns":6},{"damage":18,"enemies":"Cultist and Chosen","floor":27,"turns":4}],"seed_played":"-5773688879386412612","potions_obtained":[{"floor":5,"key":"GamblersBrew"},{"floor":10,"key":"SpeedPotion"},{"floor":13,"key":"SkillPotion"},{"floor":16,"key":"Weak Potion"},{"floor":18,"key":"GhostInAJar"},{"floor":19,"key":"Block Potion"},{"floor":22,"key":"SkillPotion"},{"floor":24,"key":"Ancient Potion"}],"is_trial":false,"path_per_floor":["M","?","?","$","M","E","R","?","T","M","E","R","M","M","R","B",null,"M","M","$","$","M","R","E","?","T","M"],"character_chosen":"THE_SILENT","items_purchased":["Infinite Blades","Infinite Blades","Backflip","PiercingWail"],"campfire_rested":1,"item_purchase_floors":[4,21,21,21],"current_hp_per_floor":[61,61,61,61,59,46,46,27,27,27,3,21,16,15,15,13,63,45,45,45,45,34,34,12,12,12,0],"gold":82,"neow_bonus":"ONE_RARE_RELIC","is_prod":false,"is_daily":false,"chose_seed":false,"campfire_upgraded":3,"win_rate":0,"timestamp":1546124619,"path_taken":["M","?","?","$","M","E","R","?","T","?","E","R","M","M","R","BOSS","M","?","?","$","M","R","E","?","T","M"],"build_version":"2018-12-20","purchased_purges":2,"victory":false,"max_hp_per_floor":[63,63,63,63,63,63,63,63,63,63,63,63,63,63,63,63,63,63,63,63,63,63,63,63,63,63,63],"card_choices":[{"not_picked":["Acrobatics","Outmaneuver"],"picked":"Accuracy","floor":1},{"not_picked":["Dagger Spray","Slice"],"picked":"Backflip","floor":5},{"not_picked":["Leg Sweep","Dagger Throw"],"picked":"Doppelganger","floor":6},{"not_picked":["Reflex","Flying Knee"],"picked":"Well Laid Plans","floor":10},{"not_picked":["Skewer","Expertise"],"picked":"Deadly Poison","floor":11},{"not_picked":["Deflect","Flying Knee"],"picked":"After Image","floor":13},{"not_picked":["Predator","Prepared"],"picked":"Caltrops","floor":14},{"not_picked":["Die Die Die","Envenom"],"picked":"Storm of Steel","floor":16},{"not_picked":["Dagger Throw","Blade Dance"],"picked":"Terror+1","floor":18},{"not_picked":["Acrobatics","Bane"],"picked":"Backflip+1","floor":19},{"not_picked":["Poisoned Stab","Dagger Throw"],"picked":"Venomology","floor":22},{"not_picked":["Catalyst","Dagger Throw","Crippling Poison"],"picked":"SKIP","floor":24}],"player_experience":82411,"relics_obtained":[{"floor":6,"key":"Smiling Mask"},{"floor":9,"key":"Bottled Tornado"},{"floor":24,"key":"FossilizedHelix"},{"floor":26,"key":"Regal Pillow"}],"event_choices":[{"damage_healed":0,"gold_gain":0,"player_choice":"Box","damage_taken":0,"relics_obtained":["Happy Flower"],"max_hp_gain":0,"max_hp_loss":0,"event_name":"Big Fish","floor":2,"gold_loss":0,"cards_obtained":["Regret"]},{"cards_removed":["Regret"],"damage_healed":0,"gold_gain":0,"player_choice":"Forget","damage_taken":0,"max_hp_gain":0,"max_hp_loss":0,"event_name":"Living Wall","floor":3,"gold_loss":0},{"damage_healed":0,"gold_gain":0,"player_choice":"Searched \u00272\u0027 times","damage_taken":0,"relics_obtained":["War Paint"],"max_hp_gain":0,"max_hp_loss":0,"event_name":"Dead Adventurer","floor":8,"gold_loss":0},{"cards_removed":["Strike_G"],"damage_healed":0,"gold_gain":0,"player_choice":"Upgrade and Remove","damage_taken":0,"max_hp_gain":0,"max_hp_loss":0,"event_name":"Designer","floor":25,"gold_loss":90,"cards_upgraded":["Defend_G"]}],"is_beta":false,"boss_relics":[{"not_picked":["Snecko Eye","Velvet Choker"],"picked":"White Beast Statue"}],"items_purged_floors":[20,21],"is_endless":false,"potions_floor_spawned":[5,10,13,16,18,19,22,24],"killed_by":"Cultist and Chosen","ascension_level":4}