{"gold_per_floor":[113,38,38,55,55,55,86,116,116,137,137,175,189,189,189,189],"floor_reached":16,"playtime":820,"items_purged":["Defend_R"],"score":158,"play_id":"8454a566-6404-46e6-b696-3c1a4fe4675a","local_time":"20190215051419","is_ascension_mode":false,"campfire_choices":[{"floor":6,"key":"REST"},{"floor":11,"key":"REST"},{"floor":15,"key":"REST"}],"neow_cost":"NONE","seed_source_timestamp":71652792882786,"circlet_count":0,"master_deck":["Strike_R","Strike_R","Strike_R","Strike_R","Strike_R","Defend_R","Defend_R","Bash","Twin Strike","Twin Strike","Perfected Strike","Warcry","Twin Strike","Perfected Strike","Pommel Strike"],"relics":["Burning Blood","Golden Idol","Potion Belt","Odd Mushroom","Lantern","Happy Flower","Red Skull"],"potions_floor_usage":[16,16,16],"damage_taken":[{"damage":8,"enemies":"Small Slimes","floor":1,"turns":4},{"damage":8,"enemies":"Jaw Worm","floor":4,"turns":3},{"damage":42,"enemies":"3 Sentries","floor":7,"turns":10},{"damage":28,"enemies":"The Mushroom Lair","floor":8,"turns":4},{"damage":0,"enemies":"2 Louse","floor":10,"turns":2},{"damage":21,"enemies":"Lagavulin","floor":12,"turns":5},{"damage":0,"enemies":"Exordium Wildlife","floor":13,"turns":2}],"seed_played":"3164790492595691666","potions_obtained":[{"floor":1,"key":"LiquidBronze"},{"floor":4,"key":"PowerPotion"},{"floor":10,"key":"Block Potion"}],"is_trial":false,"path_per_floor":["M","$","?","M","?","R","E","?","T","M","R","E","M","?","R","B"],"character_chosen":"IRONCLAD","items_purchased":[],"campfire_rested":3,"item_purchase_floors":[],"current_hp_per_floor":[78,78,71,69,49,73,37,15,15,21,45,30,36,24,48,0],"gold":189,"neow_bonus":"THREE_CARDS","is_prod":false,"is_daily":false,"chose_seed":false,"campfire_upgraded":0,"win_rate":0.0,"timestamp":1550175259,"path_taken":["M","$","?","M","?","R","E","?","T","?","R","E","M","?","R","BOSS"],"build_version":"2019-01-23","purchased_purges":1,"victory":false,"max_hp_per_floor":[80,80,80,80,80,80,80,80,80,80,80,80,80,80,80,80],"card_choices":[{"not_picked":["Searing Blow","Thunderclap"],"picked":"Twin Strike","floor":0},{"not_picked":["Dual Wield","Rampage"],"picked":"Twin Strike","floor":1},{"not_picked":["Clothesline","Combust","Fire Breathing"],"picked":"SKIP","floor":4},{"not_picked":["Armaments","Twin Strike"],"picked":"Perfected Strike","floor":7},{"not_picked":["Flex","Sentinel"],"picked":"Warcry","floor":8},{"not_picked":["Second Wind","Flex"],"picked":"Twin Strike","floor":10},{"not_picked":["Clothesline","Anger"],"picked":"Perfected Strike","floor":12},{"not_picked":["Fiend Fire","Wild Strike"],"picked":"Pommel Strike","floor":13}],"player_experience":26641,"relics_obtained":[{"floor":7,"key":"Potion Belt"},{"floor":8,"key":"Odd Mushroom"},{"floor":9,"key":"Lantern"},{"floor":12,"key":"Happy Flower"}],"event_choices":[{"cards_removed":["Defend_R"],"damage_healed":0,"gold_gain":0,"player_choice":"Card Removal","damage_taken":7,"max_hp_gain":0,"max_hp_loss":0,"event_name":"Golden Wing","floor":3,"gold_loss":0},{"damage_healed":0,"gold_gain":0,"player_choice":"Take Damage","damage_taken":20,"relics_obtained":["Golden Idol"],"max_hp_gain":0,"max_hp_loss":0,"event_name":"Golden Idol","floor":5,"gold_loss":0},{"damage_healed":0,"gold_gain":0,"player_choice":"Fought Mushrooms","damage_taken":0,"max_hp_gain":0,"max_hp_loss":0,"event_name":"Mushrooms","floor":8,"gold_loss":0},{"damage_healed":0,"gold_gain":0,"player_choice":"Success","damage_taken":12,"relics_obtained":["Red Skull"],"max_hp_gain":0,"max_hp_loss":0,"event_name":"Scrap Ooze","floor":14,"gold_loss":0}],"is_beta":false,"boss_relics":[],"items_purged_floors":[2],"is_endless":false,"potions_floor_spawned":[1,4,10],"killed_by":"The Guardian","ascension_level":0}