{"gold_per_floor":[109,34,34,34,51,51,78,97,97,107,107,140,155,172,172,172],"floor_reached":16,"playtime":434,"items_purged":["Strike_R"],"score":260,"play_id":"0a6cac5e-b3ce-4f9e-866d-1f4994adf033","local_time":"20190203112306","is_ascension_mode":true,"campfire_choices":[{"data":"Bash","floor":6,"key":"SMITH"},{"data":"Strike_R","floor":11,"key":"PURGE"},{"data":"Defend_R","floor":15,"key":"PURGE"}],"neow_cost":"NONE","seed_source_timestamp":495820476806300,"circlet_count":0,"master_deck":["AscendersBane","Strike_R","Strike_R","Defend_R","Defend_R","Defend_R","Bash+1"],"relics":["Burning Blood","NeowsBlessing","Oddly Smooth Stone","Mercury Hourglass","Peace Pipe","Thread and Needle"],"potions_floor_usage":[16],"damage_taken":[{"damage":0,"enemies":"Jaw Worm","floor":1,"turns":1},{"damage":0,"enemies":"Cultist","floor":5,"turns":1},{"damage":0,"enemies":"Lagavulin","floor":7,"turns":1},{"damage":3,"enemies":"2 Louse","floor":8,"turns":3},{"damage":7,"enemies":"Blue Slaver","floor":10,"turns":4},{"damage":32,"enemies":"Gremlin Nob","floor":12,"turns":4},{"damage":5,"enemies":"Red Slaver","floor":13,"turns":7},{"damage":6,"enemies":"2 Fungi Beasts","floor":14,"turns":4},{"damage":51,"enemies":"Slime Boss","floor":16,"turns":7}],"seed_played":"7243248163274062618","potions_obtained":[{"floor":7,"key":"Dexterity Potion"},{"floor":8,"key":"PowerPotion"},{"floor":14,"key":"PowerPotion"}],"is_trial":false,"path_per_floor":["M","$","?","T","M","R","E","M","T","M","R","E","M","M","R","B"],"character_chosen":"IRONCLAD","items_purchased":[],"campfire_rested":0,"item_purchase_floors":[],"current_hp_per_floor":[74,74,74,74,75,75,75,75,75,74,74,48,49,49,49,0],"gold":172,"neow_bonus":"THREE_ENEMY_KILL","is_prod":false,"is_daily":false,"chose_seed":false,"campfire_upgraded":1,"win_rate":0,"timestamp":1549189386,"path_taken":["M","$","?","?","M","R","E","M","T","M","R","E","M","M","R","BOSS"],"build_version":"2019-01-23","purchased_purges":1,"victory":false,"max_hp_per_floor":[75,75,75,75,75,75,75,75,75,75,75,75,75,75,75,75],"card_choices":[{"not_picked":["Warcry","Body Slam","Headbutt"],"picked":"SKIP","floor":1},{"not_picked":["Entrench","Intimidate","Metallicize"],"picked":"SKIP","floor":5},{"not_picked":["Anger","Hemokinesis","Dark Embrace"],"picked":"SKIP","floor":7},{"not_picked":["Rupture","Inflame","Havoc"],"picked":"SKIP","floor":8},{"not_picked":["Thunderclap","True Grit","Cleave"],"picked":"SKIP","floor":10},{"not_picked":["Thunderclap","True Grit","Cleave"],"picked":"SKIP","floor":10},{"not_picked":["Spot Weakness","Twin Strike","Wild Strike"],"picked":"SKIP","floor":12},{"not_picked":["Wild Strike","Evolve","Corruption"],"picked":"SKIP","floor":13},{"not_picked":["Battle Trance","Iron Wave","Hemokinesis"],"picked":"SKIP","floor":14}],"player_experience":319227,"relics_obtained":[{"floor":4,"key":"Oddly Smooth Stone"},{"floor":7,"key":"Mercury Hourglass"},{"floor":9,"key":"Peace Pipe"},{"floor":12,"key":"Thread and Needle"}],"event_choices":[{"cards_removed":["Strike_R"],"damage_healed":0,"gold_gain":0,"player_choice":"Forget","damage_taken":0,"max_hp_gain":0,"max_hp_loss":0,"event_name":"Living Wall","floor":3,"gold_loss":0}],"is_beta":false,"boss_relics":[],"items_purged_floors":[2],"is_endless":false,"potions_floor_spawned":[7,8,14],"killed_by":"Slime Boss","ascension_level":18}