{"gold_per_floor":[111,29,43,118,118,146,163,163,163,194,204,234,234,247,247,321,321,338,253,523,543,543],"floor_reached":22,"playtime":693,"items_purged":[],"score":447,"play_id":"c6e14e1e-3ed6-4646-a7e3-4d3c0c1423f7","local_time":"20190205194429","is_ascension_mode":true,"campfire_choices":[{"data":"Whirlwind","floor":8,"key":"SMITH"},{"data":"Infernal Blade","floor":13,"key":"SMITH"},{"data":"Armaments","floor":15,"key":"SMITH"}],"neow_cost":"NONE","seed_source_timestamp":698447439880800,"circlet_count":0,"master_deck":["AscendersBane","Strike_R","Strike_R","Strike_R","Strike_R","Strike_R","Defend_R","Defend_R","Defend_R","Defend_R","Bash","Infernal Blade+1","Armaments+1","Headbutt","Whirlwind+1","Uppercut","Headbutt","Rage","Shockwave","Carnage","True Grit","Demon Form","Carnage","Rage"],"relics":["Burning Blood","NeowsBlessing","Bag of Preparation","Bottled Flame","Bottled Lightning","The Courier","Darkstone Periapt","Philosopher\u0027s Stone","Calipers"],"potions_floor_usage":[10,12,16,21,21],"damage_taken":[{"damage":0,"enemies":"Cultist","floor":1,"turns":1},{"damage":0,"enemies":"2 Louse","floor":3,"turns":1},{"damage":0,"enemies":"Gremlin Nob","floor":6,"turns":1},{"damage":4,"enemies":"Jaw Worm","floor":7,"turns":3},{"damage":7,"enemies":"3 Sentries","floor":10,"turns":4},{"damage":0,"enemies":"Blue Slaver","floor":11,"turns":1},{"damage":26,"enemies":"Lagavulin","floor":12,"turns":7},{"damage":0,"enemies":"2 Fungi Beasts","floor":14,"turns":2},{"damage":41,"enemies":"The Guardian","floor":16,"turns":10},{"damage":4,"enemies":"3 Byrds","floor":18,"turns":4},{"damage":34,"enemies":"Shell Parasite","floor":21,"turns":5},{"damage":18,"enemies":"Snake Plant","floor":22,"turns":2}],"seed_played":"5998212981281315129","potions_obtained":[{"floor":1,"key":"BloodPotion"},{"floor":7,"key":"AttackPotion"},{"floor":10,"key":"Strength Potion"},{"floor":12,"key":"Poison Potion"},{"floor":16,"key":"SpeedPotion"}],"is_trial":false,"path_per_floor":["M","$","M","?","?","E","M","R","T","E","M","E","R","M","R","B",null,"M","?","?","M","M"],"character_chosen":"IRONCLAD","items_purchased":["Armaments","Headbutt"],"campfire_rested":0,"item_purchase_floors":[2,2],"current_hp_per_floor":[74,74,75,64,59,65,67,67,67,66,72,52,52,58,58,23,62,64,64,36,15,0],"gold":543,"neow_bonus":"THREE_ENEMY_KILL","is_prod":false,"is_daily":false,"chose_seed":false,"campfire_upgraded":3,"win_rate":0,"timestamp":1549392269,"path_taken":["M","?","M","?","?","E","?","R","T","E","M","E","R","M","R","BOSS","M","?","?","?","M"],"build_version":"2019-01-23","purchased_purges":0,"victory":false,"max_hp_per_floor":[75,75,75,75,75,75,75,75,75,75,75,75,75,75,75,75,75,75,75,75,75,75],"card_choices":[{"not_picked":["Anger","Flex"],"picked":"Infernal Blade","floor":1},{"not_picked":["Body Slam","Rampage"],"picked":"Whirlwind","floor":3},{"not_picked":["Iron Wave","Ghostly Armor"],"picked":"Uppercut","floor":6},{"not_picked":["Searing Blow","Anger"],"picked":"Headbutt","floor":7},{"not_picked":["Heavy Blade","Twin Strike"],"picked":"Rage","floor":10},{"not_picked":["Shrug It Off","Sever Soul"],"picked":"Shockwave","floor":11},{"not_picked":["Berserk","Sword Boomerang"],"picked":"Carnage","floor":12},{"not_picked":["Sever Soul","Thunderclap"],"picked":"True Grit","floor":14},{"not_picked":["Berserk","Feed"],"picked":"Demon Form","floor":16},{"not_picked":["Warcry","Wild Strike"],"picked":"Carnage","floor":18},{"not_picked":["Clash","Twin Strike"],"picked":"Rage","floor":21}],"player_experience":337546,"relics_obtained":[{"floor":6,"key":"Bottled Flame"},{"floor":9,"key":"Bottled Lightning"},{"floor":10,"key":"The Courier"},{"floor":12,"key":"Darkstone Periapt"}],"event_choices":[{"damage_healed":0,"gold_gain":75,"player_choice":"Gather Gold","damage_taken":11,"max_hp_gain":0,"max_hp_loss":0,"event_name":"World of Goop","floor":4,"gold_loss":0},{"damage_healed":0,"gold_gain":0,"player_choice":"Success","damage_taken":5,"relics_obtained":["Bag of Preparation"],"max_hp_gain":0,"max_hp_loss":0,"event_name":"Scrap Ooze","floor":5,"gold_loss":0},{"damage_healed":0,"gold_gain":0,"player_choice":"Obtained Relic","damage_taken":0,"relics_obtained":["Calipers"],"max_hp_gain":0,"max_hp_loss":0,"event_name":"Addict","floor":19,"gold_loss":85},{"damage_healed":0,"gold_gain":270,"player_choice":"GOLD GOLD GOLD ","damage_taken":28,"max_hp_gain":0,"max_hp_loss":0,"event_name":"Knowing Skull","floor":20,"potions_obtained":[],"gold_loss":0,"cards_obtained":[]}],"is_beta":false,"boss_relics":[{"not_picked":["Busted Crown","Pandora\u0027s Box"],"picked":"Philosopher\u0027s Stone"}],"items_purged_floors":[],"is_endless":false,"potions_floor_spawned":[1,7,10,12,16,18],"killed_by":"Snake Plant","ascension_level":19}