{"gold_per_floor":[119,119,119,119,31,31,106,134,180,180,180],"floor_reached":11,"playtime":204,"items_purged":[],"score":131,"play_id":"8061f017-6149-4ff9-8e39-a2a407c6bcb8","local_time":"20190205192324","is_ascension_mode":true,"campfire_choices":[{"floor":6,"key":"REST"}],"neow_cost":"NONE","seed_source_timestamp":697672160396400,"circlet_count":0,"master_deck":["AscendersBane","Strike_R+1","Strike_R","Strike_R","Strike_R","Strike_R","Defend_R","Defend_R+1","Defend_R","Defend_R","Bash","Headbutt","Perfected Strike","Infernal Blade","Shrug It Off"],"relics":["Black Star","Sundial","Orichalcum","Bag of Marbles","Smiling Mask","NlothsMask"],"potions_floor_usage":[11],"damage_taken":[{"damage":19,"enemies":"Jaw Worm","floor":1,"turns":4},{"damage":35,"enemies":"Lagavulin","floor":8,"turns":6},{"damage":24,"enemies":"Gremlin Nob","floor":11,"turns":3}],"seed_played":"-1791663614998295849","potions_obtained":[{"floor":8,"key":"GamblersBrew"}],"is_trial":false,"path_per_floor":["M","?","T","$","$","R","?","E","T","?","E"],"character_chosen":"IRONCLAD","items_purchased":["Perfected Strike","Infernal Blade"],"campfire_rested":1,"item_purchase_floors":[5,5],"current_hp_per_floor":[49,26,26,26,26,48,37,2,2,2,0],"gold":180,"neow_bonus":"BOSS_RELIC","is_prod":false,"is_daily":false,"chose_seed":false,"campfire_upgraded":0,"win_rate":0,"timestamp":1549391004,"path_taken":["M","?","?","?","$","R","?","E","T","?","E"],"build_version":"2019-01-23","purchased_purges":0,"victory":false,"max_hp_per_floor":[75,75,75,75,75,75,75,75,75,75,75],"card_choices":[{"not_picked":["Iron Wave","Shrug It Off"],"picked":"Headbutt","floor":1},{"not_picked":["Offering","Wild Strike"],"picked":"Shrug It Off","floor":8}],"player_experience":336802,"relics_obtained":[{"floor":3,"key":"Sundial"},{"floor":8,"key":"Orichalcum"},{"floor":8,"key":"Bag of Marbles"},{"floor":9,"key":"Smiling Mask"}],"event_choices":[{"damage_healed":0,"gold_gain":0,"player_choice":"Entered Light","damage_taken":23,"max_hp_gain":0,"max_hp_loss":0,"event_name":"Shining Light","floor":2,"gold_loss":0,"cards_upgraded":["Defend_R","Strike_R"]},{"damage_healed":0,"gold_gain":75,"player_choice":"Gather Gold","damage_taken":11,"max_hp_gain":0,"max_hp_loss":0,"event_name":"World of Goop","floor":7,"gold_loss":0},{"damage_healed":0,"gold_gain":0,"player_choice":"Trade","damage_taken":0,"relics_obtained":["NlothsMask"],"max_hp_gain":0,"max_hp_loss":0,"event_name":"FaceTrader","floor":10,"gold_loss":0}],"is_beta":false,"boss_relics":[],"items_purged_floors":[],"is_endless":false,"potions_floor_spawned":[8],"killed_by":"Gremlin Nob","ascension_level":19}