{"gold_per_floor":[115,115,134,148,148,181,181,224,262,274],"floor_reached":10,"playtime":209,"items_purged":[],"score":125,"play_id":"f1a985be-98bd-472b-bed3-2010ef9b0dee","local_time":"20190129045557","is_ascension_mode":true,"campfire_choices":[{"data":"Searing Blow+1","floor":7,"key":"SMITH"}],"neow_cost":"NONE","seed_source_timestamp":40810863614300,"circlet_count":0,"master_deck":["AscendersBane","Strike_R","Strike_R","Strike_R","Strike_R","Strike_R","Defend_R","Defend_R","Defend_R","Defend_R","Bash","Searing Blow+2","Evolve","Offering"],"relics":["Burning Blood","NeowsBlessing","Golden Idol","Smiling Mask","MawBank","Regal Pillow"],"potions_floor_usage":[6,8],"damage_taken":[{"damage":0,"enemies":"Jaw Worm","floor":1,"turns":1},{"damage":0,"enemies":"Cultist","floor":3,"turns":1},{"damage":0,"enemies":"2 Louse","floor":4,"turns":1},{"damage":29,"enemies":"Gremlin Nob","floor":6,"turns":4},{"damage":25,"enemies":"Lagavulin","floor":8,"turns":7},{"damage":21,"enemies":"Exordium Wildlife","floor":10,"turns":2}],"seed_played":"5177726904901177953","potions_obtained":[{"floor":1,"key":"FearPotion"},{"floor":6,"key":"Weak Potion"}],"is_trial":false,"path_per_floor":["M","?","M","M","?","E","R","E","T","M"],"character_chosen":"IRONCLAD","items_purchased":[],"campfire_rested":0,"item_purchase_floors":[],"current_hp_per_floor":[78,78,80,80,60,37,37,18,18,0],"gold":274,"neow_bonus":"THREE_ENEMY_KILL","is_prod":false,"is_daily":false,"chose_seed":false,"campfire_upgraded":1,"win_rate":0,"timestamp":1548734157,"path_taken":["M","?","M","?","?","E","R","E","T","M"],"build_version":"2019-01-23","purchased_purges":0,"victory":false,"max_hp_per_floor":[80,80,80,80,80,80,80,80,80,80],"card_choices":[{"not_picked":["Dropkick","Clothesline"],"picked":"Searing Blow","floor":1},{"not_picked":["Heavy Blade","Perfected Strike","Juggernaut"],"picked":"SKIP","floor":3},{"not_picked":["Wild Strike","Dropkick","Spot Weakness"],"picked":"SKIP","floor":4},{"not_picked":["Intimidate","Shrug It Off"],"picked":"Evolve","floor":6},{"not_picked":["Headbutt","True Grit"],"picked":"Offering","floor":8}],"player_experience":263737,"relics_obtained":[{"floor":6,"key":"Smiling Mask"},{"floor":8,"key":"MawBank"},{"floor":9,"key":"Regal Pillow"}],"event_choices":[{"damage_healed":0,"gold_gain":0,"player_choice":"Forge","damage_taken":0,"max_hp_gain":0,"max_hp_loss":0,"event_name":"Accursed Blacksmith","floor":2,"gold_loss":0,"cards_upgraded":["Searing Blow"]},{"damage_healed":0,"gold_gain":0,"player_choice":"Take Damage","damage_taken":20,"relics_obtained":["Golden Idol"],"max_hp_gain":0,"max_hp_loss":0,"event_name":"Golden Idol","floor":5,"gold_loss":0}],"is_beta":false,"boss_relics":[],"items_purged_floors":[],"is_endless":false,"potions_floor_spawned":[1,6],"killed_by":"Exordium Wildlife","ascension_level":13}