{"gold_per_floor":[119,134,209,239,251,251,270,270,297,297,297],"floor_reached":11,"playtime":715,"items_purged":[],"score":66,"play_id":"8172a89d-6047-4acf-9165-cf390440a816","local_time":"20190219225032","is_ascension_mode":true,"campfire_choices":[{"floor":6,"key":"RECALL"},{"data":"Zap","floor":10,"key":"SMITH"}],"neow_cost":"NONE","seed_source_timestamp":630619137673387,"circlet_count":0,"master_deck":["Strike_B","Strike_B","Strike_B","Strike_B","Defend_B","Defend_B","Defend_B","Defend_B","Zap+1","Dualcast","Tempest","Chaos","White Noise","Blizzard","Regret"],"relics":["Cracked Core","Tiny Chest","Ancient Tea Set","Happy Flower"],"potions_floor_usage":[],"damage_taken":[{"damage":0,"enemies":"Cultist","floor":1,"turns":4},{"damage":6,"enemies":"Jaw Worm","floor":2,"turns":3},{"damage":0,"enemies":"Small Slimes","floor":5,"turns":3},{"damage":9,"enemies":"Exordium Wildlife","floor":7,"turns":3},{"damage":58,"enemies":"Gremlin Nob","floor":11,"turns":4}],"seed_played":"-5360658473314001658","potions_obtained":[{"floor":1,"key":"Block Potion"},{"floor":5,"key":"Block Potion"}],"is_trial":false,"path_per_floor":["M","M","?","?","M","R","M","?","T","R","E"],"character_chosen":"DEFECT","items_purchased":[],"campfire_rested":0,"item_purchase_floors":[],"current_hp_per_floor":[82,76,65,58,58,58,49,49,49,49,0],"gold":297,"neow_bonus":"TEN_PERCENT_HP_BONUS","is_prod":false,"is_daily":false,"chose_seed":false,"campfire_upgraded":1,"win_rate":0,"timestamp":1550587832,"path_taken":["M","M","?","?","M","R","M","?","T","R","E"],"build_version":"2019-01-23","purchased_purges":0,"victory":false,"max_hp_per_floor":[82,82,82,82,82,82,82,82,82,82,82],"card_choices":[{"not_picked":["Lockon","Compile Driver"],"picked":"Tempest","floor":1},{"not_picked":["Stack","Beam Cell"],"picked":"Chaos","floor":2},{"not_picked":["Chill","Barrage"],"picked":"White Noise","floor":5},{"not_picked":["Double Energy","Leap"],"picked":"Blizzard","floor":7}],"player_experience":118490,"relics_obtained":[{"floor":9,"key":"Happy Flower"}],"event_choices":[{"damage_healed":0,"gold_gain":75,"player_choice":"Gather Gold","damage_taken":11,"max_hp_gain":0,"max_hp_loss":0,"event_name":"World of Goop","floor":3,"gold_loss":0},{"damage_healed":0,"gold_gain":0,"player_choice":"Success","damage_taken":7,"relics_obtained":["Tiny Chest"],"max_hp_gain":0,"max_hp_loss":0,"event_name":"Scrap Ooze","floor":4,"gold_loss":0},{"damage_healed":0,"gold_gain":0,"player_choice":"Box","damage_taken":0,"relics_obtained":["Ancient Tea Set"],"max_hp_gain":0,"max_hp_loss":0,"event_name":"Big Fish","floor":8,"gold_loss":0,"cards_obtained":["Regret"]}],"is_beta":false,"boss_relics":[],"items_purged_floors":[],"is_endless":false,"potions_floor_spawned":[1,5],"killed_by":"Gremlin Nob","ascension_level":1}