{"gold_per_floor":[209,209,220,231,28,54,54,68,119,132,132,152,152,172,172,267,317,330,318,1,17,17,17,27,27,27,27,0,0],"floor_reached":29,"playtime":4098,"items_purged":["Defend_G"],"score":227,"play_id":"50cdc22c-98bb-4613-a6ad-2213c7f8de96","local_time":"20181128210458","is_ascension_mode":false,"campfire_choices":[{"data":"Flash of Steel","floor":7,"key":"SMITH"},{"floor":11,"key":"REST"},{"data":"Crippling Poison","floor":13,"key":"SMITH"},{"floor":15,"key":"REST"},{"floor":23,"key":"REST"},{"floor":27,"key":"REST"}],"neow_cost":"NONE","seed_source_timestamp":587751209213727,"circlet_count":0,"master_deck":["Defend_G","Defend_G","Defend_G","Defend_G","Strike_G","Strike_G","Strike_G","Strike_G","Strike_G","Survivor","Neutralize","Deadly Poison","Cloak And Dagger","Finisher","Accuracy","Flash of Steel+1","Leg Sweep","Blade Dance","Crippling Poison+1","Cloak And Dagger","PiercingWail","PiercingWail","Well Laid Plans","Storm of Steel+1","PiercingWail","Terror","Deflect+1","Apotheosis","Noxious Fumes","Swift Strike","Infinite Blades","Leg Sweep","Leg Sweep","Masterful Stab+1"],"relics":["Ring of the Snake","Gremlin Horn","Dream Catcher","Tiny House","Prayer Wheel"],"potions_floor_usage":[16,16,18,19,19,21,25],"damage_taken":[{"damage":1,"enemies":"Small Slimes","floor":1,"turns":4},{"damage":2,"enemies":"2 Louse","floor":3,"turns":3},{"damage":0,"enemies":"Jaw Worm","floor":4,"turns":3},{"damage":16,"enemies":"Lagavulin","floor":6,"turns":8},{"damage":2,"enemies":"Large Slime","floor":8,"turns":4},{"damage":6,"enemies":"Looter","floor":10,"turns":3},{"damage":4,"enemies":"Exordium Thugs","floor":12,"turns":6},{"damage":19,"enemies":"Red Slaver","floor":14,"turns":5},{"damage":12,"enemies":"Slime Boss","floor":16,"turns":12},{"damage":1,"enemies":"Shell Parasite","floor":18,"turns":4},{"damage":6,"enemies":"2 Thieves","floor":19,"turns":4},{"damage":7,"enemies":"Snecko","floor":21,"turns":6},{"damage":30,"enemies":"Snake Plant","floor":24,"turns":6},{"damage":0,"enemies":"Colosseum Slavers","floor":25,"turns":4},{"damage":29,"enemies":"Sentry and Sphere","floor":29,"turns":5}],"seed_played":"8153864212974768886","potions_obtained":[{"floor":8,"key":"EssenceOfSteel"},{"floor":10,"key":"Poison Potion"},{"floor":14,"key":"Swift Potion"},{"floor":16,"key":"Fire Potion"},{"floor":17,"key":"Poison Potion"},{"floor":19,"key":"SpeedPotion"},{"floor":24,"key":"FearPotion"}],"is_trial":false,"path_per_floor":["M","?","M","M","$","E","R","M","T","M","R","M","R","M","R","B",null,"M","M","$","M","?","R","M","?","T","R","?","M"],"character_chosen":"THE_SILENT","items_purchased":["Accuracy","Flash of Steel","Apotheosis","Noxious Fumes","Swift Strike"],"campfire_rested":4,"item_purchase_floors":[5,5,20,20,20],"current_hp_per_floor":[69,69,67,67,67,51,51,49,49,43,64,60,60,41,62,50,75,74,68,68,61,47,71,41,41,41,65,65,36],"gold":0,"neow_bonus":"HUNDRED_GOLD","is_prod":false,"is_daily":false,"chose_seed":false,"campfire_upgraded":2,"win_rate":0.0,"timestamp":1543439098,"path_taken":["M","?","M","M","$","E","R","M","T","M","R","M","R","M","R","BOSS","M","M","$","M","?","R","M","?","T","R","?","?"],"build_version":"2018-11-15","purchased_purges":1,"victory":false,"max_hp_per_floor":[70,70,70,70,70,70,70,70,70,70,70,70,70,70,70,70,75,75,75,75,75,80,80,80,80,80,80,80,80],"card_choices":[{"not_picked":["Outmaneuver","Endless Agony"],"picked":"Deadly Poison","floor":1},{"not_picked":["Flying Knee","Quick Slash"],"picked":"Cloak And Dagger","floor":3},{"not_picked":["Crippling Poison","All Out Attack"],"picked":"Finisher","floor":4},{"not_picked":["Deflect","Malaise"],"picked":"Leg Sweep","floor":6},{"not_picked":["Acrobatics","Poisoned Stab"],"picked":"Blade Dance","floor":8},{"not_picked":["Deadly Poison","Outmaneuver"],"picked":"Crippling Poison","floor":10},{"not_picked":["Underhanded Strike","Masterful Stab"],"picked":"Cloak And Dagger","floor":11},{"not_picked":["Underhanded Strike","Deadly Poison"],"picked":"PiercingWail","floor":12},{"not_picked":["Deadly Poison","Acrobatics"],"picked":"PiercingWail","floor":14},{"not_picked":["Deadly Poison","Slice"],"picked":"Well Laid Plans","floor":15},{"not_picked":["Doppelganger","Unload"],"picked":"Storm of Steel","floor":16},{"not_picked":["Riddle With Holes","Dagger Throw"],"picked":"PiercingWail","floor":17},{"not_picked":["Underhanded Strike","Deadly Poison+1"],"picked":"Terror","floor":18},{"not_picked":["Catalyst+1","Escape Plan"],"picked":"Deflect+1","floor":19},{"not_picked":["Distraction","Deadly Poison"],"picked":"Infinite Blades","floor":21},{"not_picked":["Distraction","Prepared"],"picked":"Leg Sweep","floor":23},{"not_picked":["Underhanded Strike+1","Dodge and Roll+1"],"picked":"Leg Sweep","floor":24},{"not_picked":["Backstab","Predator"],"picked":"Masterful Stab+1","floor":27}],"player_experience":51612,"relics_obtained":[{"floor":6,"key":"Gremlin Horn"},{"floor":9,"key":"Dream Catcher"},{"floor":26,"key":"Prayer Wheel"}],"event_choices":[{"damage_healed":0,"gold_gain":0,"player_choice":"Fled","damage_taken":0,"max_hp_gain":0,"max_hp_loss":0,"event_name":"Scrap Ooze","floor":2,"gold_loss":0},{"damage_healed":0,"gold_gain":0,"player_choice":"Shed Blood","damage_taken":19,"max_hp_gain":5,"max_hp_loss":0,"event_name":"Forgotten Altar","floor":22,"gold_loss":0},{"damage_healed":0,"gold_gain":0,"player_choice":"Fight","damage_taken":0,"max_hp_gain":0,"max_hp_loss":0,"event_name":"Colosseum","floor":25,"gold_loss":0},{"damage_healed":0,"gold_gain":0,"player_choice":"Fled From Nobs","damage_taken":0,"max_hp_gain":0,"max_hp_loss":0,"event_name":"Colosseum","floor":25,"gold_loss":0},{"damage_healed":0,"gold_gain":0,"player_choice":"Paid Fearfully","damage_taken":0,"max_hp_gain":0,"max_hp_loss":0,"event_name":"Masked Bandits","floor":28,"gold_loss":27}],"is_beta":false,"boss_relics":[{"not_picked":["Eternal Feather","Black Star"],"picked":"Tiny House"}],"items_purged_floors":[5],"is_endless":false,"potions_floor_spawned":[8,10,14,16,19,24,25],"killed_by":"Sentry and Sphere","ascension_level":0}