{"gold_per_floor":[119,44,44,44,54,80,80,113,113,126,143,143,160,190,190,264,264,274,284,284,199,210,210,243,243,243,84,100,133,144,59,59,59],"floor_reached":33,"playtime":1627,"items_purged":["Strike_G","Strike_G"],"score":685,"play_id":"fa5edbaa-012b-4974-a2fb-aba113313a7f","local_time":"20190219094604","is_ascension_mode":true,"campfire_choices":[{"data":"Glass Knife","floor":7,"key":"SMITH"},{"data":"Crippling Poison","floor":12,"key":"SMITH"},{"data":"Footwork","floor":15,"key":"SMITH"},{"data":"Neutralize","floor":23,"key":"SMITH"},{"floor":25,"key":"REST"},{"floor":32,"key":"REST"}],"neow_cost":"NONE","seed_source_timestamp":508118852778300,"circlet_count":0,"master_deck":["AscendersBane","Defend_G","Defend_G","Defend_G","Defend_G","Defend_G","Strike_G","Survivor","Neutralize+1","Backflip","Glass Knife+1","PiercingWail","Crippling Poison+1","Footwork+1","Envenom+1","Wraith Form v2+1","Caltrops+1","Backflip+1","Backstab","Catalyst","Cloak And Dagger","Crippling Poison","Adrenaline","Backflip","Well Laid Plans+1"],"relics":["Ring of the Snake","NeowsBlessing","FaceOfCleric","Mercury Hourglass","Sundial","Singing Bowl","Frozen Egg 2","Black Star","Lantern","PreservedInsect","Strawberry","Shuriken","Juzu Bracelet","Bottled Lightning"],"potions_floor_usage":[8,14,24,29,33],"damage_taken":[{"damage":0,"enemies":"Small Slimes","floor":1,"turns":1},{"damage":0,"enemies":"2 Louse","floor":5,"turns":1},{"damage":0,"enemies":"3 Sentries","floor":6,"turns":1},{"damage":34,"enemies":"Gremlin Nob","floor":8,"turns":5},{"damage":0,"enemies":"Cultist","floor":10,"turns":3},{"damage":3,"enemies":"Exordium Thugs","floor":11,"turns":4},{"damage":0,"enemies":"2 Fungi Beasts","floor":13,"turns":2},{"damage":1,"enemies":"Lagavulin","floor":14,"turns":7},{"damage":10,"enemies":"The Guardian","floor":16,"turns":14},{"damage":6,"enemies":"Chosen","floor":18,"turns":8},{"damage":11,"enemies":"Shell Parasite","floor":19,"turns":7},{"damage":3,"enemies":"Snake Plant","floor":22,"turns":5},{"damage":37,"enemies":"Gremlin Leader","floor":24,"turns":7},{"damage":3,"enemies":"Centurion and Healer","floor":28,"turns":7},{"damage":28,"enemies":"Book of Stabbing","floor":29,"turns":5},{"damage":0,"enemies":"3 Cultists","floor":30,"turns":4},{"damage":64,"enemies":"Champ","floor":33,"turns":17}],"seed_played":"5650050700434284141","potions_obtained":[{"floor":5,"key":"Block Potion"},{"floor":8,"key":"Fire Potion"},{"floor":11,"key":"Strength Potion"},{"floor":14,"key":"Block Potion"},{"floor":29,"key":"Dexterity Potion"}],"is_trial":false,"path_per_floor":["M","$","?","?","M","E","R","E","T","M","M","R","M","E","R","B",null,"M","M","?","?","M","R","E","R","T","$","M","E","M","$","R","B"],"character_chosen":"THE_SILENT","items_purchased":["Cloak And Dagger","Well Laid Plans+1"],"campfire_rested":2,"item_purchase_floors":[27,31],"current_hp_per_floor":[59,59,59,59,60,61,61,28,28,31,29,29,32,32,32,23,64,59,49,49,49,49,49,22,49,49,49,47,20,21,21,49,0],"gold":59,"neow_bonus":"THREE_ENEMY_KILL","is_prod":false,"is_daily":false,"chose_seed":false,"campfire_upgraded":4,"win_rate":0,"timestamp":1550565964,"path_taken":["M","$","?","?","?","E","R","E","T","M","M","R","M","E","R","BOSS","M","M","?","?","M","R","E","R","T","$","M","E","M","?","R","BOSS"],"build_version":"2019-01-23","purchased_purges":2,"victory":false,"max_hp_per_floor":[66,66,66,66,67,68,68,69,69,72,73,73,76,77,77,78,78,79,80,80,80,83,83,93,93,93,93,94,95,96,96,96,96],"card_choices":[{"not_picked":["Distraction","Slice"],"picked":"Backflip","floor":1},{"not_picked":["Finisher","Sucker Punch"],"picked":"Glass Knife","floor":5},{"not_picked":["Storm of Steel","Cloak And Dagger"],"picked":"PiercingWail","floor":6},{"not_picked":["Poisoned Stab","Deflect"],"picked":"Crippling Poison","floor":8},{"not_picked":["Acrobatics","Prepared","Tactician"],"picked":"Singing Bowl","floor":10},{"not_picked":["Slice","Bouncing Flask"],"picked":"Footwork","floor":11},{"not_picked":["Reflex","Dagger Throw","Acrobatics"],"picked":"Singing Bowl","floor":13},{"not_picked":["Dagger Throw","Concentrate"],"picked":"Envenom","floor":14},{"not_picked":["Grand Finale","Corpse Explosion"],"picked":"Wraith Form v2+1","floor":16},{"not_picked":["Dagger Spray","Backflip"],"picked":"Caltrops+1","floor":18},{"not_picked":["Dagger Throw","Flying Knee+1"],"picked":"Backflip+1","floor":19},{"not_picked":["Heel Hook","Acrobatics","Prepared"],"picked":"Singing Bowl","floor":22},{"not_picked":["Quick Slash","Prepared","Blade Dance"],"picked":"Singing Bowl","floor":24},{"not_picked":["Phantasmal Killer","Sucker Punch"],"picked":"Crippling Poison","floor":28},{"not_picked":["Dodge and Roll","Acrobatics"],"picked":"Adrenaline","floor":29},{"not_picked":["Prepared","Flying Knee+1"],"picked":"Backflip","floor":30}],"player_experience":512330,"relics_obtained":[{"floor":6,"key":"Mercury Hourglass"},{"floor":8,"key":"Sundial"},{"floor":9,"key":"Singing Bowl"},{"floor":14,"key":"Frozen Egg 2"},{"floor":24,"key":"PreservedInsect"},{"floor":24,"key":"Strawberry"},{"floor":26,"key":"Shuriken"},{"floor":29,"key":"Juzu Bracelet"},{"floor":29,"key":"Bottled Lightning"}],"event_choices":[{"damage_healed":0,"gold_gain":0,"player_choice":"Ignored","damage_taken":0,"max_hp_gain":0,"max_hp_loss":0,"event_name":"Liars Game","floor":3,"gold_loss":0},{"damage_healed":0,"gold_gain":0,"player_choice":"Trade","damage_taken":0,"relics_obtained":["FaceOfCleric"],"max_hp_gain":0,"max_hp_loss":0,"event_name":"FaceTrader","floor":4,"gold_loss":0},{"damage_healed":0,"gold_gain":0,"cards_transformed":["Strike_G","Strike_G"],"player_choice":"Became Test Subject","damage_taken":0,"max_hp_gain":0,"max_hp_loss":0,"event_name":"Drug Dealer","floor":20,"gold_loss":0,"cards_obtained":["Backstab","Catalyst"]},{"damage_healed":0,"gold_gain":0,"player_choice":"Obtained Relic","damage_taken":0,"relics_obtained":["Lantern"],"max_hp_gain":0,"max_hp_loss":0,"event_name":"Addict","floor":21,"gold_loss":85}],"is_beta":false,"boss_relics":[{"not_picked":["Coffee Dripper","Busted Crown"],"picked":"Black Star"}],"items_purged_floors":[2,27],"is_endless":false,"potions_floor_spawned":[5,8,11,14,16,19,22,29],"killed_by":"Champ","ascension_level":20}