{"gold_per_floor":[116,41,41,41,41,68,68,102,177,196,213,224,224,23,23,23],"floor_reached":16,"playtime":247,"items_purged":[],"score":300,"play_id":"c3dba168-d107-4442-bacf-5b7dcda46aee","local_time":"20190202213101","is_ascension_mode":true,"campfire_choices":[{"floor":7,"key":"REST"},{"data":"Bash","floor":13,"key":"SMITH"},{"data":"Transmutation","floor":15,"key":"SMITH"}],"neow_cost":"NONE","seed_source_timestamp":446080537680100,"circlet_count":0,"master_deck":["AscendersBane","Strike_R","Strike_R","Strike_R","Strike_R","Defend_R","Defend_R","Defend_R","Defend_R","Bash+1","Transmutation+1"],"relics":["Burning Blood","NeowsBlessing","Ancient Tea Set","Meat on the Bone","Bag of Marbles","Paper Frog"],"potions_floor_usage":[],"damage_taken":[{"damage":0,"enemies":"Small Slimes","floor":1,"turns":1},{"damage":0,"enemies":"3 Sentries","floor":6,"turns":2},{"damage":0,"enemies":"Gremlin Nob","floor":8,"turns":1},{"damage":16,"enemies":"Jaw Worm","floor":10,"turns":5},{"damage":3,"enemies":"2 Louse","floor":11,"turns":3},{"damage":12,"enemies":"Looter","floor":12,"turns":3},{"damage":31,"enemies":"The Guardian","floor":16,"turns":4}],"seed_played":"139995056379128863","potions_obtained":[{"floor":8,"key":"Swift Potion"},{"floor":10,"key":"Block Potion"}],"is_trial":false,"path_per_floor":["M","?","?","$","?","E","R","E","T","M","M","M","R","$","R","B"],"character_chosen":"IRONCLAD","items_purchased":["Transmutation"],"campfire_rested":1,"item_purchase_floors":[14],"current_hp_per_floor":[74,74,74,74,39,45,67,73,73,63,66,60,60,60,60,29],"gold":23,"neow_bonus":"THREE_ENEMY_KILL","is_prod":false,"is_daily":false,"chose_seed":false,"campfire_upgraded":2,"win_rate":0,"timestamp":1549139461,"path_taken":["M","?","?","$","?","E","R","E","T","M","?","M","R","$","R","BOSS"],"build_version":"2019-01-23","purchased_purges":0,"victory":false,"max_hp_per_floor":[75,75,75,75,75,75,75,75,75,75,75,75,75,75,75,75],"card_choices":[{"not_picked":["Clothesline","Rupture","Metallicize"],"picked":"SKIP","floor":1},{"not_picked":["Anger","True Grit","Thunderclap"],"picked":"SKIP","floor":6},{"not_picked":["Pommel Strike","Cleave","Metallicize"],"picked":"SKIP","floor":8},{"not_picked":["Pommel Strike","Cleave","Metallicize"],"picked":"SKIP","floor":8},{"not_picked":["Clothesline","Perfected Strike","Cleave"],"picked":"SKIP","floor":10},{"not_picked":["Entrench","Thunderclap","Flex"],"picked":"SKIP","floor":11},{"not_picked":["Disarm","Uppercut","Heavy Blade"],"picked":"SKIP","floor":12}],"player_experience":314282,"relics_obtained":[{"floor":6,"key":"Meat on the Bone"},{"floor":8,"key":"Bag of Marbles"},{"floor":9,"key":"Paper Frog"}],"event_choices":[{"cards_removed":["Strike_R"],"damage_healed":0,"gold_gain":0,"player_choice":"Card Removal","damage_taken":0,"max_hp_gain":0,"max_hp_loss":0,"event_name":"The Cleric","floor":2,"gold_loss":75},{"damage_healed":0,"gold_gain":0,"player_choice":"Ignored","damage_taken":0,"max_hp_gain":0,"max_hp_loss":0,"event_name":"Liars Game","floor":3,"gold_loss":0},{"damage_healed":0,"gold_gain":0,"player_choice":"Success","damage_taken":35,"relics_obtained":["Ancient Tea Set"],"max_hp_gain":0,"max_hp_loss":0,"event_name":"Scrap Ooze","floor":5,"gold_loss":0}],"is_beta":false,"boss_relics":[],"items_purged_floors":[],"is_endless":false,"potions_floor_spawned":[8,10],"killed_by":"The Guardian","ascension_level":18}