{"gold_per_floor":[109,123,123,134,134,164,214,244,267,267,287,337,348,383,383,383],"floor_reached":16,"playtime":581,"items_purged":[],"score":208,"play_id":"4734815b-f2fa-4104-aee7-6a7f2500bb71","local_time":"20190208210814","is_ascension_mode":true,"campfire_choices":[{"floor":10,"key":"REST"},{"data":"Armaments","floor":15,"key":"SMITH"}],"neow_cost":"NONE","seed_source_timestamp":446301312518506,"circlet_count":0,"master_deck":["AscendersBane","Strike_R","Strike_R+1","Strike_R","Strike_R","Strike_R","Defend_R","Defend_R","Defend_R+1","Defend_R","Warcry","Perfected Strike","Perfected Strike","Juggernaut","Armaments+1","Perfected Strike","Whirlwind"],"relics":["Burning Blood","SsserpentHead","Juzu Bracelet","Strawberry","Letter Opener","Pen Nib","Pocketwatch"],"potions_floor_usage":[8,8,11,14,16],"damage_taken":[{"damage":18,"enemies":"Jaw Worm","floor":1,"turns":4},{"damage":3,"enemies":"Small Slimes","floor":2,"turns":3},{"damage":6,"enemies":"Cultist","floor":4,"turns":3},{"damage":37,"enemies":"3 Sentries","floor":6,"turns":7},{"damage":30,"enemies":"Lagavulin","floor":8,"turns":6},{"damage":11,"enemies":"Looter","floor":13,"turns":3},{"damage":10,"enemies":"3 Sentries","floor":14,"turns":6},{"damage":25,"enemies":"Hexaghost","floor":16,"turns":9}],"seed_played":"478950104178752021","potions_obtained":[{"floor":4,"key":"BloodPotion"},{"floor":6,"key":"Strength Potion"},{"floor":11,"key":"Swift Potion"},{"floor":11,"key":"Fruit Juice"},{"floor":13,"key":"SkillPotion"},{"floor":14,"key":"SmokeBomb"}],"is_trial":false,"path_per_floor":["M","M","?","M","?","E","?","E","T","R","?","?","M","E","R","B"],"character_chosen":"IRONCLAD","items_purchased":[],"campfire_rested":1,"item_purchase_floors":[],"current_hp_per_floor":[68,71,53,53,53,22,22,7,7,35,40,33,28,24,24,0],"gold":383,"neow_bonus":"TEN_PERCENT_HP_BONUS","is_prod":false,"is_daily":false,"chose_seed":false,"campfire_upgraded":1,"win_rate":0,"timestamp":1549656494,"path_taken":["M","M","?","M","?","E","?","E","T","R","?","?","M","E","R","BOSS"],"build_version":"2019-01-23","purchased_purges":0,"victory":false,"max_hp_per_floor":[88,88,88,88,88,88,95,95,95,95,100,100,100,100,100,100],"card_choices":[{"not_picked":["Anger","Burning Pact"],"picked":"Warcry","floor":1},{"not_picked":["Wild Strike","Shrug It Off"],"picked":"Perfected Strike","floor":2},{"not_picked":["Twin Strike","Flex"],"picked":"Perfected Strike","floor":4},{"not_picked":["Wild Strike","Rupture"],"picked":"Juggernaut","floor":6},{"not_picked":["Carnage","Immolate"],"picked":"Armaments","floor":8},{"not_picked":["Headbutt","Carnage"],"picked":"Perfected Strike","floor":13},{"not_picked":["Warcry","Uppercut"],"picked":"Whirlwind","floor":14}],"player_experience":173765,"relics_obtained":[{"floor":6,"key":"Juzu Bracelet"},{"floor":8,"key":"Letter Opener"},{"floor":9,"key":"Pen Nib"},{"floor":14,"key":"Pocketwatch"}],"event_choices":[{"damage_healed":0,"gold_gain":0,"player_choice":"Entered Light","damage_taken":18,"max_hp_gain":0,"max_hp_loss":0,"event_name":"Shining Light","floor":3,"gold_loss":0,"cards_upgraded":["Strike_R","Defend_R"]},{"damage_healed":0,"gold_gain":0,"player_choice":"Trade","damage_taken":0,"relics_obtained":["SsserpentHead"],"max_hp_gain":0,"max_hp_loss":0,"event_name":"FaceTrader","floor":5,"gold_loss":0},{"damage_healed":0,"gold_gain":0,"player_choice":"Success","damage_taken":7,"relics_obtained":["Strawberry"],"max_hp_gain":0,"max_hp_loss":0,"event_name":"Scrap Ooze","floor":7,"gold_loss":0},{"damage_healed":0,"gold_gain":0,"player_choice":"Bought 2 Potions","damage_taken":0,"max_hp_gain":0,"max_hp_loss":0,"event_name":"The Woman in Blue","floor":11,"gold_loss":0},{"cards_removed":["Bash"],"damage_healed":0,"gold_gain":0,"player_choice":"Card Removal","damage_taken":7,"max_hp_gain":0,"max_hp_loss":0,"event_name":"Golden Wing","floor":12,"gold_loss":0}],"is_beta":false,"boss_relics":[],"items_purged_floors":[],"is_endless":false,"potions_floor_spawned":[4,6,13,14],"killed_by":"Hexaghost","ascension_level":11}