{"gold_per_floor":[114,129,129,144,219,219,234,264,264,264,279,309,324,90,90,190,190,205,220,235,235,250,250,265,265,340,355,15,45,45,60,60,60],"floor_reached":33,"playtime":1390,"items_purged":[],"score":271,"play_id":"884e7550-18f3-4553-9ed0-036199a76269","local_time":"20190209172204","daily_mods":["Chimera","Uncertain Future","Binary"],"is_ascension_mode":false,"campfire_choices":[{"data":"Zap","floor":6,"key":"SMITH"},{"data":"Hello World","floor":10,"key":"SMITH"},{"floor":15,"key":"REST"},{"data":"Static Discharge","floor":23,"key":"SMITH"},{"floor":30,"key":"REST"},{"floor":32,"key":"REST"}],"neow_cost":"","seed_source_timestamp":0,"circlet_count":0,"master_deck":["Bash","Survivor","Zap+1","Strike_R","Strike_B+1","Defend_R","Defend_G","Defend_B","Melter","Hello World+1","Streamline+1","Auto Shields","Streamline","Gash","Beam Cell","Defragment","Static Discharge+1","Echo Form","Go for the Eyes","Steam","Go for the Eyes","Stack","Ball Lightning","Gash+1","Stack+1","Conserve Battery"],"special_seed":17936,"relics":["Cracked Core","Omamori","The Courier","Lantern","Whetstone","Nuclear Battery","CultistMask","Gremlin Horn","Membership Card","Strawberry","Bag of Preparation","Anchor","Juzu Bracelet"],"potions_floor_usage":[27,27,31,31],"damage_taken":[{"damage":0,"enemies":"Small Slimes","floor":1,"turns":3},{"damage":0,"enemies":"2 Louse","floor":2,"turns":2},{"damage":1,"enemies":"Cultist","floor":4,"turns":3},{"damage":6,"enemies":"2 Fungi Beasts","floor":7,"turns":3},{"damage":14,"enemies":"Gremlin Nob","floor":8,"turns":4},{"damage":10,"enemies":"Looter","floor":11,"turns":3},{"damage":0,"enemies":"Exordium Thugs","floor":13,"turns":3},{"damage":32,"enemies":"The Guardian","floor":16,"turns":7},{"damage":4,"enemies":"Chosen","floor":18,"turns":4},{"damage":15,"enemies":"3 Byrds","floor":19,"turns":2},{"damage":0,"enemies":"Sentry and Sphere","floor":20,"turns":3},{"damage":16,"enemies":"Cultist and Chosen","floor":22,"turns":6},{"damage":26,"enemies":"3 Cultists","floor":24,"turns":5},{"damage":13,"enemies":"Snake Plant","floor":27,"turns":3},{"damage":7,"enemies":"Book of Stabbing","floor":29,"turns":4},{"damage":20,"enemies":"Chosen and Byrds","floor":31,"turns":5},{"damage":29,"enemies":"Champ","floor":33,"turns":8}],"seed_played":"-7331181694979665872","potions_obtained":[{"floor":2,"key":"Poison Potion"},{"floor":13,"key":"LiquidBronze"},{"floor":16,"key":"FocusPotion"},{"floor":24,"key":"SkillPotion"},{"floor":27,"key":"Energy Potion"},{"floor":29,"key":"AttackPotion"}],"is_trial":false,"path_per_floor":["M","M","?","M","?","R","M","E","T","R","M","?","M","$","R","B",null,"M","M","M","?","M","R","M","?","T","M","$","E","R","M","R","B"],"character_chosen":"DEFECT","items_purchased":["Defragment","Static Discharge","Whetstone","Membership Card","Strawberry","Bag of Preparation","Anchor"],"campfire_rested":3,"item_purchase_floors":[14,14,14,28,28,28,28],"current_hp_per_floor":[75,75,75,74,63,63,57,43,43,43,33,33,33,33,55,23,75,71,56,56,56,40,40,14,14,14,1,8,1,25,5,29,0],"gold":60,"neow_bonus":"","is_prod":false,"is_daily":true,"chose_seed":false,"campfire_upgraded":3,"win_rate":0,"timestamp":1549725724,"path_taken":["M","M","?","M","?","R","M","E","T","R","M","?","M","$","R","BOSS","M","M","M","?","?","R","M","?","T","M","$","E","R","M","R","BOSS"],"build_version":"2019-01-23","purchased_purges":0,"victory":false,"max_hp_per_floor":[75,75,75,75,75,75,75,75,75,75,75,75,75,75,75,75,75,75,75,75,75,75,75,75,75,75,75,82,82,82,82,82,82],"card_choices":[{"not_picked":["Gash"],"picked":"Melter","floor":1},{"not_picked":["Tempest"],"picked":"Hello World","floor":2},{"not_picked":["Steam"],"picked":"Streamline","floor":4},{"not_picked":["Coolheaded"],"picked":"Auto Shields","floor":7},{"not_picked":["Scrape"],"picked":"Streamline","floor":8},{"not_picked":["Rebound"],"picked":"Gash","floor":11},{"not_picked":["Skim"],"picked":"Beam Cell","floor":13},{"not_picked":["Amplify"],"picked":"Echo Form","floor":16},{"not_picked":["Tempest+1"],"picked":"Go for the Eyes","floor":18},{"not_picked":["Ball Lightning+1"],"picked":"Steam","floor":19},{"not_picked":["Conserve Battery"],"picked":"Go for the Eyes","floor":20},{"not_picked":["Undo"],"picked":"Stack","floor":22},{"not_picked":["Coolheaded+1"],"picked":"Ball Lightning","floor":24},{"not_picked":["FTL"],"picked":"Gash+1","floor":27},{"not_picked":["Compile Driver"],"picked":"Stack+1","floor":29},{"not_picked":["Skim+1"],"picked":"Conserve Battery","floor":31}],"player_experience":92054,"relics_obtained":[{"floor":8,"key":"Omamori"},{"floor":9,"key":"The Courier"},{"floor":26,"key":"Gremlin Horn"},{"floor":29,"key":"Juzu Bracelet"}],"event_choices":[{"cards_removed":["Strike_G"],"damage_healed":0,"gold_gain":0,"player_choice":"Forget","damage_taken":0,"max_hp_gain":0,"max_hp_loss":0,"event_name":"Living Wall","floor":3,"gold_loss":0},{"damage_healed":0,"gold_gain":75,"player_choice":"Gather Gold","damage_taken":11,"max_hp_gain":0,"max_hp_loss":0,"event_name":"World of Goop","floor":5,"gold_loss":0},{"damage_healed":0,"gold_gain":30,"player_choice":"Searched \u00272\u0027 times","damage_taken":0,"relics_obtained":["Lantern"],"max_hp_gain":0,"max_hp_loss":0,"event_name":"Dead Adventurer","floor":12,"gold_loss":0},{"damage_healed":0,"gold_gain":0,"player_choice":"Trade","damage_taken":0,"relics_obtained":["CultistMask"],"max_hp_gain":0,"max_hp_loss":0,"event_name":"FaceTrader","floor":21,"gold_loss":0},{"damage_healed":0,"gold_gain":0,"player_choice":"Ignored","damage_taken":0,"max_hp_gain":0,"max_hp_loss":0,"event_name":"Cursed Tome","floor":25,"gold_loss":0}],"is_beta":false,"boss_relics":[{"not_picked":["Philosopher\u0027s Stone","FrozenCore"],"picked":"Nuclear Battery"}],"items_purged_floors":[],"is_endless":false,"potions_floor_spawned":[1,2,13,16,24,27,29],"killed_by":"Champ","ascension_level":0}