{"gold_per_floor":[119,129,144,124,135,160,160,175,175,208,222,235,270,285,285,382,382,398,323,338,89,89,89,101,101,126,137,137,147,161,93,93,197,197,215,229,104,104,104,104,137,137,137,137,152,170,195,213,213,213,213,213,4,34,34],"floor_reached":56,"playtime":3204,"items_purged":["Strike_B","Strike_B","Defend_B"],"score":1458,"play_id":"0aa432b4-382f-4b6d-92d2-437b9803bab1","local_time":"20190221003343","is_ascension_mode":false,"campfire_choices":[{"data":"Conserve Battery","floor":7.0,"key":"SMITH"},{"data":"Defragment","floor":15.0,"key":"SMITH"},{"data":"Coolheaded","floor":23.0,"key":"SMITH"},{"data":"Buffer","floor":25.0,"key":"SMITH"},{"data":"Coolheaded","floor":28.0,"key":"SMITH"},{"data":"Recycle","floor":32.0,"key":"SMITH"},{"data":"Strike_B+1","floor":40.0,"key":"PURGE"},{"floor":42.0,"key":"RECALL"},{"data":"Strike_B+1","floor":49.0,"key":"PURGE"},{"data":"Defend_B+1","floor":52.0,"key":"PURGE"}],"neow_cost":"TEN_PERCENT_HP_LOSS","seed_source_timestamp":0,"circlet_count":0,"master_deck":["Defend_B+1","Defend_B+1","Zap+1","Dualcast+1","Madness+1","Dramatic Entrance+1","Conserve Battery+1","Conserve Battery+1","Conserve Battery+1","Cold Snap+1","Gash+1","Rip and Tear+1","Buffer+1","Defragment+1","Gash+1","Biased Cognition+1","Coolheaded+1","Thunder Strike+1","Go for the Eyes+1","All For One+1","Glacier+1","Coolheaded+1","Glacier+1","Compile Driver+1","Recycle+1","Seek+1","Chaos+1","Finesse+1","Impatience+1","Undo","FTL+1","Steam Power+1","Machine Learning"],"special_seed":0,"relics":["Cracked Core","Bag of Preparation","Calipers","Peace Pipe","Thread and Needle","White Beast Statue","Oddly Smooth Stone","Philosopher\u0027s Stone","Mark of the Bloom","DataDisk","Bottled Flame","ClockworkSouvenir","Whetstone"],"potions_floor_usage":[55,55,55],"damage_taken":[{"damage":0.0,"enemies":"Small Slimes","floor":1.0,"turns":2.0},{"damage":0.0,"enemies":"Cultist","floor":2.0,"turns":3.0},{"damage":0.0,"enemies":"Jaw Worm","floor":3.0,"turns":3.0},{"damage":5.0,"enemies":"Looter","floor":5.0,"turns":4.0},{"damage":6.0,"enemies":"Lagavulin","floor":6.0,"turns":8.0},{"damage":0.0,"enemies":"Large Slime","floor":8.0,"turns":6.0},{"damage":6.0,"enemies":"3 Sentries","floor":10.0,"turns":6.0},{"damage":0.0,"enemies":"Blue Slaver","floor":11.0,"turns":3.0},{"damage":0.0,"enemies":"2 Fungi Beasts","floor":12.0,"turns":2.0},{"damage":8.0,"enemies":"Gremlin Nob","floor":13.0,"turns":5.0},{"damage":0.0,"enemies":"Red Slaver","floor":14.0,"turns":2.0},{"damage":0.0,"enemies":"The Guardian","floor":16.0,"turns":14.0},{"damage":0.0,"enemies":"Spheric Guardian","floor":18.0,"turns":4.0},{"damage":0.0,"enemies":"3 Byrds","floor":20.0,"turns":4.0},{"damage":17.0,"enemies":"Sentry and Sphere","floor":24.0,"turns":7.0},{"damage":0.0,"enemies":"Centurion and Healer","floor":27.0,"turns":10.0},{"damage":0.0,"enemies":"Chosen and Byrds","floor":29.0,"turns":9.0},{"damage":0.0,"enemies":"3 Cultists","floor":30.0,"turns":6.0},{"damage":0.0,"enemies":"Automaton","floor":33.0,"turns":18.0},{"damage":0.0,"enemies":"3 Darklings","floor":35.0,"turns":7.0},{"damage":2.0,"enemies":"3 Shapes","floor":36.0,"turns":5.0},{"damage":0.0,"enemies":"Nemesis","floor":41.0,"turns":11.0},{"damage":0.0,"enemies":"Spire Growth","floor":45.0,"turns":4.0},{"damage":0.0,"enemies":"Sphere and 2 Shapes","floor":46.0,"turns":4.0},{"damage":0.0,"enemies":"Giant Head","floor":47.0,"turns":8.0},{"damage":0.0,"enemies":"Transient","floor":48.0,"turns":5.0},{"damage":0.0,"enemies":"Awakened One","floor":50.0,"turns":12.0},{"damage":0.0,"enemies":"Shield and Spear","floor":54.0,"turns":7.0},{"damage":0,"enemies":"The Heart","floor":55,"turns":9}],"seed_played":"-7554730940685468872","potions_obtained":[{"floor":1.0,"key":"Regen Potion"},{"floor":4.0,"key":"GamblersBrew"},{"floor":11.0,"key":"Energy Potion"},{"floor":13.0,"key":"FearPotion"},{"floor":16.0,"key":"LiquidBronze"},{"floor":20.0,"key":"Dexterity Potion"},{"floor":24.0,"key":"AttackPotion"},{"floor":27.0,"key":"Strength Potion"},{"floor":29.0,"key":"FairyPotion"},{"floor":30.0,"key":"LiquidBronze"},{"floor":33.0,"key":"FearPotion"},{"floor":35.0,"key":"GamblersBrew"},{"floor":36.0,"key":"Block Potion"},{"floor":47.0,"key":"LiquidBronze"}],"is_trial":false,"path_per_floor":["M","M","M","?","M","E","R","M","T","E","M","M","E","M","R","B",null,"M","$","M","$","?","R","M","R","T","M","R","M","M","$","R","B",null,"M","M","$","?","?","R","E","R","T","?","M","M","E","M","R","B",null,"R","$","E","B",null],"character_chosen":"DEFECT","items_purchased":["All For One","Recycle","ClockworkSouvenir"],"campfire_rested":0,"item_purchase_floors":[21,31,53],"current_hp_per_floor":[68,68,68,68,63,57,57,57,57,51,51,51,43,43,43,43,68,68,68,68,68,68,68,51,51,51,51,51,51,51,51,51,51,68,68,66,66,56,56,56,56,56,56,56,56,56,56,56,56,56,56,56,56,56,56],"gold":34,"neow_bonus":"RANDOM_COLORLESS_2","is_prod":false,"is_daily":false,"chose_seed":true,"campfire_upgraded":6,"win_rate":0,"timestamp":1550676823,"path_taken":["M","M","M","?","M","E","R","M","T","E","M","M","E","M","R","BOSS","M","?","M","$","?","R","M","R","T","M","R","M","M","$","R","BOSS","M","M","$","?","?","R","E","R","T","?","?","M","E","M","R","BOSS","R","$","E","BOSS"],"build_version":"2019-01-23","purchased_purges":3,"victory":true,"max_hp_per_floor":[68,68,68,68,68,68,68,68,68,68,68,68,68,68,68,68,68,68,68,68,68,68,68,68,68,68,68,68,68,68,68,68,68,68,68,68,68,68,68,68,68,68,68,68,68,68,68,68,68,68,68,68,68,68,68],"card_choices":[{"not_picked":["Redo","Beam Cell"],"picked":"Conserve Battery","floor":1.0},{"not_picked":["Lockon","Static Discharge"],"picked":"Conserve Battery","floor":2.0},{"not_picked":["Stack","Redo"],"picked":"Conserve Battery","floor":3.0},{"not_picked":["Rebound","Coolheaded"],"picked":"Cold Snap","floor":5.0},{"not_picked":["Beam Cell","Melter"],"picked":"Gash","floor":6.0},{"not_picked":["Force Field","Sweeping Beam"],"picked":"Rip and Tear","floor":8.0},{"not_picked":["Chaos","Rebound"],"picked":"Buffer","floor":10.0},{"not_picked":["Cold Snap","Tempest"],"picked":"Defragment","floor":11.0},{"not_picked":["Scrape","Ball Lightning"],"picked":"Gash","floor":12.0},{"not_picked":["Double Energy","Genetic Algorithm"],"picked":"Biased Cognition","floor":13.0},{"not_picked":["Rebound","Stack"],"picked":"Coolheaded","floor":14.0},{"not_picked":["Hyperbeam","Amplify"],"picked":"Thunder Strike","floor":16.0},{"not_picked":["Steam+1","Recycle"],"picked":"Go for the Eyes+1","floor":18.0},{"not_picked":["Stack+1","Steam Power","Streamline+1"],"picked":"SKIP","floor":20.0},{"not_picked":["Barrage","Lockon","Turbo"],"picked":"SKIP","floor":24.0},{"not_picked":["Storm","Streamline"],"picked":"Coolheaded","floor":27.0},{"not_picked":["Biased Cognition","Redo+1"],"picked":"Glacier","floor":29.0},{"not_picked":["Stack","Chill+1"],"picked":"Compile Driver","floor":30.0},{"not_picked":["Thunder Strike","Buffer"],"picked":"Seek","floor":33.0},{"not_picked":["Chaos+1","Melter","Compile Driver"],"picked":"SKIP","floor":35.0},{"not_picked":["Melter","Compile Driver"],"picked":"Chaos+1","floor":35.0},{"not_picked":["Coolheaded","Redo","Tempest"],"picked":"SKIP","floor":36.0},{"not_picked":["Forethought","Secret Weapon"],"picked":"Finesse","floor":38.0},{"not_picked":["Discovery","Chrysalis"],"picked":"Impatience","floor":38.0},{"not_picked":["Redo","Conserve Battery+1","Glacier+1"],"picked":"SKIP","floor":41.0},{"not_picked":["Loop","Ball Lightning+1"],"picked":"Undo","floor":45.0},{"not_picked":["Barrage+1","Self Repair"],"picked":"FTL+1","floor":46.0},{"not_picked":["Rebound","Cold Snap+1"],"picked":"Steam Power+1","floor":47.0},{"not_picked":["Stack","Sweeping Beam"],"picked":"Machine Learning","floor":48.0},{"not_picked":["Turbo+1","Steam+1","Rip and Tear+1"],"picked":"SKIP","floor":54.0}],"player_experience":1104869,"relics_obtained":[{"floor":6.0,"key":"Bag of Preparation"},{"floor":9.0,"key":"Calipers"},{"floor":10.0,"key":"Peace Pipe"},{"floor":13.0,"key":"Thread and Needle"},{"floor":26.0,"key":"Oddly Smooth Stone"},{"floor":41.0,"key":"DataDisk"},{"floor":47.0,"key":"Bottled Flame"},{"floor":54.0,"key":"Whetstone"}],"event_choices":[{"damage_healed":0.0,"max_hp_gain":0.0,"max_hp_loss":0.0,"gold_gain":0.0,"event_name":"The Woman in Blue","player_choice":"Bought 1 Potion","floor":4.0,"gold_loss":0.0,"damage_taken":0.0},{"damage_healed":0.0,"max_hp_gain":0.0,"max_hp_loss":0.0,"gold_gain":0.0,"event_name":"The Library","player_choice":"Read","floor":22.0,"gold_loss":0.0,"damage_taken":0.0,"cards_obtained":["Glacier"]},{"damage_healed":0.0,"max_hp_gain":0.0,"max_hp_loss":0.0,"gold_gain":0.0,"event_name":"SensoryStone","player_choice":"Memory 3","floor":38.0,"gold_loss":0.0,"damage_taken":10.0},{"damage_healed":0.0,"max_hp_gain":0.0,"max_hp_loss":0.0,"gold_gain":0.0,"event_name":"MindBloom","player_choice":"Upgrade","floor":39.0,"gold_loss":0.0,"damage_taken":0.0,"cards_upgraded":["Strike_B","Strike_B","Defend_B","Defend_B","Defend_B","Zap","Dualcast","Madness","Dramatic Entrance","Conserve Battery","Conserve Battery","Cold Snap","Gash","Rip and Tear","Gash","Biased Cognition","Thunder Strike","All For One","Glacier","Glacier","Compile Driver","Seek","Finesse","Impatience"],"relics_obtained":["Mark of the Bloom"]},{"damage_healed":0.0,"max_hp_gain":0.0,"max_hp_loss":0.0,"gold_gain":0.0,"event_name":"Tomb of Lord Red Mask","player_choice":"Ignored","floor":44.0,"gold_loss":0.0,"damage_taken":0.0}],"is_beta":false,"boss_relics":[{"not_picked":["Fusion Hammer","Lizard Tail"],"picked":"White Beast Statue"},{"not_picked":["Runic Dome","Tiny House"],"picked":"Philosopher\u0027s Stone"}],"items_purged_floors":[19,21,37],"is_endless":false,"potions_floor_spawned":[1,11,13,16,18,20,24,27,29,30,33,35,36,41,45,46,47,48,54],"ascension_level":0}