{"gold_per_floor":[111,186,105,122,141,169,169,169,169,199,217,228,240,265,265,341,341,295,295,53,68,83,83,110,125,125,144,178,178,203,73,73,145,145,158,175,187,187,198,198,229,240,240,267,367,399,399,399,399,399],"floor_reached":51,"playtime":3815,"items_purged":["Strike_G","Sucker Punch"],"score":1604,"play_id":"50a3c7f5-84a6-4c02-be3c-e2a2a421a44c","local_time":"20190218183148","is_ascension_mode":true,"campfire_choices":[{"floor":7,"key":"REST"},{"floor":15,"key":"REST"},{"floor":23,"key":"REST"},{"floor":32,"key":"REST"},{"floor":40,"key":"REST"},{"floor":49,"key":"REST"}],"neow_cost":"NONE","seed_source_timestamp":451065399553400,"circlet_count":0,"master_deck":["AscendersBane","Defend_G","Defend_G","Defend_G","Defend_G","Defend_G","Survivor","Neutralize","Poisoned Stab","Deadly Poison","Footwork","Well Laid Plans","Dodge and Roll","Cloak And Dagger","Backflip","PiercingWail","Noxious Fumes","Leg Sweep+1","Footwork","Escape Plan","Dodge and Roll","Noxious Fumes+1","Corpse Explosion","Dodge and Roll","PiercingWail"],"relics":["Ring of the Snake","NeowsBlessing","Blue Candle","Oddly Smooth Stone","PreservedInsect","Bronze Scales","Bag of Marbles","Fusion Hammer","Orichalcum","Strawberry","Frozen Egg 2","Pantograph","Smiling Mask","Busted Crown","Blood Vial","The Specimen","Ninja Scroll","Ginger","Boot"],"potions_floor_usage":[6,35,50],"damage_taken":[{"damage":0,"enemies":"Jaw Worm","floor":1,"turns":1},{"damage":0,"enemies":"2 Louse","floor":4,"turns":1},{"damage":0,"enemies":"Cultist","floor":5,"turns":1},{"damage":25,"enemies":"3 Sentries","floor":6,"turns":9},{"damage":8,"enemies":"Gremlin Nob","floor":10,"turns":3},{"damage":4,"enemies":"2 Fungi Beasts","floor":11,"turns":4},{"damage":0,"enemies":"Red Slaver","floor":12,"turns":4},{"damage":11,"enemies":"3 Louse","floor":13,"turns":2},{"damage":8,"enemies":"3 Sentries","floor":14,"turns":7},{"damage":12,"enemies":"Hexaghost","floor":16,"turns":13},{"damage":19,"enemies":"2 Thieves","floor":18,"turns":5},{"damage":0,"enemies":"3 Byrds","floor":21,"turns":2},{"damage":13,"enemies":"Snake Plant","floor":22,"turns":5},{"damage":0,"enemies":"Book of Stabbing","floor":24,"turns":6},{"damage":4,"enemies":"Sentry and Sphere","floor":25,"turns":5},{"damage":8,"enemies":"Shelled Parasite and Fungi","floor":27,"turns":9},{"damage":6,"enemies":"Gremlin Leader","floor":28,"turns":7},{"damage":0,"enemies":"Book of Stabbing","floor":30,"turns":6},{"damage":33,"enemies":"Collector","floor":33,"turns":12},{"damage":0,"enemies":"3 Darklings","floor":35,"turns":4},{"damage":0,"enemies":"Orb Walker","floor":36,"turns":5},{"damage":18,"enemies":"Sphere and 2 Shapes","floor":37,"turns":7},{"damage":0,"enemies":"Maw","floor":39,"turns":10},{"damage":0,"enemies":"Giant Head","floor":41,"turns":10},{"damage":0,"enemies":"4 Shapes","floor":42,"turns":5},{"damage":57,"enemies":"Reptomancer","floor":44,"turns":7},{"damage":0,"enemies":"Mind Bloom Boss Battle","floor":45,"turns":10},{"damage":0,"enemies":"Giant Head","floor":46,"turns":10},{"damage":62,"enemies":"Awakened One","floor":50,"turns":17}],"seed_played":"-1723221080775940936","potions_obtained":[{"floor":5,"key":"Poison Potion"},{"floor":10,"key":"AttackPotion"},{"floor":11,"key":"PowerPotion"},{"floor":12,"key":"GhostInAJar"},{"floor":41,"key":"Poison Potion"}],"is_trial":false,"path_per_floor":["M","?","?","M","M","E","R","?","T","E","M","M","M","E","R","B",null,"M","?","$","M","M","R","E","M","T","M","E","?","E","$","R","B",null,"M","M","M","?","M","R","E","M","T","E","?","E","?","?","R","B",null],"character_chosen":"THE_SILENT","items_purchased":["Orichalcum","Noxious Fumes+1"],"campfire_rested":6,"item_purchase_floors":[20,31],"current_hp_per_floor":[59,48,48,48,48,23,42,42,42,34,30,30,19,11,30,18,54,35,35,35,35,22,41,48,44,44,36,30,30,30,30,51,40,65,65,65,47,52,52,73,73,73,73,16,43,45,45,35,56,11],"gold":399,"neow_bonus":"THREE_ENEMY_KILL","is_prod":false,"is_daily":false,"chose_seed":false,"campfire_upgraded":0,"win_rate":0,"timestamp":1550511108,"path_taken":["M","?","?","M","?","E","R","?","T","E","?","M","M","E","R","BOSS","M","?","?","M","M","R","E","M","T","M","E","?","E","?","R","BOSS","M","M","M","?","M","R","E","?","T","E","?","E","?","?","R","BOSS"],"build_version":"2019-01-23","purchased_purges":2,"victory":true,"max_hp_per_floor":[66,66,66,66,66,66,66,66,66,66,66,66,66,66,66,66,66,66,66,66,66,66,66,73,73,73,73,73,73,73,73,73,73,73,73,73,73,73,73,73,73,73,73,73,73,73,73,73,73,73],"card_choices":[{"not_picked":["Concentrate","Finisher"],"picked":"Dagger Spray","floor":1},{"not_picked":["Underhanded Strike","Slice"],"picked":"Poisoned Stab","floor":4},{"not_picked":["Sucker Punch","Tactician"],"picked":"Deadly Poison","floor":5},{"not_picked":["Dagger Spray","PiercingWail"],"picked":"Footwork","floor":6},{"not_picked":["Blade Dance","Grand Finale"],"picked":"Well Laid Plans","floor":10},{"not_picked":["Outmaneuver","Expertise"],"picked":"Dodge and Roll","floor":11},{"not_picked":["Sucker Punch","Dagger Spray"],"picked":"Cloak And Dagger","floor":12},{"not_picked":["Dagger Spray","Outmaneuver","Flechettes"],"picked":"SKIP","floor":13},{"not_picked":["Poisoned Stab","Dash"],"picked":"Backflip","floor":14},{"not_picked":["Quick Slash","Infinite Blades"],"picked":"PiercingWail","floor":18},{"not_picked":["Leg Sweep","Setup+1"],"picked":"Noxious Fumes","floor":21},{"not_picked":["Tactician","Outmaneuver"],"picked":"Leg Sweep+1","floor":22},{"not_picked":["Underhanded Strike","Flying Knee"],"picked":"Footwork","floor":24},{"not_picked":["Finisher","Heel Hook","Caltrops"],"picked":"SKIP","floor":25},{"not_picked":["Reflex","Slice"],"picked":"Escape Plan","floor":27},{"not_picked":["Reflex","Prepared","Underhanded Strike+1"],"picked":"SKIP","floor":28},{"not_picked":["Glass Knife","All Out Attack","Bullet Time"],"picked":"SKIP","floor":30},{"not_picked":["Tools of the Trade+1","Envenom+1"],"picked":"Corpse Explosion","floor":33},{"not_picked":["Outmaneuver"],"picked":"SKIP","floor":35},{"not_picked":["Poisoned Stab"],"picked":"SKIP","floor":36},{"not_picked":[],"picked":"Dodge and Roll","floor":37},{"not_picked":["Flechettes"],"picked":"SKIP","floor":39},{"not_picked":["Bouncing Flask+1"],"picked":"SKIP","floor":41},{"not_picked":["Setup"],"picked":"SKIP","floor":42},{"not_picked":["Eviscerate+1"],"picked":"SKIP","floor":44},{"not_picked":[],"picked":"PiercingWail","floor":46}],"player_experience":489286,"relics_obtained":[{"floor":6,"key":"Oddly Smooth Stone"},{"floor":9,"key":"PreservedInsect"},{"floor":10,"key":"Bronze Scales"},{"floor":14,"key":"Bag of Marbles"},{"floor":24,"key":"Strawberry"},{"floor":26,"key":"Frozen Egg 2"},{"floor":28,"key":"Pantograph"},{"floor":30,"key":"Smiling Mask"},{"floor":41,"key":"Blood Vial"},{"floor":43,"key":"The Specimen"},{"floor":44,"key":"Ninja Scroll"},{"floor":45,"key":"Ginger"},{"floor":46,"key":"Boot"}],"event_choices":[{"damage_healed":0,"gold_gain":75,"player_choice":"Gather Gold","damage_taken":11,"max_hp_gain":0,"max_hp_loss":0,"event_name":"World of Goop","floor":2,"gold_loss":0},{"damage_healed":0,"gold_gain":0,"player_choice":"Paid Gold","damage_taken":0,"relics_obtained":["Blue Candle"],"max_hp_gain":0,"max_hp_loss":0,"event_name":"WeMeetAgain","floor":3,"gold_loss":81},{"cards_removed":["Strike_G"],"damage_healed":0,"gold_gain":0,"player_choice":"Purged","damage_taken":0,"max_hp_gain":0,"max_hp_loss":0,"event_name":"Purifier","floor":8,"gold_loss":0},{"cards_removed":["Strike_G"],"damage_healed":0,"gold_gain":0,"player_choice":"Purged","damage_taken":0,"max_hp_gain":0,"max_hp_loss":0,"event_name":"Purifier","floor":19,"gold_loss":0},{"damage_healed":0,"gold_gain":0,"cards_transformed":["Strike_G","Strike_G"],"player_choice":"Became Test Subject","damage_taken":0,"max_hp_gain":0,"max_hp_loss":0,"event_name":"Drug Dealer","floor":29,"gold_loss":0,"cards_obtained":["Sucker Punch","Dodge and Roll"]},{"cards_removed":["Dagger Spray"],"damage_healed":5,"gold_gain":0,"player_choice":"Offered Common","damage_taken":0,"max_hp_gain":0,"max_hp_loss":0,"event_name":"Bonfire Elementals","floor":38,"gold_loss":0},{"cards_removed":["Dagger Spray"],"damage_healed":5,"gold_gain":0,"player_choice":"Offered Special","damage_taken":0,"max_hp_gain":0,"max_hp_loss":0,"event_name":"Bonfire Elementals","floor":38,"gold_loss":0},{"damage_healed":0,"gold_gain":0,"player_choice":"Fight","damage_taken":0,"max_hp_gain":0,"max_hp_loss":0,"event_name":"MindBloom","floor":45,"gold_loss":0},{"damage_healed":0,"gold_gain":0,"player_choice":"Ignored","damage_taken":0,"max_hp_gain":0,"max_hp_loss":0,"event_name":"Tomb of Lord Red Mask","floor":47,"gold_loss":0},{"damage_healed":0,"gold_gain":0,"player_choice":"Memory 3","damage_taken":10,"max_hp_gain":0,"max_hp_loss":0,"event_name":"SensoryStone","floor":48,"gold_loss":0}],"is_beta":false,"boss_relics":[{"not_picked":["Calling Bell","HoveringKite"],"picked":"Fusion Hammer"},{"not_picked":["Tiny House","Runic Dome"],"picked":"Busted Crown"}],"items_purged_floors":[20,31],"is_endless":false,"potions_floor_spawned":[5,10,11,12,16,24,27,28,30,41,42,45,46],"ascension_level":17}