{"gold_per_floor":[12,12,12,12,24,59,59,85,85,85,10,27,40,53,53,53],"floor_reached":16,"playtime":577,"items_purged":["Parasite"],"score":176,"play_id":"eb13dda2-de73-4873-a9f8-dd8e3ea0b74b","local_time":"20190212005907","is_ascension_mode":true,"campfire_choices":[{"floor":7,"key":"REST"},{"data":"Fiend Fire","floor":15,"key":"SMITH"}],"neow_cost":"NO_GOLD","seed_source_timestamp":563857909799181,"circlet_count":0,"master_deck":["AscendersBane","Strike_R","Strike_R","Defend_R+1","Defend_R","Defend_R","Defend_R+1","Bash","Fiend Fire+1","Wild Strike","Pommel Strike","Disarm","Iron Wave","Shrug It Off"],"relics":["Burning Blood","Darkstone Periapt","Mummified Hand","War Paint","Happy Flower"],"potions_floor_usage":[6,16],"damage_taken":[{"damage":9,"enemies":"Jaw Worm","floor":1,"turns":4},{"damage":1,"enemies":"2 Louse","floor":5,"turns":4},{"damage":25,"enemies":"3 Sentries","floor":6,"turns":13},{"damage":58,"enemies":"Lagavulin","floor":8,"turns":8},{"damage":0,"enemies":"Small Slimes","floor":12,"turns":3},{"damage":6,"enemies":"Looter","floor":13,"turns":3},{"damage":11,"enemies":"Blue Slaver","floor":14,"turns":4},{"damage":37,"enemies":"Hexaghost","floor":16,"turns":14}],"seed_played":"4633758757432468700","potions_obtained":[{"floor":5,"key":"Dexterity Potion"},{"floor":12,"key":"PowerPotion"}],"is_trial":false,"path_per_floor":["M","?","?","?","M","E","R","E","T","?","$","M","M","M","R","B"],"character_chosen":"IRONCLAD","items_purchased":[],"campfire_rested":1,"item_purchase_floors":[],"current_hp_per_floor":[69,69,62,50,55,36,60,8,8,34,34,40,40,35,35,0],"gold":53,"neow_bonus":"TRANSFORM_TWO_CARDS","is_prod":false,"is_daily":false,"chose_seed":false,"campfire_upgraded":1,"win_rate":0,"timestamp":1549925947,"path_taken":["M","?","?","?","M","E","R","E","T","?","?","M","M","?","R","BOSS"],"build_version":"2019-01-23","purchased_purges":1,"victory":false,"max_hp_per_floor":[80,80,80,80,80,80,80,80,80,86,83,83,83,83,83,83],"card_choices":[{"not_picked":["Anger","Havoc"],"picked":"Pommel Strike","floor":1},{"not_picked":["Blood for Blood","Sword Boomerang","Clash"],"picked":"SKIP","floor":5},{"not_picked":["Wild Strike","Heavy Blade"],"picked":"Disarm","floor":6},{"not_picked":["Bloodletting","Berserk","Hemokinesis"],"picked":"SKIP","floor":8},{"not_picked":["Sword Boomerang","Heavy Blade"],"picked":"Iron Wave","floor":12},{"not_picked":["Clothesline","Thunderclap","Twin Strike"],"picked":"SKIP","floor":13},{"not_picked":["Twin Strike","Bloodletting"],"picked":"Shrug It Off","floor":14}],"player_experience":190204,"relics_obtained":[{"floor":6,"key":"Mummified Hand"},{"floor":8,"key":"War Paint"},{"floor":9,"key":"Happy Flower"}],"event_choices":[{"damage_healed":0,"gold_gain":0,"player_choice":"Leave","damage_taken":0,"max_hp_gain":0,"max_hp_loss":0,"event_name":"The Cleric","floor":2,"gold_loss":0},{"cards_removed":["Strike_R"],"damage_healed":0,"gold_gain":0,"player_choice":"Card Removal","damage_taken":7,"max_hp_gain":0,"max_hp_loss":0,"event_name":"Golden Wing","floor":3,"gold_loss":0},{"damage_healed":0,"gold_gain":0,"player_choice":"Success","damage_taken":12,"relics_obtained":["Darkstone Periapt"],"max_hp_gain":0,"max_hp_loss":0,"event_name":"Scrap Ooze","floor":4,"gold_loss":0},{"damage_healed":20,"gold_gain":0,"player_choice":"Healed and dodged fight","damage_taken":0,"max_hp_gain":0,"max_hp_loss":0,"event_name":"Mushrooms","floor":10,"gold_loss":0,"cards_obtained":["Parasite"]}],"is_beta":false,"boss_relics":[],"items_purged_floors":[11],"is_endless":false,"potions_floor_spawned":[5,12],"killed_by":"Hexaghost","ascension_level":12}