{"gold_per_floor":[110,128,139,139,155,189,203,203,203,214,229,239,239,269,269,269],"floor_reached":16,"playtime":751,"items_purged":[],"score":139,"play_id":"8c697779-13c9-4a7c-99f5-46f798751b03","local_time":"20190107023022","is_ascension_mode":true,"campfire_choices":[{"floor":8,"key":"REST"},{"floor":15,"key":"REST"}],"neow_cost":"NONE","seed_source_timestamp":243779631691421,"circlet_count":0,"master_deck":["Defend_G","Defend_G","Defend_G","Defend_G","Defend_G","Strike_G","Strike_G","Strike_G","Survivor","Neutralize","Caltrops","Catalyst","Dodge and Roll","Deadly Poison","Bouncing Flask","Escape Plan","Accuracy"],"relics":["Ring of the Snake","Darkstone Periapt","Torii","Shuriken"],"potions_floor_usage":[14,14,16,16],"damage_taken":[{"damage":0,"enemies":"Small Slimes","floor":1,"turns":3},{"damage":3,"enemies":"Cultist","floor":2,"turns":4},{"damage":5,"enemies":"2 Louse","floor":3,"turns":2},{"damage":8,"enemies":"Exordium Wildlife","floor":5,"turns":6},{"damage":36,"enemies":"Gremlin Nob","floor":6,"turns":5},{"damage":16,"enemies":"Exordium Thugs","floor":7,"turns":4},{"damage":1,"enemies":"Blue Slaver","floor":10,"turns":4},{"damage":0,"enemies":"2 Fungi Beasts","floor":11,"turns":3},{"damage":10,"enemies":"Large Slime","floor":12,"turns":7},{"damage":7,"enemies":"Lagavulin","floor":14,"turns":5},{"damage":52,"enemies":"Slime Boss","floor":16,"turns":13}],"seed_played":"-857150246669318195","potions_obtained":[{"floor":3,"key":"Explosive Potion"},{"floor":10,"key":"AttackPotion"},{"floor":12,"key":"Fire Potion"},{"floor":14,"key":"Regen Potion"}],"is_trial":false,"path_per_floor":["M","M","M","?","M","E","M","R","T","M","M","M","?","E","R","B"],"character_chosen":"THE_SILENT","items_purchased":[],"campfire_rested":2,"item_purchase_floors":[],"current_hp_per_floor":[77,74,69,69,61,25,9,32,32,31,31,21,14,7,30,0],"gold":269,"neow_bonus":"TEN_PERCENT_HP_BONUS","is_prod":false,"is_daily":false,"chose_seed":false,"campfire_upgraded":0,"win_rate":0,"timestamp":1546821022,"path_taken":["M","M","M","?","M","E","?","R","T","M","?","M","?","E","R","BOSS"],"build_version":"2019-01-03v4","purchased_purges":0,"victory":false,"max_hp_per_floor":[77,77,77,77,77,77,77,77,77,77,77,77,77,77,77,77],"card_choices":[{"not_picked":["Dagger Throw","Deadly Poison"],"picked":"Caltrops","floor":1},{"not_picked":["Cloak And Dagger","Poisoned Stab"],"picked":"Catalyst","floor":2},{"not_picked":["Blade Dance","Bane","Poisoned Stab"],"picked":"SKIP","floor":3},{"not_picked":["Deflect","Bane"],"picked":"Deadly Poison","floor":5},{"not_picked":["Dagger Throw","Blade Dance"],"picked":"Bouncing Flask","floor":6},{"not_picked":["Flying Knee","Outmaneuver","Doppelganger"],"picked":"SKIP","floor":7},{"not_picked":["Blade Dance","Dagger Spray","Poisoned Stab"],"picked":"SKIP","floor":10},{"not_picked":["Deadly Poison","Concentrate"],"picked":"Escape Plan","floor":11},{"not_picked":["Expertise","Dodge and Roll","Cloak And Dagger"],"picked":"SKIP","floor":12},{"not_picked":["Finisher","Predator"],"picked":"Accuracy","floor":14}],"player_experience":92693,"relics_obtained":[{"floor":6,"key":"Darkstone Periapt"},{"floor":9,"key":"Torii"},{"floor":14,"key":"Shuriken"}],"event_choices":[{"damage_healed":0,"gold_gain":0,"cards_transformed":["Strike_G"],"player_choice":"Transformed","damage_taken":0,"max_hp_gain":0,"max_hp_loss":0,"event_name":"Transmorgrifier","floor":4,"gold_loss":0,"cards_obtained":["Dodge and Roll"]},{"cards_removed":["Strike_G"],"damage_healed":0,"gold_gain":0,"player_choice":"Card Removal","damage_taken":7,"max_hp_gain":0,"max_hp_loss":0,"event_name":"Golden Wing","floor":13,"gold_loss":0}],"is_beta":false,"boss_relics":[],"items_purged_floors":[],"is_endless":false,"potions_floor_spawned":[3,10,12,14],"killed_by":"Slime Boss","ascension_level":4}