{"path_per_floor":["M","M","?","M","M","R","?","M","T","M","R"],"character_chosen":"IRONCLAD","items_purchased":[],"gold_per_floor":[11,24,199,212,227,227,302,319,319,333,333,333],"floor_reached":12,"campfire_rested":0,"playtime":362,"current_hp_per_floor":[74,64,64,66,61,61,50,46,46,44,44,0],"items_purged":[],"gold":333,"score":94,"play_id":"3594c5c9-54f8-4167-b7ef-10fc51db0aac","local_time":"20180519121749","is_prod":false,"is_daily":false,"chose_seed":false,"is_ascension_mode":true,"campfire_upgraded":1,"timestamp":1526725069,"campfire_choices":[{"data":"Offering","floor":6,"key":"SMITH"},{"floor":11,"key":"DIG"}],"path_taken":["M","M","?","M","?","R","?","M","T","M","R","M"],"build_version":"2018-05-17","seed_source_timestamp":471378592620195,"purchased_purges":0,"victory":false,"master_deck":["Strike_R","Strike_R","Strike_R","Strike_R","Strike_R","Defend_R","Defend_R","Defend_R","Defend_R","Bash","Offering+1","Doubt","Pommel Strike"],"max_hp_per_floor":[80,80,80,80,80,80,80,80,80,80,80,80],"relics":["Burning Blood","Shovel","Bottled Flame"],"card_choices":[{"not_picked":["Limit Break","Impervious"],"picked":"Offering","floor":0},{"not_picked":["Reckless Charge","Clothesline","Havoc"],"picked":"SKIP","floor":1},{"not_picked":["Power Through","Blood for Blood","Anger"],"picked":"SKIP","floor":2},{"not_picked":["Sword Boomerang","Body Slam","Barricade"],"picked":"SKIP","floor":4},{"not_picked":["Twin Strike","Perfected Strike","Metallicize"],"picked":"SKIP","floor":5},{"not_picked":["Body Slam","Power Through","Anger"],"picked":"SKIP","floor":8},{"not_picked":["Fire Breathing","Evolve"],"picked":"Pommel Strike","floor":10}],"player_experience":100785,"potions_floor_usage":[],"damage_taken":[{"damage":4,"enemies":"Cultist","floor":1,"turns":2},{"damage":16,"enemies":"Jaw Worm","floor":2,"turns":2},{"damage":4,"enemies":"Small Slimes","floor":4,"turns":2},{"damage":11,"enemies":"Looter","floor":5,"turns":3},{"damage":10,"enemies":"3 Louse","floor":8,"turns":6},{"damage":8,"enemies":"2 Fungi Beasts","floor":10,"turns":3},{"damage":54,"enemies":"Large Slime","floor":12,"turns":5}],"relics_obtained":[{"floor":9,"key":"Shovel"},{"floor":11,"key":"Bottled Flame"}],"event_choices":[{"event_name":"Liars Game","player_choice":"agreed","floor":3,"damage_taken":0},{"event_name":"World of Goop","player_choice":"Gather Gold","floor":7,"damage_taken":0}],"boss_relics":[],"potions_floor_spawned":[1,8,10],"seed_played":"5356326383975017782","killed_by":"Large Slime","ascension_level":6,"potions_obtained":[{"floor":1,"key":"FearPotion"},{"floor":8,"key":"GamblersBrew"},{"floor":10,"key":"Strength Potion"}],"is_trial":false}