{"gold_per_floor":[115,115,75,93,93,122,45,45,69,103,123,66,86,114,114,114],"floor_reached":16,"playtime":568,"items_purged":[],"score":279,"play_id":"cb599686-e132-4bc2-86f7-68a48c805d89","local_time":"20190208022746","is_ascension_mode":true,"campfire_choices":[{"data":"Pommel Strike","floor":8,"key":"SMITH"},{"data":"Shockwave","floor":15,"key":"SMITH"}],"neow_cost":"NONE","seed_source_timestamp":112571317053700,"circlet_count":0,"master_deck":["AscendersBane","Strike_R","Strike_R","Strike_R","Strike_R","Strike_R","Defend_R","Defend_R","Defend_R","Defend_R","Bash","Seeing Red","Battle Trance","Pommel Strike+1","Metallicize+1","Shockwave+1","Intimidate","Shrug It Off","Iron Wave","Impervious"],"relics":["Burning Blood","NeowsBlessing","Ancient Tea Set","Frozen Egg 2","Letter Opener","Blood Vial","Mercury Hourglass","Regal Pillow"],"potions_floor_usage":[3,16],"damage_taken":[{"damage":0,"enemies":"2 Louse","floor":1,"turns":1},{"damage":0,"enemies":"Cultist","floor":4,"turns":1},{"damage":0,"enemies":"Gremlin Nob","floor":6,"turns":1},{"damage":16,"enemies":"3 Sentries","floor":10,"turns":11},{"damage":3,"enemies":"Small Slimes","floor":11,"turns":3},{"damage":15,"enemies":"Exordium Thugs","floor":13,"turns":4},{"damage":20,"enemies":"Gremlin Nob","floor":14,"turns":4},{"damage":57,"enemies":"Hexaghost","floor":16,"turns":12}],"seed_played":"8230449832158235900","potions_obtained":[{"floor":3,"key":"Fruit Juice"},{"floor":3,"key":"SpeedPotion"},{"floor":3,"key":"Ancient Potion"},{"floor":13,"key":"GamblersBrew"}],"is_trial":false,"path_per_floor":["M","?","?","M","?","E","$","R","T","E","M","$","M","E","R","B"],"character_chosen":"IRONCLAD","items_purchased":["Metallicize+1","Shrug It Off"],"campfire_rested":0,"item_purchase_floors":[7,12],"current_hp_per_floor":[74,63,68,74,74,80,80,80,80,70,75,75,68,56,56,1],"gold":114,"neow_bonus":"THREE_ENEMY_KILL","is_prod":false,"is_daily":false,"chose_seed":false,"campfire_upgraded":2,"win_rate":0,"timestamp":1549589266,"path_taken":["M","?","?","?","?","E","?","R","T","E","M","$","M","E","R","BOSS"],"build_version":"2019-01-23","purchased_purges":0,"victory":false,"max_hp_per_floor":[75,75,80,80,80,80,80,80,80,80,80,80,80,80,80,80],"card_choices":[{"not_picked":["Twin Strike","Sword Boomerang"],"picked":"Seeing Red","floor":1},{"not_picked":["Intimidate","Metallicize"],"picked":"Battle Trance","floor":4},{"not_picked":["Seeing Red","Battle Trance"],"picked":"Pommel Strike","floor":6},{"not_picked":["Iron Wave","Perfected Strike"],"picked":"Shockwave","floor":10},{"not_picked":["Havoc","Dropkick"],"picked":"Intimidate","floor":11},{"not_picked":["Blood for Blood","Sword Boomerang"],"picked":"Iron Wave","floor":13},{"not_picked":["Body Slam","Anger"],"picked":"Impervious","floor":14}],"player_experience":345978,"relics_obtained":[{"floor":6,"key":"Letter Opener"},{"floor":9,"key":"Blood Vial"},{"floor":10,"key":"Mercury Hourglass"},{"floor":14,"key":"Regal Pillow"}],"event_choices":[{"damage_healed":0,"gold_gain":0,"player_choice":"Success","damage_taken":11,"relics_obtained":["Ancient Tea Set"],"max_hp_gain":0,"max_hp_loss":0,"event_name":"Scrap Ooze","floor":2,"gold_loss":0},{"damage_healed":0,"gold_gain":0,"player_choice":"Bought 3 Potions","damage_taken":0,"max_hp_gain":0,"max_hp_loss":0,"event_name":"The Woman in Blue","floor":3,"gold_loss":0},{"damage_healed":0,"gold_gain":0,"player_choice":"Gave Potion","damage_taken":0,"relics_obtained":["Frozen Egg 2"],"max_hp_gain":0,"max_hp_loss":0,"event_name":"WeMeetAgain","floor":5,"gold_loss":0}],"is_beta":false,"boss_relics":[],"items_purged_floors":[],"is_endless":false,"potions_floor_spawned":[4,13],"killed_by":"Hexaghost","ascension_level":19}