{"gold_per_floor":[119,130,149,149,160,194,210,235,285,460,479,164,181,196,196,300,300,310,1,14,29,39,39],"floor_reached":23,"playtime":1592,"items_purged":["Strike_G"],"score":314,"play_id":"27ffc501-b641-4bd4-b931-590b72442e8f","local_time":"20190216232455","is_ascension_mode":true,"campfire_choices":[{"floor":15,"key":"REST"}],"neow_cost":"NONE","seed_source_timestamp":298081004868500,"circlet_count":0,"master_deck":["AscendersBane","Defend_G","Defend_G","Defend_G","Defend_G","Defend_G","Strike_G","Strike_G","Strike_G","Strike_G","Survivor","Neutralize","Flying Knee","Cloak And Dagger","Blade Dance","Wraith Form v2","Footwork","Poisoned Stab","Terror","Doubt","Dash","Discovery","Blur","After Image","Sucker Punch+1","PiercingWail+1","Deadly Poison","Backstab"],"relics":["Ring of the Snake","FossilizedHelix","Bag of Marbles","Darkstone Periapt","Oddly Smooth Stone","Anchor","Eternal Feather","Thread and Needle"],"potions_floor_usage":[6,8,16,16,22,23],"damage_taken":[{"damage":4,"enemies":"Cultist","floor":1,"turns":5},{"damage":0,"enemies":"2 Louse","floor":2,"turns":4},{"damage":0,"enemies":"Jaw Worm","floor":3,"turns":5},{"damage":0,"enemies":"Gremlin Gang","floor":5,"turns":6},{"damage":41,"enemies":"Gremlin Nob","floor":6,"turns":8},{"damage":0,"enemies":"Exordium Wildlife","floor":7,"turns":7},{"damage":23,"enemies":"3 Sentries","floor":8,"turns":10},{"damage":5,"enemies":"Large Slime","floor":11,"turns":6},{"damage":0,"enemies":"Looter","floor":13,"turns":2},{"damage":0,"enemies":"Exordium Wildlife","floor":14,"turns":4},{"damage":27,"enemies":"Hexaghost","floor":16,"turns":12},{"damage":8,"enemies":"Shell Parasite","floor":18,"turns":7},{"damage":2,"enemies":"3 Byrds","floor":20,"turns":5},{"damage":0,"enemies":"Snecko","floor":21,"turns":8},{"damage":10,"enemies":"Chosen and Byrds","floor":22,"turns":12},{"damage":45,"enemies":"Book of Stabbing","floor":23,"turns":8}],"seed_played":"-1777080812061169453","potions_obtained":[{"floor":3,"key":"GhostInAJar"},{"floor":6,"key":"Regen Potion"},{"floor":8,"key":"SteroidPotion"},{"floor":11,"key":"Strength Potion"},{"floor":14,"key":"Ancient Potion"},{"floor":18,"key":"GhostInAJar"}],"is_trial":false,"path_per_floor":["M","M","M","?","M","E","M","E","T","?","M","$","M","M","R","B",null,"M","$","M","M","M","E"],"character_chosen":"THE_SILENT","items_purchased":["Discovery","Anchor","Thread and Needle"],"campfire_rested":1,"item_purchase_floors":[12,12,19],"current_hp_per_floor":[66,66,66,59,59,18,18,10,10,16,11,11,11,11,35,8,64,56,56,54,54,44,0],"gold":39,"neow_bonus":"TEN_PERCENT_HP_BONUS","is_prod":false,"is_daily":false,"chose_seed":false,"campfire_upgraded":0,"win_rate":0,"timestamp":1550355895,"path_taken":["M","M","?","?","M","E","M","E","T","?","M","$","M","M","R","BOSS","M","$","M","M","M","E"],"build_version":"2019-01-23","purchased_purges":1,"victory":false,"max_hp_per_floor":[77,77,77,77,77,77,77,77,77,83,83,83,83,83,83,83,83,83,83,83,83,83,83],"card_choices":[{"not_picked":["Leg Sweep","Bane"],"picked":"Flying Knee","floor":1},{"not_picked":["Prepared","Slice"],"picked":"Cloak And Dagger","floor":2},{"not_picked":["Tactician","Setup"],"picked":"Blade Dance","floor":3},{"not_picked":["Flechettes","Tactician"],"picked":"Wraith Form v2","floor":5},{"not_picked":["Reflex","PiercingWail"],"picked":"Footwork","floor":6},{"not_picked":["Outmaneuver","Deflect"],"picked":"Poisoned Stab","floor":7},{"not_picked":["Acrobatics","Bane"],"picked":"Terror","floor":8},{"not_picked":["Acrobatics","Setup"],"picked":"Dash","floor":11},{"not_picked":["Acrobatics","Bane"],"picked":"Blur","floor":13},{"not_picked":["Underhanded Strike","Acrobatics","Dagger Spray"],"picked":"SKIP","floor":14},{"not_picked":["Phantasmal Killer","Die Die Die"],"picked":"After Image","floor":16},{"not_picked":["Acrobatics","Riddle With Holes+1"],"picked":"Sucker Punch+1","floor":18},{"not_picked":["Backflip","Skewer"],"picked":"PiercingWail+1","floor":20},{"not_picked":["Endless Agony","Acrobatics"],"picked":"Deadly Poison","floor":21},{"not_picked":["Backflip","Poisoned Stab"],"picked":"Backstab","floor":22}],"player_experience":445302,"relics_obtained":[{"floor":6,"key":"Bag of Marbles"},{"floor":8,"key":"Darkstone Periapt"},{"floor":9,"key":"Oddly Smooth Stone"}],"event_choices":[{"damage_healed":0,"gold_gain":0,"player_choice":"Success","damage_taken":7,"relics_obtained":["FossilizedHelix"],"max_hp_gain":0,"max_hp_loss":0,"event_name":"Scrap Ooze","floor":4,"gold_loss":0},{"damage_healed":0,"gold_gain":175,"player_choice":"AGREE","damage_taken":0,"max_hp_gain":0,"max_hp_loss":0,"event_name":"Liars Game","floor":10,"gold_loss":0,"cards_obtained":["Doubt"]}],"is_beta":false,"boss_relics":[{"not_picked":["Velvet Choker","Empty Cage"],"picked":"Eternal Feather"}],"items_purged_floors":[12],"is_endless":false,"potions_floor_spawned":[3,6,8,11,14,18],"killed_by":"Book of Stabbing","ascension_level":10}