{"gold_per_floor":[319,331,39,57,57,57,86,106,156,185,210,240,252,283,295,378,390,412,374,400,42,54,54,88,99,99,131,131,131,156,167,167,241,241,256,273,273,293,12,43,43,43,43,43,73,83,83,117,117,117],"floor_reached":51,"playtime":2847,"items_purged":["Strike_G","Strike_G"],"score":1722,"play_id":"ac2b43f2-a8c9-4f19-ab39-a15db1e303a7","local_time":"20190218214944","is_ascension_mode":true,"campfire_choices":[{"data":"Crippling Poison","floor":6,"key":"SMITH"},{"floor":13,"key":"REST"},{"data":"Deadly Poison","floor":15,"key":"SMITH"},{"floor":23,"key":"REST"},{"floor":29,"key":"REST"},{"floor":32,"key":"REST"},{"floor":41,"key":"REST"},{"floor":49,"key":"REST"}],"neow_cost":"NO_GOLD","seed_source_timestamp":463911774513300,"circlet_count":0,"master_deck":["AscendersBane","Defend_G","Defend_G+1","Defend_G","Defend_G","Defend_G","Strike_G","Strike_G","Strike_G+1","Survivor","Deadly Poison+1","Crippling Poison+1","Quick Slash","Crippling Poison","Cloak And Dagger","PiercingWail","Backstab+1","Backflip","Adrenaline+1","Crippling Poison","Footwork","Escape Plan","Cloak And Dagger","Footwork","Escape Plan+1","Backstab+1","Storm of Steel","Escape Plan","PiercingWail","Dodge and Roll+1","PiercingWail+1"],"relics":["Ring of the Snake","Old Coin","PreservedInsect","Letter Opener","Ancient Tea Set","Whetstone","MawBank","Fusion Hammer","Paper Crane","Ninja Scroll","Dead Branch","Molten Egg 2","Boot","Philosopher\u0027s Stone","Mummified Hand","Regal Pillow","Tingsha","Juzu Bracelet","Bag of Preparation"],"potions_floor_usage":[18,33,50,50],"damage_taken":[{"damage":2,"enemies":"Small Slimes","floor":1,"turns":4},{"damage":0,"enemies":"Jaw Worm","floor":2,"turns":5},{"damage":0,"enemies":"Cultist","floor":4,"turns":4},{"damage":6,"enemies":"Lagavulin","floor":7,"turns":6},{"damage":1,"enemies":"Looter","floor":8,"turns":4},{"damage":25,"enemies":"Gremlin Nob","floor":10,"turns":4},{"damage":16,"enemies":"Exordium Thugs","floor":12,"turns":3},{"damage":0,"enemies":"Lots of Slimes","floor":14,"turns":2},{"damage":16,"enemies":"Hexaghost","floor":16,"turns":10},{"damage":1,"enemies":"Chosen","floor":18,"turns":3},{"damage":9,"enemies":"Shell Parasite","floor":20,"turns":4},{"damage":8,"enemies":"Centurion and Healer","floor":22,"turns":5},{"damage":0,"enemies":"Gremlin Leader","floor":24,"turns":5},{"damage":0,"enemies":"Shelled Parasite and Fungi","floor":25,"turns":5},{"damage":7,"enemies":"Slavers","floor":27,"turns":4},{"damage":0,"enemies":"Gremlin Leader","floor":30,"turns":3},{"damage":0,"enemies":"Snake Plant","floor":31,"turns":3},{"damage":46,"enemies":"Champ","floor":33,"turns":11},{"damage":0,"enemies":"3 Darklings","floor":35,"turns":2},{"damage":0,"enemies":"Orb Walker","floor":36,"turns":2},{"damage":14,"enemies":"Spire Growth","floor":38,"turns":3},{"damage":6,"enemies":"Reptomancer","floor":40,"turns":5},{"damage":0,"enemies":"Giant Head","floor":45,"turns":5},{"damage":0,"enemies":"Maw","floor":46,"turns":5},{"damage":0,"enemies":"Nemesis","floor":48,"turns":1},{"damage":44,"enemies":"Awakened One","floor":50,"turns":11}],"seed_played":"-4901726009884360703","potions_obtained":[{"floor":2,"key":"Fire Potion"},{"floor":4,"key":"Strength Potion"},{"floor":22,"key":"Dexterity Potion"},{"floor":35,"key":"Weak Potion"}],"is_trial":false,"path_per_floor":["M","M","$","M","?","R","E","M","T","E","T","M","R","M","R","B",null,"M","?","M","$","M","R","E","M","T","E","?","R","E","M","R","B",null,"M","M","?","M","$","E","R","?","T","?","E","M","?","E","R","B",null],"character_chosen":"THE_SILENT","items_purchased":["PreservedInsect","Quick Slash","Paper Crane","Mummified Hand"],"campfire_rested":6,"item_purchase_floors":[3,3,21,39],"current_hp_per_floor":[57,57,57,57,57,57,51,50,50,25,25,9,28,28,28,12,53,52,52,43,43,35,54,54,54,54,47,47,66,66,66,66,20,55,55,55,55,41,41,35,66,66,66,66,66,66,66,66,66,22],"gold":117,"neow_bonus":"ONE_RARE_RELIC","is_prod":false,"is_daily":false,"chose_seed":false,"campfire_upgraded":2,"win_rate":0,"timestamp":1550522984,"path_taken":["M","M","$","M","?","R","E","M","T","E","?","M","R","M","R","BOSS","M","?","M","$","?","R","E","M","T","E","?","R","E","M","R","BOSS","M","M","?","M","$","E","R","?","T","?","E","M","?","E","R","BOSS"],"build_version":"2019-01-23","purchased_purges":2,"victory":true,"max_hp_per_floor":[66,66,66,66,66,66,66,66,66,66,66,66,66,66,66,66,66,66,66,66,66,66,66,66,66,66,66,66,66,66,66,66,66,66,66,66,66,66,66,66,66,66,66,66,66,66,66,66,66,66],"card_choices":[{"not_picked":["Acrobatics","Backflip"],"picked":"Deadly Poison","floor":1},{"not_picked":["Outmaneuver","Infinite Blades"],"picked":"Crippling Poison","floor":2},{"not_picked":["Blade Dance","Cloak And Dagger"],"picked":"Crippling Poison","floor":4},{"not_picked":["Blade Dance","Predator"],"picked":"Cloak And Dagger","floor":7},{"not_picked":["Outmaneuver","Reflex"],"picked":"PiercingWail","floor":8},{"not_picked":["Bane","Infinite Blades"],"picked":"Backstab","floor":10},{"not_picked":["Quick Slash","Flying Knee"],"picked":"Backflip","floor":12},{"not_picked":["Blade Dance","Dagger Throw"],"picked":"Adrenaline","floor":14},{"not_picked":["Cloak And Dagger","Deflect"],"picked":"Crippling Poison","floor":18},{"not_picked":["Bane","Predator","Setup"],"picked":"SKIP","floor":20},{"not_picked":["Riddle With Holes","Sucker Punch+1"],"picked":"Footwork","floor":22},{"not_picked":["Deflect","Acrobatics"],"picked":"Escape Plan","floor":24},{"not_picked":["Sucker Punch","Setup","Dagger Throw"],"picked":"SKIP","floor":25},{"not_picked":["Flechettes+1","Dagger Spray"],"picked":"Cloak And Dagger","floor":27},{"not_picked":["Bullet Time","Leg Sweep+1"],"picked":"Escape Plan+1","floor":30},{"not_picked":["Deflect","Poisoned Stab+1"],"picked":"Backstab+1","floor":31},{"not_picked":["Wraith Form v2","Corpse Explosion"],"picked":"Storm of Steel","floor":33},{"not_picked":["Dagger Throw+1","Flechettes+1","Bane+1"],"picked":"SKIP","floor":35},{"not_picked":["Riddle With Holes+1","Flechettes+1","Dash+1"],"picked":"SKIP","floor":36},{"not_picked":["Deadly Poison","Deflect"],"picked":"Escape Plan","floor":38},{"not_picked":["Catalyst","Setup"],"picked":"PiercingWail","floor":40},{"not_picked":["Phantasmal Killer","Underhanded Strike+1"],"picked":"Dodge and Roll+1","floor":45},{"not_picked":["Deflect","Dagger Throw+1"],"picked":"PiercingWail+1","floor":46},{"not_picked":["Flying Knee+1","Masterful Stab+1","Skewer+1"],"picked":"SKIP","floor":48}],"player_experience":494366,"relics_obtained":[{"floor":7,"key":"Letter Opener"},{"floor":9,"key":"Ancient Tea Set"},{"floor":10,"key":"Whetstone"},{"floor":11,"key":"MawBank"},{"floor":24,"key":"Ninja Scroll"},{"floor":26,"key":"Dead Branch"},{"floor":27,"key":"Molten Egg 2"},{"floor":30,"key":"Boot"},{"floor":40,"key":"Regal Pillow"},{"floor":43,"key":"Tingsha"},{"floor":45,"key":"Juzu Bracelet"},{"floor":48,"key":"Bag of Preparation"}],"event_choices":[{"damage_healed":0,"gold_gain":0,"player_choice":"Leave","damage_taken":0,"max_hp_gain":0,"max_hp_loss":0,"event_name":"The Cleric","floor":5,"gold_loss":0},{"damage_healed":0,"gold_gain":0,"player_choice":"Upgraded Two","damage_taken":0,"max_hp_gain":0,"max_hp_loss":0,"event_name":"Designer","floor":19,"gold_loss":50,"cards_upgraded":["Defend_G","Neutralize"]},{"damage_healed":0,"gold_gain":0,"player_choice":"1 cards matched","damage_taken":0,"max_hp_gain":0,"max_hp_loss":0,"event_name":"Match and Keep!","floor":28,"gold_loss":0,"cards_obtained":["Footwork"]},{"damage_healed":0,"gold_gain":0,"player_choice":"Ignored","damage_taken":0,"max_hp_gain":0,"max_hp_loss":0,"event_name":"Tomb of Lord Red Mask","floor":37,"gold_loss":0},{"cards_removed":["Neutralize"],"damage_healed":0,"gold_gain":0,"player_choice":"Removed Attack","damage_taken":0,"max_hp_gain":0,"max_hp_loss":0,"event_name":"Falling","floor":42,"gold_loss":0},{"damage_healed":0,"gold_gain":0,"player_choice":"Upgraded","damage_taken":0,"max_hp_gain":0,"max_hp_loss":0,"event_name":"Upgrade Shrine","floor":44,"gold_loss":0,"cards_upgraded":["Adrenaline"]},{"damage_healed":0,"gold_gain":0,"player_choice":"Ignored","damage_taken":0,"max_hp_gain":0,"max_hp_loss":0,"event_name":"SecretPortal","floor":47,"gold_loss":0}],"is_beta":false,"boss_relics":[{"not_picked":["Busted Crown","Ectoplasm"],"picked":"Fusion Hammer"},{"not_picked":["Sozu","Eternal Feather"],"picked":"Philosopher\u0027s Stone"}],"items_purged_floors":[3,21],"is_endless":false,"potions_floor_spawned":[2,4,8,12,22,27,30,35,40,48],"ascension_level":18}