{"path_per_floor":["M","M","M","M","?","R","M","R","T","$","M","?","$","M","R","B",null,"M","M","?","?"],"character_chosen":"IRONCLAD","items_purchased":["Sword Boomerang"],"gold_per_floor":[19,37,55,72,72,72,87,87,110,65,84,84,9,19,19,122,122,137,153,153,153,153],"floor_reached":22,"campfire_rested":0,"playtime":711,"current_hp_per_floor":[74,73,75,46,72,72,55,55,55,55,40,40,40,44,44,8,71,67,53,53,35,0],"items_purged":["Defend_R"],"gold":153,"score":292,"play_id":"77482fbc-fc46-463c-8345-05c9fb8928e9","local_time":"20180522033740","is_prod":false,"is_daily":false,"chose_seed":false,"is_ascension_mode":true,"campfire_upgraded":3,"timestamp":1526953060,"campfire_choices":[{"data":"Offering","floor":6,"key":"SMITH"},{"data":"Flex","floor":8,"key":"SMITH"},{"data":"Sword Boomerang","floor":15,"key":"SMITH"}],"path_taken":["M","?","M","M","?","R","M","R","T","?","M","?","$","M","R","BOSS","M","M","?","?","?"],"build_version":"2018-05-17","seed_source_timestamp":195378666190081,"purchased_purges":1,"victory":false,"master_deck":["Strike_R","Strike_R","Strike_R","Strike_R","Strike_R","Defend_R","Bash","AscendersBane","Offering+1","Evolve","Flex+1","Sword Boomerang+1","Sword Boomerang","Reaper","Shockwave","Seeing Red","Double Tap","Whirlwind"],"max_hp_per_floor":[80,80,80,80,80,80,80,80,80,80,82,82,82,84,84,84,90,90,92,92,97,97],"relics":["Burning Blood","Singing Bowl","Bag of Preparation","Orrery"],"card_choices":[{"not_picked":["Pummel","Shrug It Off"],"picked":"Flex","floor":1},{"not_picked":["Shrug It Off","Metallicize"],"picked":"Sword Boomerang","floor":2},{"not_picked":["Twin Strike","Havoc","Perfected Strike"],"picked":"SKIP","floor":3},{"not_picked":["Pommel Strike","Wild Strike","Blood for Blood"],"picked":"SKIP","floor":4},{"not_picked":["Headbutt","Power Through","Metallicize"],"picked":"SKIP","floor":7},{"not_picked":["Searing Blow","Shrug It Off","Impervious"],"picked":"Singing Bowl","floor":11},{"not_picked":["Iron Wave","Evolve","Rage"],"picked":"Singing Bowl","floor":14},{"not_picked":["Brutality","Demon Form"],"picked":"Reaper","floor":16},{"not_picked":["Clothesline","Iron Wave","Shrug It Off"],"picked":"Singing Bowl","floor":17},{"not_picked":["Rampage","Reckless Charge","Perfected Strike"],"picked":"Singing Bowl","floor":17},{"not_picked":["Anger","True Grit","Fire Breathing"],"picked":"Singing Bowl","floor":17},{"not_picked":["Intimidate","Perfected Strike"],"picked":"Shockwave","floor":17},{"not_picked":["Power Through","Rage"],"picked":"Seeing Red","floor":17},{"not_picked":["Pommel Strike+1","Body Slam+1"],"picked":"Double Tap","floor":18},{"not_picked":["Armaments","Carnage+1","Body Slam"],"picked":"Singing Bowl","floor":19}],"player_experience":174488,"potions_floor_usage":[16,16,16],"damage_taken":[{"damage":4,"enemies":"Cultist","floor":1,"turns":2},{"damage":7,"enemies":"Small Slimes","floor":2,"turns":4},{"damage":4,"enemies":"Jaw Worm","floor":3,"turns":1},{"damage":35,"enemies":"Exordium Thugs","floor":4,"turns":4},{"damage":23,"enemies":"3 Louse","floor":7,"turns":3},{"damage":23,"enemies":"Large Slime","floor":11,"turns":3},{"damage":4,"enemies":"Gremlin Gang","floor":14,"turns":2},{"damage":42,"enemies":"Slime Boss","floor":16,"turns":7},{"damage":10,"enemies":"Spheric Guardian","floor":18,"turns":3},{"damage":22,"enemies":"Chosen","floor":19,"turns":4},{"damage":49,"enemies":"Slaver and Parasite","floor":22,"turns":4}],"relics_obtained":[{"floor":9,"key":"Singing Bowl"}],"event_choices":[{"event_name":"Big Fish","player_choice":"Banana","floor":5,"damage_taken":0},{"event_name":"Dead Adventurer","player_choice":"Searched \u00271\u0027 times","floor":12,"damage_taken":0},{"event_name":"The Library","player_choice":"Read","floor":20,"damage_taken":0},{"event_name":"Forgotten Altar","player_choice":"Shed Blood","floor":21,"damage_taken":0}],"boss_relics":[{"not_picked":["Eternal Feather","Black Blood"],"picked":"Orrery"}],"potions_floor_spawned":[1,4,11,18,19],"seed_played":"-3815174162102529932","killed_by":"Slaver and Parasite","ascension_level":10,"potions_obtained":[{"floor":1,"key":"Block Potion"},{"floor":4,"key":"Weak Potion"},{"floor":11,"key":"Swift Potion"},{"floor":18,"key":"Energy Potion"},{"floor":19,"key":"GamblersBrew"}],"is_trial":false}