{"gold_per_floor":[114,132,150,150,41,41,41,41,41,60,80,80,114,126,126,126],"floor_reached":16,"playtime":1239,"items_purged":["Strike_G"],"score":102,"play_id":"290b9c60-7936-4590-bb94-6a49f1531fbf","local_time":"20190220163343","is_ascension_mode":false,"campfire_choices":[{"data":"Footwork","floor":6,"key":"SMITH"},{"data":"Footwork","floor":12,"key":"SMITH"},{"floor":15,"key":"REST"}],"neow_cost":"NONE","seed_source_timestamp":0,"circlet_count":0,"master_deck":["Defend_G","Defend_G","Defend_G","Defend_G","Strike_G","Strike_G","Strike_G","Strike_G","Survivor","Neutralize","Acrobatics","Deflect","Footwork+1","Footwork+1","Deadly Poison"],"special_seed":0,"relics":["Ring of the Snake","The Courier","Juzu Bracelet"],"potions_floor_usage":[13,16,16],"damage_taken":[{"damage":6.0,"enemies":"Cultist","floor":1.0,"turns":4.0},{"damage":0,"enemies":"2 Louse","floor":2,"turns":3},{"damage":0,"enemies":"Small Slimes","floor":3,"turns":4},{"damage":0,"enemies":"Exordium Wildlife","floor":10,"turns":9},{"damage":0,"enemies":"Red Slaver","floor":11,"turns":7},{"damage":31,"enemies":"3 Sentries","floor":13,"turns":17},{"damage":22,"enemies":"Gremlin Gang","floor":14,"turns":8},{"damage":39,"enemies":"Slime Boss","floor":16,"turns":8}],"seed_played":"2524590769053194729","potions_obtained":[{"floor":3,"key":"SkillPotion"},{"floor":13,"key":"Strength Potion"},{"floor":14,"key":"Poison Potion"}],"is_trial":false,"path_per_floor":["M","M","M","?","$","R","?","$","T","M","M","R","E","M","R","B"],"character_chosen":"THE_SILENT","items_purchased":["Footwork"],"campfire_rested":1,"item_purchase_floors":[5],"current_hp_per_floor":[71,71,71,64,64,64,64,64,64,64,64,64,33,11,34,0],"gold":126,"neow_bonus":"TEN_PERCENT_HP_BONUS","is_prod":false,"is_daily":false,"chose_seed":false,"campfire_upgraded":2,"win_rate":0,"timestamp":1550648023,"path_taken":["M","?","M","?","$","R","?","$","T","?","M","R","E","M","R","BOSS"],"build_version":"2019-01-23","purchased_purges":1,"victory":false,"max_hp_per_floor":[77,77,77,77,77,77,77,77,77,77,77,77,77,77,77,77],"card_choices":[{"not_picked":["Eviscerate","Outmaneuver"],"picked":"Acrobatics","floor":1},{"not_picked":["Catalyst","Flying Knee","Accuracy"],"picked":"SKIP","floor":2},{"not_picked":["Finisher","Flying Knee"],"picked":"Deflect","floor":3},{"not_picked":["Deflect","Dodge and Roll"],"picked":"Footwork","floor":10},{"not_picked":["Finisher","Quick Slash","Flying Knee"],"picked":"SKIP","floor":11},{"not_picked":["Skewer","Calculated Gamble"],"picked":"Deadly Poison","floor":13},{"not_picked":["Sucker Punch","Accuracy","Choke"],"picked":"SKIP","floor":14}],"player_experience":155962,"relics_obtained":[{"floor":9,"key":"The Courier"},{"floor":13,"key":"Juzu Bracelet"}],"event_choices":[{"cards_removed":["Defend_G"],"damage_healed":0,"gold_gain":0,"player_choice":"Card Removal","damage_taken":7,"max_hp_gain":0,"max_hp_loss":0,"event_name":"Golden Wing","floor":4,"gold_loss":0},{"damage_healed":0,"gold_gain":0,"player_choice":"Leave","damage_taken":0,"max_hp_gain":0,"max_hp_loss":0,"event_name":"The Cleric","floor":7,"gold_loss":0}],"is_beta":false,"boss_relics":[],"items_purged_floors":[5],"is_endless":false,"potions_floor_spawned":[3,13,14],"killed_by":"Slime Boss","ascension_level":0}