{"path_per_floor":["M","M","?","$","M","R","M","R","T","R","?","R","M","?","R"],"character_chosen":"IRONCLAD","items_purchased":["Whirlwind","Flex"],"gold_per_floor":[111,125,300,132,146,146,166,166,166,166,416,416,431,506,506,506],"floor_reached":16,"campfire_rested":1,"playtime":420,"current_hp_per_floor":[84,78,78,78,79,79,67,67,67,67,67,67,73,62,87,0],"items_purged":["Doubt"],"gold":506,"score":135,"play_id":"c40f9fff-ddda-4bec-938d-f2e70b3e12a8","local_time":"20180520141523","is_prod":false,"is_daily":false,"chose_seed":false,"is_ascension_mode":true,"campfire_upgraded":4,"timestamp":1526818523,"campfire_choices":[{"data":"Whirlwind","floor":6,"key":"SMITH"},{"data":"Flex","floor":8,"key":"SMITH"},{"data":"Bash","floor":10,"key":"SMITH"},{"data":"Strike_R","floor":12,"key":"SMITH"},{"floor":15,"key":"REST"}],"path_taken":["M","?","?","?","M","R","M","R","T","R","?","R","M","?","R","BOSS"],"build_version":"2018-05-17","seed_source_timestamp":61131642447429,"purchased_purges":1,"victory":false,"master_deck":["Strike_R","Strike_R","Strike_R","Strike_R","Strike_R+1","Defend_R","Defend_R","Defend_R","Defend_R","Bash+1","AscendersBane","Whirlwind+1","Flex+1","Regret"],"max_hp_per_floor":[87,87,87,87,87,87,87,87,87,87,87,87,87,87,87,87],"relics":["Burning Blood","Strawberry","Shuriken"],"card_choices":[{"not_picked":["Battle Trance","Sword Boomerang","Perfected Strike"],"picked":"SKIP","floor":1},{"not_picked":["Second Wind","Clothesline","Combust"],"picked":"SKIP","floor":2},{"not_picked":["Anger","Headbutt","Clothesline"],"picked":"SKIP","floor":5},{"not_picked":["Uppercut","Heavy Blade","Juggernaut"],"picked":"SKIP","floor":7},{"not_picked":["Wild Strike","Corruption","Flame Barrier"],"picked":"SKIP","floor":13}],"player_experience":129636,"potions_floor_usage":[16,16],"damage_taken":[{"damage":1,"enemies":"Cultist","floor":1,"turns":4},{"damage":12,"enemies":"Small Slimes","floor":2,"turns":4},{"damage":5,"enemies":"2 Louse","floor":5,"turns":3},{"damage":18,"enemies":"Gremlin Gang","floor":7,"turns":3},{"damage":0,"enemies":"3 Louse","floor":13,"turns":2},{"damage":88,"enemies":"The Guardian","floor":16,"turns":11}],"relics_obtained":[{"floor":9,"key":"Shuriken"}],"event_choices":[{"event_name":"Liars Game","player_choice":"agreed","floor":3,"damage_taken":0},{"event_name":"Golden Shrine","player_choice":"Desecrate","floor":11,"damage_taken":0},{"event_name":"World of Goop","player_choice":"Gather Gold","floor":14,"damage_taken":0}],"boss_relics":[],"potions_floor_spawned":[1,5],"seed_played":"3818686460367979359","killed_by":"The Guardian","ascension_level":10,"potions_obtained":[{"floor":1,"key":"SpeedPotion"},{"floor":5,"key":"PowerPotion"}],"is_trial":false}