{"gold_per_floor":[109,122,122,122,47,47,47,67,136,156,173,9,36,47,47,151,151,166,182,196,40,50,50,50],"floor_reached":24,"playtime":1288,"items_purged":["Regret"],"score":270,"play_id":"22091a7d-4264-4547-8bac-fd88d5caecd6","local_time":"20190126195537","is_ascension_mode":true,"campfire_choices":[{"data":"Rampage","floor":6,"key":"SMITH"},{"data":"Barricade","floor":15,"key":"SMITH"},{"data":"Body Slam","floor":23,"key":"SMITH"}],"neow_cost":"CURSE","seed_source_timestamp":144198483755580,"circlet_count":0,"master_deck":["Strike_R","Strike_R","Defend_R","Defend_R","Defend_R","Defend_R","Bash","Rampage+1","Iron Wave","Barricade+1","Headbutt","Whirlwind","Master of Strategy","Feel No Pain+1","Inflame+1","Impervious","Feed+1","Cleave+1","Reckless Charge+1","Armaments","True Grit+1","Body Slam+1","Burning Pact+1"],"relics":["Burning Blood","Incense Burner","Potion Belt","Frozen Egg 2","Oddly Smooth Stone","Astrolabe","PreservedInsect"],"potions_floor_usage":[16,16,19,24,24],"damage_taken":[{"damage":13,"enemies":"Jaw Worm","floor":1,"turns":6},{"damage":9,"enemies":"2 Louse","floor":2,"turns":5},{"damage":0,"enemies":"Cultist","floor":8,"turns":3},{"damage":22,"enemies":"Lots of Slimes","floor":10,"turns":6},{"damage":4,"enemies":"Red Slaver","floor":11,"turns":5},{"damage":24,"enemies":"Gremlin Nob","floor":13,"turns":4},{"damage":14,"enemies":"Gremlin Gang","floor":14,"turns":5},{"damage":34,"enemies":"Slime Boss","floor":16,"turns":12},{"damage":19,"enemies":"3 Byrds","floor":18,"turns":6},{"damage":0,"enemies":"Chosen","floor":19,"turns":6},{"damage":11,"enemies":"Centurion and Healer","floor":20,"turns":9},{"damage":21,"enemies":"Chosen and Byrds","floor":22,"turns":9},{"damage":44,"enemies":"Slavers","floor":24,"turns":5}],"seed_played":"-5934807806641529910","potions_obtained":[{"floor":2,"key":"Explosive Potion"},{"floor":8,"key":"Regen Potion"},{"floor":10,"key":"Fire Potion"},{"floor":19,"key":"Strength Potion"},{"floor":22,"key":"Ancient Potion"}],"is_trial":false,"path_per_floor":["M","M","?","?","$","R","?","M","T","M","M","$","E","M","R","B",null,"M","M","M","$","M","R","E"],"character_chosen":"IRONCLAD","items_purchased":["Master of Strategy","PreservedInsect"],"campfire_rested":0,"item_purchase_floors":[12,21],"current_hp_per_floor":[65,62,62,62,62,62,62,68,68,52,54,54,36,28,28,15,62,53,59,58,58,43,43,0],"gold":50,"neow_bonus":"ONE_RARE_RELIC","is_prod":false,"is_daily":false,"chose_seed":false,"campfire_upgraded":3,"win_rate":0,"timestamp":1548525337,"path_taken":["M","M","?","?","?","R","?","M","T","?","M","$","E","M","R","BOSS","M","?","M","?","?","R","E"],"build_version":"2019-01-23","purchased_purges":1,"victory":false,"max_hp_per_floor":[80,80,77,77,77,77,77,77,77,77,77,77,77,77,77,77,77,81,81,85,85,85,85,85],"card_choices":[{"not_picked":["Hemokinesis","True Grit"],"picked":"Rampage","floor":1},{"not_picked":["Clothesline","Anger"],"picked":"Iron Wave","floor":2},{"not_picked":["Combust","Twin Strike","Thunderclap"],"picked":"SKIP","floor":8},{"not_picked":["Iron Wave","Pommel Strike"],"picked":"Headbutt","floor":10},{"not_picked":["Inflame+1","Clothesline"],"picked":"Whirlwind","floor":11},{"not_picked":["Warcry","Whirlwind"],"picked":"Feel No Pain+1","floor":13},{"not_picked":["Bloodletting","Anger"],"picked":"Inflame+1","floor":14},{"not_picked":["Offering","Brutality+1"],"picked":"Impervious","floor":16},{"not_picked":["Rampage","Clothesline+1"],"picked":"Armaments","floor":18},{"not_picked":["Sentinel+1","Entrench+1"],"picked":"True Grit+1","floor":19},{"not_picked":["Iron Wave","Twin Strike"],"picked":"Body Slam","floor":20},{"not_picked":["Pummel+1","Havoc"],"picked":"Burning Pact+1","floor":22}],"player_experience":142844,"relics_obtained":[{"floor":9,"key":"Frozen Egg 2"},{"floor":13,"key":"Oddly Smooth Stone"}],"event_choices":[{"cards_removed":["Parasite"],"damage_healed":0,"gold_gain":0,"player_choice":"Forget","damage_taken":0,"max_hp_gain":0,"max_hp_loss":0,"event_name":"Living Wall","floor":3,"gold_loss":0},{"damage_healed":0,"gold_gain":0,"player_choice":"Box","damage_taken":0,"relics_obtained":["Potion Belt"],"max_hp_gain":0,"max_hp_loss":0,"event_name":"Big Fish","floor":4,"gold_loss":0,"cards_obtained":["Regret"]},{"damage_healed":0,"gold_gain":0,"player_choice":"1 cards matched","damage_taken":0,"max_hp_gain":0,"max_hp_loss":0,"event_name":"Match and Keep!","floor":7,"gold_loss":0,"cards_obtained":["Barricade"]}],"is_beta":false,"boss_relics":[{"not_picked":["White Beast Statue","Snecko Eye"],"picked":"Astrolabe"}],"items_purged_floors":[5],"is_endless":false,"potions_floor_spawned":[2,8,10,19,22],"killed_by":"Slavers","ascension_level":7}