{"gold_per_floor":[109,120,135,135,135,152,152,180,204,204,204],"floor_reached":11,"playtime":652,"items_purged":[],"score":73,"play_id":"8d76ac74-adf8-4554-8b7c-e84919c96bf7","local_time":"20190212155238","is_ascension_mode":false,"campfire_choices":[{"floor":7,"key":"REST"}],"neow_cost":"NONE","seed_source_timestamp":8162491614932,"circlet_count":0,"master_deck":["Strike_B+1","Strike_B","Strike_B","Strike_B","Defend_B","Defend_B","Defend_B","Zap+1","Dualcast+1","Go for the Eyes","Aggregate","Loop","Leap","Barrage"],"relics":["Cracked Core","Lantern","Dream Catcher","Blood Vial"],"potions_floor_usage":[],"damage_taken":[{"damage":0,"enemies":"Small Slimes","floor":1,"turns":3},{"damage":0,"enemies":"2 Louse","floor":2,"turns":3},{"damage":6,"enemies":"Cultist","floor":3,"turns":3},{"damage":0,"enemies":"Blue Slaver","floor":6,"turns":3},{"damage":68,"enemies":"Gremlin Nob","floor":8,"turns":7},{"damage":10,"enemies":"3 Louse","floor":11,"turns":2}],"seed_played":"9155715892646226326","potions_obtained":[{"floor":8,"key":"Swift Potion"}],"is_trial":false,"path_per_floor":["?","?","?"],"character_chosen":"DEFECT","items_purchased":[],"campfire_rested":1,"item_purchase_floors":[],"current_hp_per_floor":[75,75,69,66,51,51,73,5,5,5,0],"gold":204,"neow_bonus":"UPGRADE_CARD","is_prod":false,"is_daily":false,"chose_seed":false,"campfire_upgraded":0,"win_rate":0.0,"timestamp":1549961558,"path_taken":["M","M","M","?","?","M","R","E","T","?","M"],"build_version":"2019-01-23","purchased_purges":0,"victory":false,"max_hp_per_floor":[75,75,75,75,75,75,75,75,75,75,75],"card_choices":[{"not_picked":["Redo","Compile Driver"],"picked":"Go for the Eyes","floor":1},{"not_picked":["Lockon","Heatsinks"],"picked":"Aggregate","floor":2},{"not_picked":["Compile Driver","Reprogram"],"picked":"Loop","floor":3},{"not_picked":["Steam","Cold Snap"],"picked":"Leap","floor":6},{"not_picked":["Steam Power","Blizzard"],"picked":"Barrage","floor":8}],"player_experience":69831,"relics_obtained":[{"floor":8,"key":"Dream Catcher"},{"floor":9,"key":"Blood Vial"}],"event_choices":[{"damage_healed":0,"gold_gain":0,"player_choice":"Success","damage_taken":3,"relics_obtained":["Lantern"],"max_hp_gain":0,"max_hp_loss":0,"event_name":"Scrap Ooze","floor":4,"gold_loss":0},{"damage_healed":0,"gold_gain":0,"player_choice":"Entered Light","damage_taken":15,"max_hp_gain":0,"max_hp_loss":0,"event_name":"Shining Light","floor":5,"gold_loss":0,"cards_upgraded":["Zap","Dualcast"]},{"cards_removed":["Defend_B"],"damage_healed":0,"gold_gain":0,"player_choice":"Offered Basic","damage_taken":0,"max_hp_gain":0,"max_hp_loss":0,"event_name":"Bonfire Elementals","floor":10,"gold_loss":0}],"is_beta":false,"boss_relics":[],"items_purged_floors":[],"is_endless":false,"potions_floor_spawned":[8],"killed_by":"3 Louse","ascension_level":0}