{"path_per_floor":["M","?","M","?","?","R","E","R","T","E","?","?","M","?","R","B",null,"M","?","$","?","$","E","M","E","T","?","?","R","E","?","R","B",null,"M","?","?","?","?","R","E","M","T","R","$","R","?","E","R","B"],"character_chosen":"IRONCLAD","items_purchased":["Rage","Double Tap","Ornamental Fan","Toolbox"],"gold_per_floor":[114,114,137,137,137,137,178,178,251,289,289,289,310,384,384,508,508,521,444,290,290,38,76,92,132,132,132,232,232,301,226,226,349,349,364,364,364,364,697,697,724,738,738,738,122,122,122,153,153,153],"floor_reached":51,"campfire_rested":0,"playtime":1938,"current_hp_per_floor":[80,60,66,59,59,59,65,65,65,35,42,42,48,24,24,38,90,74,74,74,74,74,56,52,47,49,49,49,49,42,42,42,42,94,95,95,95,85,85,85,84,57,59,59,59,59,59,60,60,24],"items_purged":["Strike_R","Strike_R","Strike_R"],"gold":153,"score":987,"play_id":"11414741-a4d5-4768-a7e0-67da925994b9","local_time":"20180516021224","is_prod":false,"is_daily":false,"chose_seed":false,"is_ascension_mode":true,"campfire_upgraded":9,"timestamp":1526429544,"path_taken":["M","?","?","?","?","R","E","R","T","E","?","?","?","?","R","BOSS","M","?","$","?","$","E","M","E","T","?","?","R","E","?","R","BOSS","M","?","?","?","?","R","E","M","T","R","?","R","?","E","R","BOSS"],"build_version":"2018-05-10","seed_source_timestamp":0,"purchased_purges":4,"victory":true,"master_deck":["Strike_R","Clash+1","Cleave+1","Double Tap+1","Rampage+1","True Grit+1","Pommel Strike+1","Clash","J.A.X.","Rage+1","Bludgeon","Double Tap+1","Spot Weakness","Clash","Headbutt","Inflame+1","Offering+1","Double Tap+1","Secret Weapon","Mind Blast","Jack Of All Trades+1","Heavy Blade+1"],"max_hp_per_floor":[80,80,80,80,80,80,80,80,80,80,90,90,90,90,90,90,90,90,90,90,90,90,90,90,92,94,94,94,94,94,94,94,94,94,96,96,96,96,96,96,103,105,107,107,107,107,107,109,109,109],"relics":["Burning Blood","NeowsBlessing","Pantograph","Shuriken","Prayer Wheel","Pear","Bag of Preparation","Astrolabe","Singing Bowl","Pen Nib","Juzu Bracelet","Tiny Chest","Runic Dome","Strawberry","Ice Cream","Ornamental Fan","Toolbox","Meat on the Bone"],"card_choices":[{"not_picked":["Second Wind","Dual Wield"],"picked":"Clash","floor":1.0},{"not_picked":["Clothesline","Anger"],"picked":"Shrug It Off","floor":10},{"not_picked":["Pommel Strike","Flex"],"picked":"Shrug It Off","floor":13},{"not_picked":["Inflame","Pummel"],"picked":"Cleave","floor":14},{"not_picked":["Immolate","Reaper"],"picked":"Double Tap","floor":16},{"not_picked":["Body Slam","Bloodletting"],"picked":"Clash","floor":18},{"not_picked":["Limit Break","Reckless Charge"],"picked":"Spot Weakness","floor":23},{"not_picked":["Pommel Strike","Whirlwind"],"picked":"Clash","floor":24},{"not_picked":["Shrug It Off","Wild Strike"],"picked":"Inflame","floor":30},{"not_picked":["Reaper","Berserk"],"picked":"Offering","floor":33},{"not_picked":["Transmutation","Dramatic Entrance"],"picked":"Secret Weapon","floor":38},{"not_picked":["Dramatic Entrance","Transmutation"],"picked":"Mind Blast","floor":38},{"not_picked":["Dramatic Entrance","Good Instincts"],"picked":"Jack Of All Trades","floor":38},{"not_picked":["Infernal Blade","Intimidate"],"picked":"Heavy Blade","floor":41}],"player_experience":69796,"potions_floor_usage":[16,50,50,50,50,50],"damage_taken":[{"damage":0.0,"enemies":"Jaw Worm","floor":1.0,"turns":1.0},{"damage":0.0,"enemies":"Small Slimes","floor":3.0,"turns":1.0},{"damage":0.0,"enemies":"Gremlin Nob","floor":7.0,"turns":1.0},{"damage":36.0,"enemies":"3 Sentries","floor":10.0,"turns":8.0},{"damage":0,"enemies":"Cultist","floor":13,"turns":3},{"damage":30,"enemies":"3 Sentries","floor":14,"turns":10},{"damage":17,"enemies":"Slime Boss","floor":16,"turns":5},{"damage":22,"enemies":"2 Thieves","floor":18,"turns":3},{"damage":24,"enemies":"Book of Stabbing","floor":23,"turns":4},{"damage":10,"enemies":"3 Byrds","floor":24,"turns":4},{"damage":13,"enemies":"Slavers","floor":25,"turns":3},{"damage":13,"enemies":"Book of Stabbing","floor":30,"turns":3},{"damage":31,"enemies":"Champ","floor":33,"turns":6},{"damage":7,"enemies":"Orb Walker","floor":35,"turns":1},{"damage":14,"enemies":"Nemesis","floor":41,"turns":5},{"damage":35,"enemies":"3 Shapes","floor":42,"turns":4},{"damage":7,"enemies":"Giant Head","floor":48,"turns":3},{"damage":85,"enemies":"Time Eater","floor":50,"turns":5}],"event_choices":[{"event_name":"Golden Idol","player_choice":"Take Damage","floor":2.0,"damage_taken":0.0},{"event_name":"Golden Wing","player_choice":"Card Removal","floor":4.0,"damage_taken":0.0},{"event_name":"Living Wall","player_choice":"Forget","floor":5.0,"damage_taken":0.0},{"event_name":"Scrap Ooze","player_choice":"success","floor":11,"damage_taken":3},{"event_name":"Liars Game","player_choice":"disagreed","floor":12,"damage_taken":0},{"event_name":"Dead Adventurer","player_choice":"Searched \u00273\u0027 times","floor":14,"damage_taken":0},{"event_name":"Drug Dealer","player_choice":"Got JAXXED","floor":19,"damage_taken":0},{"event_name":"Transmorgrifier","player_choice":"Transform","floor":21,"damage_taken":0},{"event_name":"The Library","player_choice":"Read","floor":27,"damage_taken":0},{"event_name":"Golden Shrine","player_choice":"Pray","floor":28,"damage_taken":0},{"event_name":"Beggar","player_choice":"Gave Gold","floor":31,"damage_taken":0},{"event_name":"Tomb of Lord Red Mask","player_choice":"Ignored","floor":36,"damage_taken":0},{"event_name":"Duplicator","player_choice":"One dupe","floor":37,"damage_taken":0},{"event_name":"SensoryStone","player_choice":"Memory 3","floor":38,"damage_taken":0},{"event_name":"The Moai Head","player_choice":"Gave Idol","floor":39,"damage_taken":0}],"boss_relics":[{"not_picked":["White Beast Statue","Tiny House"],"picked":"Astrolabe"},{"not_picked":["Black Blood","Snecko Eye"],"picked":"Runic Dome"}],"potions_floor_spawned":[7,14,14,16,23,24,25,41,48],"seed_played":"795308803317116064","ascension_level":2,"is_trial":false}