{"gold_per_floor":[19,31,44,119,100,132,132,132,132,147,158,170,170,27,27,125,125,143,55,55,72,91,91,126,41,66,66,66,91,91,109,109,209,209,223,243,104,121,221,246,246,273,273,273,273,78,105,115,115,115],"floor_reached":51,"playtime":3756,"items_purged":["Strike_G","Doubt","Writhe"],"score":935,"play_id":"5b5d9d51-0b84-4815-8674-4018a7eac7c4","local_time":"20181226013027","is_ascension_mode":true,"campfire_choices":[{"data":"Noxious Fumes","floor":13,"key":"SMITH"},{"data":"Accuracy","floor":15,"key":"SMITH"},{"data":"Neutralize","floor":23,"key":"SMITH"},{"data":"Bullet Time","floor":28,"key":"SMITH"},{"data":"PiercingWail","floor":30,"key":"SMITH"},{"data":"Crippling Poison","floor":32,"key":"SMITH"},{"floor":41,"key":"REST"},{"data":"Adrenaline","floor":45,"key":"SMITH"},{"data":"Footwork","floor":49,"key":"SMITH"}],"neow_cost":"NO_GOLD","seed_source_timestamp":322867643436,"circlet_count":0,"master_deck":["Defend_G","Defend_G","Defend_G","Defend_G","Defend_G","Strike_G","Strike_G","Strike_G","Strike_G","Survivor","Neutralize+1","Infinite Blades","Backflip","Noxious Fumes+1","Well Laid Plans","Backflip","Accuracy+1","After Image","Sucker Punch","Finesse","Blur+1","Bullet Time+1","PiercingWail+1","Crippling Poison+1","Adrenaline+1","Backflip","Escape Plan+1","Noxious Fumes","PiercingWail","Die Die Die+1","Footwork","Cloak And Dagger","Footwork+1"],"relics":["Ring of the Snake","FossilizedHelix","Turnip","Gremlin Horn","Paper Crane","Cursed Key","Bag of Marbles","Bronze Scales","Snake Skull","Blue Candle","Lizard Tail","Ginger","Darkstone Periapt","Molten Egg 2","Nunchaku","Bottled Lightning"],"potions_floor_usage":[27,29,33,33,40],"damage_taken":[{"damage":0,"enemies":"Cultist","floor":1,"turns":4},{"damage":0,"enemies":"2 Louse","floor":2,"turns":4},{"damage":0,"enemies":"Small Slimes","floor":3,"turns":4},{"damage":11,"enemies":"Exordium Thugs","floor":5,"turns":4},{"damage":39,"enemies":"Lagavulin","floor":6,"turns":9},{"damage":0,"enemies":"Red Slaver","floor":10,"turns":5},{"damage":1,"enemies":"Exordium Wildlife","floor":11,"turns":8},{"damage":0,"enemies":"Looter","floor":12,"turns":4},{"damage":2,"enemies":"Hexaghost","floor":16,"turns":11},{"damage":10,"enemies":"3 Byrds","floor":18,"turns":5},{"damage":0,"enemies":"Shell Parasite","floor":21,"turns":7},{"damage":0,"enemies":"Chosen and Byrds","floor":22,"turns":7},{"damage":0,"enemies":"Book of Stabbing","floor":24,"turns":7},{"damage":32,"enemies":"Slavers","floor":29,"turns":7},{"damage":0,"enemies":"Snake Plant","floor":31,"turns":5},{"damage":0,"enemies":"Collector","floor":33,"turns":10},{"damage":0,"enemies":"3 Shapes","floor":35,"turns":5},{"damage":4,"enemies":"Orb Walker","floor":36,"turns":5},{"damage":0,"enemies":"Sphere and 2 Shapes","floor":38,"turns":5},{"damage":0,"enemies":"Mind Bloom Boss Battle","floor":39,"turns":7},{"damage":35,"enemies":"Reptomancer","floor":40,"turns":8},{"damage":0,"enemies":"Giant Head","floor":42,"turns":10},{"damage":0,"enemies":"Reptomancer","floor":47,"turns":6},{"damage":0,"enemies":"Maw","floor":48,"turns":8},{"damage":10,"enemies":"Awakened One","floor":50,"turns":17}],"seed_played":"-1261575916033734838","potions_obtained":[{"floor":1,"key":"SkillPotion"},{"floor":3,"key":"GamblersBrew"},{"floor":10,"key":"Block Potion"},{"floor":18,"key":"PowerPotion"},{"floor":27,"key":"Fruit Juice"},{"floor":27,"key":"Weak Potion"},{"floor":29,"key":"Block Potion"},{"floor":31,"key":"Dexterity Potion"},{"floor":33,"key":"Weak Potion"},{"floor":38,"key":"GhostInAJar"},{"floor":40,"key":"EntropicBrew"}],"is_trial":false,"path_per_floor":["M","M","M","?","M","E","?","?","T","M","M","M","R","$","R","B",null,"M","$","?","M","M","R","E","?","T","?","R","E","R","M","R","B",null,"M","M","$","M","?","E","R","E","T","?","R","$","E","M","R","B",null],"character_chosen":"THE_SILENT","items_purchased":["Accuracy","Finesse","Noxious Fumes","Footwork"],"campfire_rested":1,"item_purchase_floors":[14,19,37,46],"current_hp_per_floor":[70,70,70,59,48,9,9,9,9,9,8,8,8,8,8,6,70,60,60,60,60,60,60,60,60,60,65,65,33,33,33,33,33,75,75,71,71,71,71,36,58,58,64,64,64,64,64,64,64,54],"gold":115,"neow_bonus":"ONE_RARE_RELIC","is_prod":false,"is_daily":false,"chose_seed":false,"campfire_upgraded":8,"win_rate":0,"timestamp":1545780627,"path_taken":["M","M","?","?","M","E","?","?","T","M","?","M","R","?","R","BOSS","M","$","?","M","M","R","E","?","T","?","R","E","R","M","R","BOSS","M","?","$","M","?","E","R","E","T","?","R","$","E","M","R","BOSS"],"build_version":"2018-12-20","purchased_purges":3,"victory":true,"max_hp_per_floor":[70,70,70,70,70,70,70,70,70,70,70,70,70,70,70,70,70,70,70,70,70,70,70,70,70,70,75,75,75,75,75,75,75,75,75,75,75,75,75,75,75,75,81,81,81,81,81,81,81,81],"card_choices":[{"not_picked":["Predator","Underhanded Strike","Endless Agony"],"picked":"SKIP","floor":1},{"not_picked":["Poisoned Stab","Prepared","Quick Slash"],"picked":"SKIP","floor":2},{"not_picked":["Outmaneuver","Unload"],"picked":"Infinite Blades","floor":3},{"not_picked":["Deadly Poison","PiercingWail"],"picked":"Backflip","floor":5},{"not_picked":["Finisher","Calculated Gamble"],"picked":"Noxious Fumes","floor":6},{"not_picked":["Outmaneuver","Bane"],"picked":"Well Laid Plans","floor":10},{"not_picked":["Skewer","Underhanded Strike"],"picked":"Backflip","floor":11},{"not_picked":["Acrobatics","Sucker Punch","Outmaneuver"],"picked":"SKIP","floor":12},{"not_picked":["Corpse Explosion","Doppelganger"],"picked":"After Image","floor":16},{"not_picked":["Deflect","Acrobatics"],"picked":"Sucker Punch","floor":18},{"not_picked":["Quick Slash","Masterful Stab+1","Slice"],"picked":"SKIP","floor":21},{"not_picked":["Tactician+1","Acrobatics"],"picked":"Blur+1","floor":22},{"not_picked":["Bane","All Out Attack+1"],"picked":"Bullet Time","floor":24},{"not_picked":["Quick Slash+1","Deflect+1"],"picked":"PiercingWail","floor":29},{"not_picked":["PiercingWail","Masterful Stab"],"picked":"Crippling Poison","floor":31},{"not_picked":["Bullet Time","Die Die Die"],"picked":"Adrenaline","floor":33},{"not_picked":["Dodge and Roll","Bane"],"picked":"Backflip","floor":35},{"not_picked":["Noxious Fumes+1","Backstab+1"],"picked":"Escape Plan+1","floor":36},{"not_picked":["All Out Attack+1","Sucker Punch","Distraction"],"picked":"SKIP","floor":38},{"not_picked":["Dagger Spray+1","Bullet Time"],"picked":"PiercingWail","floor":40},{"not_picked":["Acrobatics","Terror+1"],"picked":"Die Die Die","floor":42},{"not_picked":["Bane+1","Underhanded Strike+1"],"picked":"Cloak And Dagger","floor":47},{"not_picked":["Terror","Finisher+1"],"picked":"Footwork","floor":48}],"player_experience":73731,"relics_obtained":[{"floor":6,"key":"Turnip"},{"floor":9,"key":"Paper Crane"},{"floor":24,"key":"Bag of Marbles"},{"floor":26,"key":"Snake Skull"},{"floor":29,"key":"Blue Candle"},{"floor":39,"key":"Ginger"},{"floor":40,"key":"Darkstone Periapt"},{"floor":42,"key":"Molten Egg 2"},{"floor":43,"key":"Nunchaku"},{"floor":47,"key":"Bottled Lightning"}],"event_choices":[{"damage_healed":0,"gold_gain":75,"player_choice":"Gather Gold","damage_taken":11,"max_hp_gain":0,"max_hp_loss":0,"event_name":"World of Goop","floor":4,"gold_loss":0},{"damage_healed":0,"gold_gain":0,"player_choice":"Box","damage_taken":0,"relics_obtained":["Gremlin Horn"],"max_hp_gain":0,"max_hp_loss":0,"event_name":"Big Fish","floor":7,"gold_loss":0,"cards_obtained":["Regret"]},{"cards_removed":["Regret"],"damage_healed":0,"gold_gain":0,"player_choice":"Removed Curses","damage_taken":0,"max_hp_gain":0,"max_hp_loss":0,"event_name":"Fountain of Cleansing","floor":8,"gold_loss":0},{"damage_healed":0,"gold_gain":0,"player_choice":"Ignored","damage_taken":0,"max_hp_gain":0,"max_hp_loss":0,"event_name":"Vampires","floor":20,"gold_loss":0},{"damage_healed":0,"gold_gain":0,"player_choice":"Obtained Relic","damage_taken":0,"relics_obtained":["Bronze Scales"],"max_hp_gain":0,"max_hp_loss":0,"event_name":"Addict","floor":25,"gold_loss":85},{"damage_healed":0,"gold_gain":0,"player_choice":"Got Potions","damage_taken":0,"max_hp_gain":0,"max_hp_loss":0,"event_name":"Lab","floor":27,"gold_loss":0},{"damage_healed":0,"gold_gain":0,"player_choice":"Fight","damage_taken":0,"max_hp_gain":0,"max_hp_loss":0,"event_name":"MindBloom","floor":39,"gold_loss":0},{"damage_healed":0,"gold_gain":0,"player_choice":"Ignored","damage_taken":0,"max_hp_gain":0,"max_hp_loss":0,"event_name":"Mysterious Sphere","floor":44,"gold_loss":0}],"is_beta":false,"boss_relics":[{"not_picked":["Calling Bell","Snecko Eye"],"picked":"Cursed Key"},{"not_picked":["Tiny House","Busted Crown"],"picked":"Lizard Tail"}],"items_purged_floors":[14,37,46],"is_endless":false,"potions_floor_spawned":[1,3,10,16,18,29,31,33,38,39,40],"ascension_level":2}