{"gold_per_floor":[115,115,135,151,24,59,59,118,145,2,2,27,92,105,105,224,224,247,27,126,126,126,140,140,191,191,203],"floor_reached":27,"playtime":1294,"items_purged":[],"score":266,"play_id":"d17afd1c-3e03-456a-bff6-2867f99c1b01","local_time":"20190130211235","is_ascension_mode":true,"campfire_choices":[{"data":"Noxious Fumes","floor":7,"key":"SMITH"},{"floor":15,"key":"REST"},{"floor":24,"key":"REST"}],"neow_cost":"NONE","seed_source_timestamp":1087036511186227,"circlet_count":0,"master_deck":["Survivor","Neutralize","Cloak And Dagger","Finisher","Bouncing Flask","Quick Slash","Noxious Fumes+1","Sucker Punch","PiercingWail","Backstab","All Out Attack","After Image","Bullet Time","Underhanded Strike","Heel Hook","Terror","Acrobatics","Backstab","Reflex","Bullet Time","Expertise","Tactician","Deadly Poison","Slice","Ghostly","Ghostly","Ghostly","Ghostly","Ghostly","Dagger Throw","Leg Sweep"],"relics":["Lizard Tail","Art of War","Tiny Chest","Juzu Bracelet","Bag of Marbles","Golden Idol","Pandora\u0027s Box","Membership Card","PreservedInsect","MawBank"],"potions_floor_usage":[12,14],"damage_taken":[{"damage":4,"enemies":"Small Slimes","floor":1,"turns":5},{"damage":0,"enemies":"Cultist","floor":3,"turns":2},{"damage":6,"enemies":"2 Louse","floor":4,"turns":2},{"damage":20,"enemies":"3 Sentries","floor":6,"turns":8},{"damage":17,"enemies":"Lagavulin","floor":8,"turns":7},{"damage":4,"enemies":"2 Fungi Beasts","floor":12,"turns":3},{"damage":0,"enemies":"Looter","floor":14,"turns":2},{"damage":57,"enemies":"Slime Boss","floor":16,"turns":10},{"damage":17,"enemies":"Chosen","floor":18,"turns":5},{"damage":7,"enemies":"Shell Parasite","floor":23,"turns":7},{"damage":43,"enemies":"Gremlin Leader","floor":27,"turns":6}],"seed_played":"-5981799266423507194","potions_obtained":[{"floor":6,"key":"Weak Potion"},{"floor":8,"key":"FearPotion"},{"floor":12,"key":"Strength Potion"},{"floor":18,"key":"Strength Potion"}],"is_trial":false,"path_per_floor":["M","?","M","M","$","E","R","E","T","$","?","M","?","M","R","B",null,"M","$","?","?","?","M","R","T","T","E"],"character_chosen":"THE_SILENT","items_purchased":["Noxious Fumes","Sucker Punch","Bag of Marbles","Membership Card","Slice"],"campfire_rested":2,"item_purchase_floors":[5,5,10,19,19],"current_hp_per_floor":[66,66,66,60,60,40,40,23,23,23,6,2,2,2,23,7,70,53,53,53,35,35,28,35,35,35,0],"gold":203,"neow_bonus":"BOSS_RELIC","is_prod":false,"is_daily":false,"chose_seed":false,"campfire_upgraded":1,"win_rate":0,"timestamp":1548853955,"path_taken":["M","?","?","?","$","E","R","E","T","?","?","M","?","M","R","BOSS","M","$","?","?","?","M","R","?","T","E"],"build_version":"2019-01-23","purchased_purges":0,"victory":false,"max_hp_per_floor":[70,70,70,70,70,70,70,70,70,70,70,70,70,70,70,70,70,70,70,70,35,35,35,35,35,35,35],"card_choices":[{"not_picked":["Dagger Throw","Dagger Spray"],"picked":"Cloak And Dagger","floor":1},{"not_picked":["Infinite Blades","Dash"],"picked":"Bouncing Flask","floor":3},{"not_picked":["Slice","Doppelganger"],"picked":"Quick Slash","floor":4},{"not_picked":["Prepared","Acrobatics"],"picked":"PiercingWail","floor":6},{"not_picked":["Slice","Well Laid Plans"],"picked":"Backstab","floor":8},{"not_picked":["Escape Plan","Underhanded Strike"],"picked":"All Out Attack","floor":12},{"not_picked":["Prepared","Dagger Spray"],"picked":"After Image","floor":14},{"not_picked":["A Thousand Cuts","Venomology"],"picked":"Bullet Time","floor":16},{"not_picked":["Slice","Deflect"],"picked":"Deadly Poison","floor":18},{"not_picked":["Flying Knee","PiercingWail"],"picked":"Leg Sweep","floor":23}],"player_experience":75597,"relics_obtained":[{"floor":6,"key":"Art of War"},{"floor":8,"key":"Tiny Chest"},{"floor":9,"key":"Juzu Bracelet"},{"floor":25,"key":"PreservedInsect"},{"floor":26,"key":"MawBank"}],"event_choices":[{"damage_healed":0,"gold_gain":0,"cards_transformed":["Defend_G"],"player_choice":"Transformed","damage_taken":0,"max_hp_gain":0,"max_hp_loss":0,"event_name":"Transmorgrifier","floor":2,"gold_loss":0,"cards_obtained":["Finisher"]},{"damage_healed":0,"gold_gain":0,"player_choice":"Take Damage","damage_taken":17,"relics_obtained":["Golden Idol"],"max_hp_gain":0,"max_hp_loss":0,"event_name":"Golden Idol","floor":11,"gold_loss":0},{"damage_healed":0,"gold_gain":65,"player_choice":"Gained Gold","damage_taken":0,"max_hp_gain":0,"max_hp_loss":0,"event_name":"Golden Wing","floor":13,"gold_loss":0},{"damage_healed":0,"gold_gain":99,"player_choice":"Stole From Cult","damage_taken":0,"max_hp_gain":0,"max_hp_loss":0,"event_name":"Nest","floor":20,"gold_loss":0},{"damage_healed":0,"gold_gain":0,"player_choice":"Became a Ghost","damage_taken":0,"max_hp_gain":0,"max_hp_loss":35,"event_name":"Ghosts","floor":21,"gold_loss":0,"cards_obtained":["Ghostly","Ghostly","Ghostly","Ghostly","Ghostly"]},{"damage_healed":0,"gold_gain":0,"player_choice":"Read","damage_taken":0,"max_hp_gain":0,"max_hp_loss":0,"event_name":"The Library","floor":22,"gold_loss":0,"cards_obtained":["Dagger Throw"]}],"is_beta":false,"boss_relics":[{"not_picked":["Runic Pyramid","Sozu"],"picked":"Pandora\u0027s Box"}],"items_purged_floors":[],"is_endless":false,"potions_floor_spawned":[6,8,12,18],"killed_by":"Gremlin Leader","ascension_level":2}