{"path_per_floor":["M","$","?","M","$","E","M","E","T","R","$","?","R","M","R","B",null,"M","?","M","?","?","R","?","R","T","M","M","E","M","M","R","B",null,"M","?","?","M","$"],"character_chosen":"THE_SILENT","items_purchased":["Outmaneuver","Tough Bandages","Sadistic Nature","Kunai","Underhanded Strike"],"gold_per_floor":[110,110,110,125,99,126,141,476,476,476,49,49,49,59,59,155,155,171,171,155,155,155,155,80,80,103,113,133,158,173,189,189,292,292,310,410,410,429,145],"floor_reached":40,"campfire_rested":5,"playtime":3072,"current_hp_per_floor":[70,70,58,58,58,50,50,30,30,53,53,38,61,45,68,36,77,59,59,45,45,29,52,52,52,52,55,46,43,19,17,40,39,77,76,76,66,59,59],"items_purged":[],"gold":145,"play_id":"0c412ec6-613a-430d-9025-bd46685d4dea","is_prod":false,"is_daily":false,"is_ascension_mode":false,"campfire_upgraded":1,"path_taken":["M","$","?","?","$","E","M","E","T","R","$","?","R","?","R","BOSS","M","?","M","?","?","R","?","R","T","M","M","E","M","M","R","BOSS","M","?","?","M","$","E"],"build_version":"2018-01-25-PROD2","purchased_purges":0,"victory":false,"master_deck":["Defend_G","Defend_G","Defend_G","Strike_G+1","Strike_G","Strike_G+1","Survivor","Neutralize+1","Dash+1","Deflect","Dash","Outmaneuver","Doppelganger","Dagger Spray","Dagger Spray","Sadistic Nature","PiercingWail","Tools of the Trade+1","Crippling Poison+1","Backstab+1","Corpse Explosion+1","Reflex","Deadly Poison","Sadistic Nature","Adrenaline","Noxious Fumes+1","Deadly Poison","Underhanded Strike+1","Bane","Adrenaline","PiercingWail+1","Madness","Madness","Quick Slash+1","Underhanded Strike"],"max_hp_per_floor":[70,70,70,70,70,77,77,77,77,77,77,77,77,77,77,77,77,77,77,77,77,77,77,77,77,77,77,77,77,77,77,77,77,77,77,77,77,77,77],"relics":["Ring of the Snake","Oddly Smooth Stone","Strawberry","Old Coin","Ice Cream","Tough Bandages","Astrolabe","Orichalcum","Enchiridion","Prayer Wheel","Whetstone","Eternal Feather","Kunai"],"card_choices":[{"not_picked":["Deadly Poison","Endless Agony"],"picked":"Deflect"},{"not_picked":["Underhanded Strike","Skewer"],"picked":"Dash"},{"not_picked":["Dagger Throw","Caltrops"],"picked":"Doppelganger"},{"not_picked":["Blade Dance","Dagger Throw"],"picked":"Dagger Spray"},{"not_picked":["Underhanded Strike","Dodge and Roll"],"picked":"Dagger Spray"},{"not_picked":["Flechettes","Dagger Throw"],"picked":"PiercingWail"},{"not_picked":["Glass Knife","Tactician"],"picked":"Tools of the Trade"},{"not_picked":["PiercingWail","Infinite Blades"],"picked":"Reflex"},{"not_picked":["Dodge and Roll","Accuracy"],"picked":"Deadly Poison"},{"not_picked":["Deflect","Cloak And Dagger"],"picked":"Adrenaline"},{"not_picked":["Underhanded Strike","Quick Slash"],"picked":"Noxious Fumes"},{"not_picked":["Deflect","PiercingWail"],"picked":"Deadly Poison"},{"not_picked":["Outmaneuver","Caltrops"],"picked":"Underhanded Strike"},{"not_picked":["Leg Sweep","PiercingWail"],"picked":"Bane"},{"not_picked":["Die Die Die","Tools of the Trade"],"picked":"Adrenaline"},{"not_picked":["Prepared","Dodge and Roll"],"picked":"PiercingWail"},{"not_picked":["Riddle With Holes","Glass Knife"],"picked":"Quick Slash"}],"player_experience":140284,"potions_floor_usage":[16,27,29,33,33,40,40],"damage_taken":[{"damage":0,"enemies":"Cultist","floor":1,"turns":4},{"damage":0,"enemies":"Small Slimes","floor":4,"turns":5},{"damage":15,"enemies":"3 Sentries","floor":6,"turns":9},{"damage":0,"enemies":"Jaw Worm","floor":7,"turns":4},{"damage":20,"enemies":"Lagavulin","floor":8,"turns":10},{"damage":16,"enemies":"Gremlin Gang","floor":14,"turns":5},{"damage":32,"enemies":"Slime Boss","floor":16,"turns":13},{"damage":18,"enemies":"Chosen","floor":18,"turns":6},{"damage":14,"enemies":"2 Thieves","floor":20,"turns":4},{"damage":6,"enemies":"3 Cultists","floor":27,"turns":4},{"damage":9,"enemies":"Centurion and Healer","floor":28,"turns":6},{"damage":3,"enemies":"Gremlin Leader","floor":29,"turns":6},{"damage":24,"enemies":"Slaver and Parasite","floor":30,"turns":6},{"damage":2,"enemies":"Snecko","floor":31,"turns":4},{"damage":1,"enemies":"Automaton","floor":33,"turns":9},{"damage":1,"enemies":"Orb Walker","floor":35,"turns":4},{"damage":7,"enemies":"3 Darklings","floor":38,"turns":4},{"damage":60,"enemies":"2 Orb Walkers","floor":40,"turns":4}],"event_choices":[{"event_name":"Scrap Ooze","player_choice":"success","floor":3,"damage_taken":12},{"event_name":"Shining Light","player_choice":"Entered Light","floor":12,"damage_taken":0},{"event_name":"Accursed Blacksmith","player_choice":"Rummage","floor":19,"damage_taken":0},{"event_name":"Duplicator","player_choice":"One dupe","floor":21,"damage_taken":0},{"event_name":"Cursed Tome","player_choice":"Obtained Book","floor":22,"damage_taken":0},{"event_name":"Beggar","player_choice":"Gave Gold","floor":24,"damage_taken":0},{"event_name":"Golden Shrine","player_choice":"Pray","floor":36,"damage_taken":0},{"event_name":"Winding Halls","player_choice":"Embrace Madness","floor":37,"damage_taken":0}],"boss_relics":[{"not_picked":["Tiny House","Calling Bell"],"picked":"Astrolabe"},{"not_picked":["Black Star","Sozu"],"picked":"Eternal Feather"}],"potions_floor_spawned":[6,8,16,27,29,33,35,38],"seed_played":"-58727531646097241","killed_by":"2 Orb Walkers","ascension_level":0,"is_trial":false}