{"gold_per_floor":[119,119,133,154,168,168,188,188,215,259,259],"floor_reached":11,"playtime":598,"items_purged":[],"score":75,"play_id":"e226c581-e5dd-43d0-bc74-b4e09abf3e7b","local_time":"20190203195120","is_ascension_mode":false,"campfire_choices":[{"floor":6,"key":"REST"},{"data":"Flex","floor":8,"key":"SMITH"}],"neow_cost":"NONE","seed_source_timestamp":1273261062786526,"circlet_count":0,"master_deck":["Strike_R","Strike_R","Strike_R","Strike_R","Strike_R","Defend_R","Defend_R","Defend_R","Defend_R","Bash","Flex+1","Rupture","Spot Weakness","Clothesline","Iron Wave","Shrug It Off"],"relics":["White Beast Statue","Golden Idol","Bag of Preparation","Potion Belt"],"potions_floor_usage":[3,5,7,10,11],"damage_taken":[{"damage":7,"enemies":"2 Louse","floor":1,"turns":3},{"damage":1,"enemies":"Small Slimes","floor":3,"turns":3},{"damage":4,"enemies":"Cultist","floor":4,"turns":4},{"damage":11,"enemies":"2 Fungi Beasts","floor":5,"turns":3},{"damage":11,"enemies":"Large Slime","floor":7,"turns":5},{"damage":30,"enemies":"Lagavulin","floor":10,"turns":6},{"damage":28,"enemies":"Exordium Wildlife","floor":11,"turns":4}],"seed_played":"-1830649472947298780","potions_obtained":[{"floor":1,"key":"AttackPotion"},{"floor":3,"key":"FearPotion"},{"floor":4,"key":"Explosive Potion"},{"floor":5,"key":"Fire Potion"},{"floor":7,"key":"Weak Potion"},{"floor":10,"key":"Strength Potion"}],"is_trial":false,"path_per_floor":["M","?","M","M","M","R","M","R","T","E","M"],"character_chosen":"IRONCLAD","items_purchased":[],"campfire_rested":1,"item_purchase_floors":[],"current_hp_per_floor":[73,53,52,48,37,61,50,50,50,20,0],"gold":259,"neow_bonus":"BOSS_RELIC","is_prod":false,"is_daily":false,"chose_seed":false,"campfire_upgraded":1,"win_rate":0.0,"timestamp":1549194680,"path_taken":["M","?","M","M","M","R","M","R","T","E","M"],"build_version":"2019-01-23","purchased_purges":0,"victory":false,"max_hp_per_floor":[80,80,80,80,80,80,80,80,80,80,80],"card_choices":[{"not_picked":["Warcry","Heavy Blade"],"picked":"Flex","floor":1},{"not_picked":["True Grit","Combust"],"picked":"Rupture","floor":3},{"not_picked":["Clash","True Grit"],"picked":"Spot Weakness","floor":4},{"not_picked":["Warcry","Battle Trance"],"picked":"Clothesline","floor":5},{"not_picked":["Dual Wield","True Grit"],"picked":"Iron Wave","floor":7},{"not_picked":["Feel No Pain","Warcry"],"picked":"Shrug It Off","floor":10}],"player_experience":91558,"relics_obtained":[{"floor":9,"key":"Bag of Preparation"},{"floor":10,"key":"Potion Belt"}],"event_choices":[{"damage_healed":0,"gold_gain":0,"player_choice":"Take Damage","damage_taken":20,"relics_obtained":["Golden Idol"],"max_hp_gain":0,"max_hp_loss":0,"event_name":"Golden Idol","floor":2,"gold_loss":0}],"is_beta":false,"boss_relics":[],"items_purged_floors":[],"is_endless":false,"potions_floor_spawned":[1,3,4,5,7,10],"killed_by":"Exordium Wildlife","ascension_level":0}