{"gold_per_floor":[110,127,202,217,317,348,359,372,422,422,436,462,462,481,481,481],"floor_reached":16,"playtime":546,"items_purged":[],"score":177,"play_id":"c1070b05-e49c-4faa-bd8d-40f3e16f5408","local_time":"20190208221904","is_ascension_mode":true,"campfire_choices":[{"floor":10,"key":"REST"},{"data":"Trip","floor":13,"key":"SMITH"},{"data":"Double Tap","floor":15,"key":"SMITH"}],"neow_cost":"NONE","seed_source_timestamp":450299430221608,"circlet_count":0,"master_deck":["AscendersBane","Strike_R","Strike_R","Strike_R","Strike_R","Strike_R","Defend_R","Defend_R","Defend_R","Defend_R","Bash","Trip+1","True Grit","Dropkick","Uppercut","Dropkick","Metallicize","Double Tap+1","Metallicize"],"relics":["Burning Blood","Potion Belt","Orichalcum","Blue Candle"],"potions_floor_usage":[12,16,16],"damage_taken":[{"damage":2,"enemies":"2 Louse","floor":1,"turns":3},{"damage":3,"enemies":"Small Slimes","floor":2,"turns":3},{"damage":1,"enemies":"Cultist","floor":4,"turns":4},{"damage":53,"enemies":"Lagavulin","floor":6,"turns":8},{"damage":13,"enemies":"Blue Slaver","floor":7,"turns":4},{"damage":16,"enemies":"Looter","floor":8,"turns":4},{"damage":20,"enemies":"3 Louse","floor":11,"turns":4},{"damage":9,"enemies":"Gremlin Nob","floor":12,"turns":4},{"damage":1,"enemies":"Blue Slaver","floor":14,"turns":3},{"damage":21,"enemies":"Hexaghost","floor":16,"turns":11}],"seed_played":"1741501671791184803","potions_obtained":[{"floor":1,"key":"EssenceOfSteel"},{"floor":2,"key":"SpeedPotion"},{"floor":8,"key":"SkillPotion"}],"is_trial":false,"path_per_floor":["M","M","?","M","?","E","M","M","T","R","M","E","R","M","R","B"],"character_chosen":"IRONCLAD","items_purchased":[],"campfire_rested":1,"item_purchase_floors":[],"current_hp_per_floor":[76,79,68,73,73,26,19,9,9,33,19,16,16,21,21,0],"gold":481,"neow_bonus":"RANDOM_COLORLESS","is_prod":false,"is_daily":false,"chose_seed":false,"campfire_upgraded":2,"win_rate":0,"timestamp":1549660744,"path_taken":["M","M","?","M","?","E","M","M","T","R","M","E","R","M","R","BOSS"],"build_version":"2019-01-23","purchased_purges":0,"victory":false,"max_hp_per_floor":[80,80,80,80,80,80,80,80,80,80,80,80,80,80,80,80],"card_choices":[{"not_picked":["Twin Strike","Feel No Pain"],"picked":"True Grit","floor":1},{"not_picked":["Rage","Perfected Strike"],"picked":"Dropkick","floor":2},{"not_picked":["Heavy Blade","Hemokinesis","Anger"],"picked":"SKIP","floor":4},{"not_picked":["Twin Strike","Perfected Strike","Infernal Blade"],"picked":"SKIP","floor":6},{"not_picked":["Headbutt","Shrug It Off"],"picked":"Uppercut","floor":7},{"not_picked":["Headbutt","Thunderclap"],"picked":"Dropkick","floor":8},{"not_picked":["Combust","Perfected Strike"],"picked":"Metallicize","floor":11},{"not_picked":["Shrug It Off","Reckless Charge"],"picked":"Double Tap","floor":12},{"not_picked":["Warcry","Thunderclap"],"picked":"Metallicize","floor":14}],"player_experience":174346,"relics_obtained":[{"floor":6,"key":"Potion Belt"},{"floor":9,"key":"Orichalcum"},{"floor":12,"key":"Blue Candle"}],"event_choices":[{"damage_healed":0,"gold_gain":75,"player_choice":"Gather Gold","damage_taken":11,"max_hp_gain":0,"max_hp_loss":0,"event_name":"World of Goop","floor":3,"gold_loss":0},{"damage_healed":0,"gold_gain":100,"player_choice":"Pray","damage_taken":0,"max_hp_gain":0,"max_hp_loss":0,"event_name":"Golden Shrine","floor":5,"gold_loss":0}],"is_beta":false,"boss_relics":[],"items_purged_floors":[],"is_endless":false,"potions_floor_spawned":[1,2,8],"killed_by":"Hexaghost","ascension_level":11}