{"gold_per_floor":[113,113,130,150,117,147,147,166,166,266,284,304,304,130,130,230,230,215,215,231,231],"floor_reached":21,"playtime":1441,"items_purged":[],"score":190,"play_id":"107e0e7d-7a24-4b97-8b8e-f6a6283dfe5a","local_time":"20181024203407","is_ascension_mode":true,"campfire_choices":[{"floor":7,"key":"REST"},{"floor":13,"key":"REST"},{"floor":15,"key":"REST"}],"neow_cost":"NONE","seed_source_timestamp":167179733974216,"circlet_count":0,"master_deck":["Defend_G","Defend_G","Defend_G","Defend_G","Strike_G","Strike_G","Strike_G","Strike_G","Strike_G","Survivor","Neutralize","Purity","Prepared","PiercingWail","Flying Knee","Flying Knee","All Out Attack","Bane","Underhanded Strike","Riddle With Holes","Poisoned Stab","Deflect","Burst","Well Laid Plans+1","RitualDagger","Underhanded Strike"],"relics":["Ring of the Snake","Kunai","Blue Candle","Anchor","Black Star"],"potions_floor_usage":[16,16,20],"damage_taken":[{"damage":11,"enemies":"Jaw Worm","floor":1,"turns":4},{"damage":0,"enemies":"Cultist","floor":3,"turns":4},{"damage":0,"enemies":"2 Louse","floor":4,"turns":2},{"damage":31,"enemies":"Lagavulin","floor":6,"turns":9},{"damage":13,"enemies":"2 Fungi Beasts","floor":8,"turns":3},{"damage":11,"enemies":"Red Slaver","floor":11,"turns":4},{"damage":0,"enemies":"Exordium Wildlife","floor":12,"turns":4},{"damage":63,"enemies":"The Guardian","floor":16,"turns":15},{"damage":5,"enemies":"2 Thieves","floor":18,"turns":4},{"damage":8,"enemies":"Spheric Guardian","floor":20,"turns":4},{"damage":54,"enemies":"3 Cultists","floor":21,"turns":6}],"seed_played":"3371093252845854153","potions_obtained":[{"floor":1,"key":"LiquidBronze"},{"floor":8,"key":"Ancient Potion"},{"floor":11,"key":"Dexterity Potion"},{"floor":12,"key":"SpeedPotion"},{"floor":18,"key":"Block Potion"}],"is_trial":false,"path_per_floor":["M","?","M","M","$","E","R","M","T","?","M","M","R","$","R","B",null,"M","?","M"],"character_chosen":"THE_SILENT","items_purchased":["All Out Attack","Anchor","Deflect"],"campfire_rested":3,"item_purchase_floors":[5,14,14],"current_hp_per_floor":[59,59,59,59,59,28,49,36,36,36,25,25,46,46,67,4,70,65,59,51,0],"gold":231,"neow_bonus":"RANDOM_COLORLESS","is_prod":false,"is_daily":false,"chose_seed":false,"campfire_upgraded":0,"win_rate":0,"timestamp":1540438447,"path_taken":["M","?","M","M","$","E","R","M","T","?","M","M","R","?","R","BOSS","M","?","M","M"],"build_version":"2018-10-18","purchased_purges":0,"victory":false,"max_hp_per_floor":[70,70,70,70,70,70,70,70,70,70,70,70,70,70,70,70,70,70,70,70,70],"card_choices":[{"not_picked":["Reflex","Acrobatics"],"picked":"Prepared","floor":1},{"not_picked":["Dodge and Roll","Heel Hook"],"picked":"Flying Knee","floor":3},{"not_picked":["Backflip","Bane"],"picked":"Flying Knee","floor":4},{"not_picked":["Catalyst","Grand Finale"],"picked":"Bane","floor":6},{"not_picked":["Blade Dance","Dodge and Roll"],"picked":"Underhanded Strike","floor":8},{"not_picked":["Caltrops","Noxious Fumes"],"picked":"Riddle With Holes","floor":11},{"not_picked":["Masterful Stab","Deadly Poison"],"picked":"Poisoned Stab","floor":12},{"not_picked":["Storm of Steel","Tools of the Trade"],"picked":"Burst","floor":16},{"not_picked":["Masterful Stab","Blade Dance"],"picked":"Well Laid Plans+1","floor":18},{"not_picked":["Crippling Poison","Footwork"],"picked":"Underhanded Strike","floor":20}],"player_experience":345475,"relics_obtained":[{"floor":6,"key":"Kunai"},{"floor":9,"key":"Blue Candle"}],"event_choices":[{"damage_healed":0,"gold_gain":0,"cards_transformed":["Defend_G"],"player_choice":"Transformed","damage_taken":0,"max_hp_gain":0,"max_hp_loss":0,"event_name":"Transmorgrifier","floor":2,"gold_loss":0,"cards_obtained":["PiercingWail"]},{"damage_healed":0,"gold_gain":100,"player_choice":"Pray","damage_taken":0,"max_hp_gain":0,"max_hp_loss":0,"event_name":"Golden Shrine","floor":10,"gold_loss":0},{"damage_healed":0,"gold_gain":0,"player_choice":"Joined the Cult","damage_taken":6,"max_hp_gain":0,"max_hp_loss":0,"event_name":"Nest","floor":19,"gold_loss":0,"cards_obtained":["RitualDagger"]}],"is_beta":false,"boss_relics":[{"not_picked":["Ectoplasm","Orrery"],"picked":"Black Star"}],"items_purged_floors":[],"is_endless":false,"potions_floor_spawned":[1,8,11,12,18],"killed_by":"3 Cultists","ascension_level":1}