{"gold_per_floor":[109,109,109,0,19,19,38,73,99,99,129,9,29,55,55,155,155,173,184,202,113,124,154,154,185,185,185,215,228,228,240,240,345,345,355,374,374,50,50,82,0,30,30,64,75,110,190,207,207,207,207,207,64,92,92],"floor_reached":56,"playtime":3688,"items_purged":["Defend_G"],"score":1651,"play_id":"a275e105-766c-439f-8c4e-0b58952ae66e","local_time":"20181220013255","is_ascension_mode":true,"campfire_choices":[{"data":"Noxious Fumes","floor":6,"key":"SMITH"},{"data":"Corpse Explosion","floor":10,"key":"SMITH"},{"floor":15,"key":"REST"},{"data":"Burst","floor":24,"key":"SMITH"},{"data":"Dark Shackles","floor":27,"key":"SMITH"},{"data":"Bullet Time","floor":32,"key":"SMITH"},{"floor":49,"key":"RECALL"},{"data":"Footwork","floor":52,"key":"SMITH"}],"neow_cost":"NONE","seed_source_timestamp":430445333284145,"circlet_count":0,"master_deck":["Defend_G+1","Defend_G+1","Defend_G+1","Survivor+1","Neutralize+1","Backflip+1","Noxious Fumes+1","Deadly Poison+1","Corpse Explosion+1","PiercingWail+1","Well Laid Plans+1","Deadly Poison+1","A Thousand Cuts+1","Escape Plan+1","Bouncing Flask+1","Adrenaline+1","PiercingWail+1","Bouncing Flask+1","Bullet Time+1","Dark Shackles+1","Burst+1","Escape Plan+1","Endless Agony+1","Backflip+1","After Image+1","Noxious Fumes+1","Distraction+1","Acrobatics+1","Burst","Footwork+1"],"relics":["Ring of the Snake","Happy Flower","Omamori","Tingsha","Astrolabe","Dream Catcher","Turnip","Whetstone","Vajra","Black Star","Bottled Lightning","Mark of the Bloom","Mummified Hand","Unceasing Top","Red Mask","Girya","Ninja Scroll","Kunai","Pen Nib","Paper Crane","Snake Skull","Pear","Oddly Smooth Stone","Boot","Gambling Chip"],"potions_floor_usage":[20,23,42,42],"damage_taken":[{"damage":2,"enemies":"2 Louse","floor":1,"turns":4},{"damage":10,"enemies":"Jaw Worm","floor":5,"turns":4},{"damage":2,"enemies":"Small Slimes","floor":7,"turns":3},{"damage":13,"enemies":"Lagavulin","floor":8,"turns":8},{"damage":0,"enemies":"Blue Slaver","floor":13,"turns":4},{"damage":18,"enemies":"3 Sentries","floor":14,"turns":3},{"damage":2,"enemies":"Hexaghost","floor":16,"turns":8},{"damage":0,"enemies":"Shell Parasite","floor":18,"turns":3},{"damage":0,"enemies":"Spheric Guardian","floor":19,"turns":2},{"damage":16,"enemies":"Cultist and Chosen","floor":20,"turns":7},{"damage":0,"enemies":"Shelled Parasite and Fungi","floor":22,"turns":4},{"damage":5,"enemies":"Slavers","floor":23,"turns":4},{"damage":0,"enemies":"Book of Stabbing","floor":25,"turns":5},{"damage":0,"enemies":"Gremlin Leader","floor":28,"turns":5},{"damage":0,"enemies":"Snake Plant","floor":29,"turns":5},{"damage":0,"enemies":"Snecko","floor":31,"turns":4},{"damage":6,"enemies":"Automaton","floor":33,"turns":9},{"damage":0,"enemies":"Orb Walker","floor":35,"turns":4},{"damage":0,"enemies":"3 Darklings","floor":36,"turns":3},{"damage":0,"enemies":"Nemesis","floor":40,"turns":5},{"damage":0,"enemies":"Reptomancer","floor":42,"turns":5},{"damage":2,"enemies":"Nemesis","floor":44,"turns":5},{"damage":1,"enemies":"4 Shapes","floor":45,"turns":4},{"damage":0,"enemies":"Giant Head","floor":46,"turns":6},{"damage":0,"enemies":"Jaw Worm Horde","floor":48,"turns":2},{"damage":0,"enemies":"Awakened One","floor":50,"turns":10},{"damage":0,"enemies":"Shield and Spear","floor":54,"turns":4},{"damage":11,"enemies":"The Heart","floor":55,"turns":8}],"seed_played":"-8383953771051396207","potions_obtained":[{"floor":5,"key":"SneckoOil"},{"floor":16,"key":"Strength Potion"},{"floor":22,"key":"Dexterity Potion"},{"floor":23,"key":"Fruit Juice"},{"floor":25,"key":"SpeedPotion"},{"floor":29,"key":"GhostInAJar"},{"floor":42,"key":"Weak Potion"},{"floor":44,"key":"Strength Potion"},{"floor":45,"key":"Fire Potion"}],"is_trial":false,"path_per_floor":["M","?","?","$","M","R","M","E","T","R","?","$","M","E","R","B",null,"M","M","M","$","M","E","R","E","T","R","E","M","?","M","R","B",null,"M","M","?","$","?","E","?","E","T","E","M","E","T","M","R","B",null,"R","$","E","B",null],"character_chosen":"THE_SILENT","items_purchased":["Noxious Fumes","PiercingWail","Well Laid Plans","Dark Shackles","Bottled Lightning","GhostInAJar","Oddly Smooth Stone"],"campfire_rested":1,"item_purchase_floors":[4,12,12,21,38,38,53],"current_hp_per_floor":[75,60,53,53,43,43,41,28,28,28,28,28,28,10,33,31,77,77,77,61,61,61,61,61,61,61,61,61,61,61,61,61,55,82,82,82,82,82,82,82,82,82,82,80,79,79,79,79,79,79,79,79,79,79,68],"gold":92,"neow_bonus":"TEN_PERCENT_HP_BONUS","is_prod":false,"is_daily":false,"chose_seed":false,"campfire_upgraded":6,"win_rate":0,"timestamp":1545262375,"path_taken":["M","?","?","$","M","R","M","E","T","R","?","?","M","E","R","BOSS","M","M","?","$","M","E","R","E","T","R","E","M","?","M","R","BOSS","M","M","?","$","?","E","?","E","T","E","?","E","?","M","R","BOSS","R","$","E","BOSS"],"build_version":"2018-12-13","purchased_purges":1,"victory":true,"max_hp_per_floor":[77,77,77,77,77,77,77,77,77,77,77,77,77,77,77,77,77,77,77,77,77,77,82,82,82,82,82,82,82,82,82,82,82,82,82,82,82,82,82,82,82,82,82,82,82,82,92,92,92,92,92,92,92,92,92],"card_choices":[{"not_picked":["Outmaneuver","Bane"],"picked":"Backflip","floor":1},{"not_picked":["Dagger Spray","Bane"],"picked":"Deadly Poison","floor":5},{"not_picked":["Backstab","Blade Dance","Terror"],"picked":"SKIP","floor":7},{"not_picked":["Blade Dance","Backstab"],"picked":"Corpse Explosion","floor":8},{"not_picked":["Dash","Prepared","Masterful Stab"],"picked":"SKIP","floor":13},{"not_picked":["Crippling Poison","Riddle With Holes"],"picked":"Deadly Poison","floor":14},{"not_picked":["Unload","Phantasmal Killer"],"picked":"A Thousand Cuts","floor":16},{"not_picked":["Dodge and Roll+1","Blade Dance"],"picked":"PiercingWail+1","floor":18},{"not_picked":["Quick Slash","All Out Attack"],"picked":"Bouncing Flask","floor":19},{"not_picked":["Slice","Dodge and Roll"],"picked":"Bullet Time","floor":20},{"not_picked":["Flechettes+1","Flying Knee","Quick Slash"],"picked":"SKIP","floor":22},{"not_picked":["Calculated Gamble","Blade Dance"],"picked":"Burst","floor":23},{"not_picked":["Bane","All Out Attack+1","Dash"],"picked":"SKIP","floor":25},{"not_picked":["Dash+1","Predator+1","Infinite Blades+1"],"picked":"SKIP","floor":28},{"not_picked":["All Out Attack","Dagger Throw+1"],"picked":"Escape Plan","floor":29},{"not_picked":["Quick Slash","Blade Dance"],"picked":"Backflip","floor":31},{"not_picked":["Doppelganger","Phantasmal Killer"],"picked":"After Image","floor":33},{"not_picked":["Dodge and Roll","Bane"],"picked":"Noxious Fumes","floor":35},{"not_picked":["Calculated Gamble","Sucker Punch+1","Infinite Blades+1"],"picked":"SKIP","floor":36},{"not_picked":["Eviscerate+1","Riddle With Holes+1"],"picked":"Distraction+1","floor":40},{"not_picked":["Unload","Dodge and Roll"],"picked":"Acrobatics+1","floor":42},{"not_picked":["Choke","Flechettes+1"],"picked":"Burst","floor":44},{"not_picked":["PiercingWail","Deflect+1"],"picked":"Footwork","floor":45},{"not_picked":["Deflect","Prepared","Dodge and Roll"],"picked":"SKIP","floor":46},{"not_picked":["Blade Dance","Flying Knee+1","Dagger Throw+1"],"picked":"SKIP","floor":48},{"not_picked":["Poisoned Stab+1","Envenom","Underhanded Strike+1"],"picked":"SKIP","floor":54}],"player_experience":40848,"relics_obtained":[{"floor":8,"key":"Happy Flower"},{"floor":9,"key":"Omamori"},{"floor":14,"key":"Tingsha"},{"floor":23,"key":"Dream Catcher"},{"floor":25,"key":"Turnip"},{"floor":26,"key":"Whetstone"},{"floor":28,"key":"Vajra"},{"floor":40,"key":"Mummified Hand"},{"floor":40,"key":"Unceasing Top"},{"floor":42,"key":"Girya"},{"floor":42,"key":"Ninja Scroll"},{"floor":44,"key":"Kunai"},{"floor":44,"key":"Pen Nib"},{"floor":46,"key":"Paper Crane"},{"floor":46,"key":"Snake Skull"},{"floor":47,"key":"Pear"},{"floor":54,"key":"Boot"},{"floor":54,"key":"Gambling Chip"}],"event_choices":[{"damage_healed":0,"gold_gain":0,"player_choice":"Entered Light","damage_taken":15,"max_hp_gain":0,"max_hp_loss":0,"event_name":"Shining Light","floor":2,"gold_loss":0,"cards_upgraded":["Neutralize","Defend_G"]},{"cards_removed":["Defend_G"],"damage_healed":0,"gold_gain":0,"player_choice":"Card Removal","damage_taken":7,"max_hp_gain":0,"max_hp_loss":0,"event_name":"Golden Wing","floor":3,"gold_loss":0},{"damage_healed":0,"gold_gain":30,"player_choice":"Searched \u00271\u0027 times","damage_taken":0,"max_hp_gain":0,"max_hp_loss":0,"event_name":"Dead Adventurer","floor":11,"gold_loss":0},{"damage_healed":0,"gold_gain":0,"cards_transformed":["Strike_G","Strike_G"],"player_choice":"Became Test Subject","damage_taken":0,"max_hp_gain":0,"max_hp_loss":0,"event_name":"Drug Dealer","floor":30,"gold_loss":0,"cards_obtained":["Endless Agony","Doppelganger"]},{"cards_removed":["Doppelganger"],"damage_healed":0,"gold_gain":0,"player_choice":"Removed Skill","damage_taken":0,"max_hp_gain":0,"max_hp_loss":0,"event_name":"Falling","floor":37,"gold_loss":0},{"damage_healed":0,"gold_gain":0,"player_choice":"Upgrade","damage_taken":0,"relics_obtained":["Mark of the Bloom"],"max_hp_gain":0,"max_hp_loss":0,"event_name":"MindBloom","floor":39,"gold_loss":0,"cards_upgraded":["Defend_G","Defend_G","Survivor","Backflip","Deadly Poison","PiercingWail","Well Laid Plans","Deadly Poison","A Thousand Cuts","Bouncing Flask","Escape Plan","Endless Agony","Backflip","After Image","Noxious Fumes"]},{"damage_healed":0,"gold_gain":0,"player_choice":"Paid","damage_taken":0,"relics_obtained":["Red Mask"],"max_hp_gain":0,"max_hp_loss":0,"event_name":"Tomb of Lord Red Mask","floor":41,"gold_loss":82}],"is_beta":false,"boss_relics":[{"not_picked":["Velvet Choker","Empty Cage"],"picked":"Astrolabe"},{"not_picked":["Tiny House","Sozu"],"picked":"Black Star"}],"items_purged_floors":[4],"is_endless":false,"potions_floor_spawned":[5,16,22,23,25,29,31,33,42,44,45,48],"ascension_level":1}