{"gold_per_floor":[116,66,66,83,98,98,130,130,130,159,189,199,19,48,48,150,150,160,15,31,31,106,136,136,168,168,183,183,195,195,205,205,302,302,322,337,352,352,452,452,478,478,505,505,505,18,18,53,53,53],"floor_reached":51,"playtime":4326,"items_purged":["Strike_R","Writhe"],"score":1099,"play_id":"dd57879e-31c6-4e67-8db4-b26687465a74","local_time":"20190219234823","is_ascension_mode":true,"campfire_choices":[{"data":"Bash","floor":6.0,"key":"SMITH"},{"data":"Offering","floor":8.0,"key":"SMITH"},{"floor":15.0,"key":"REST"},{"data":"Barricade","floor":24.0,"key":"SMITH"},{"floor":28.0,"key":"REST"},{"data":"Flame Barrier","floor":30.0,"key":"SMITH"},{"floor":32.0,"key":"REST"},{"floor":40,"key":"REST"},{"floor":42,"key":"REST"},{"floor":44,"key":"REST"},{"floor":49,"key":"REST"}],"neow_cost":"NONE","seed_source_timestamp":592286022190956,"circlet_count":0,"master_deck":["AscendersBane","Strike_R+1","Strike_R+1","Strike_R+1","Defend_R+1","Defend_R+1","Defend_R+1","Bash+1","Pommel Strike","Offering+1","Immolate+1","Anger+1","Disarm+1","Rampage+1","Flame Barrier+1","Barricade+1","Carnage+1","Feel No Pain","Whirlwind+1","Exhume","Battle Trance","Disarm","Warcry+1","Shrug It Off","Demon Form","True Grit","Seeing Red+1","Shrug It Off","Uppercut+1","Iron Wave+1","True Grit+1"],"special_seed":0,"relics":["Burning Blood","Oddly Smooth Stone","Molten Egg 2","Shuriken","Dream Catcher","Odd Mushroom","War Paint","Incense Burner","Sozu","Sundial","Lantern","Orichalcum","Lizard Tail","Calipers","Ice Cream","Smiling Mask","Paper Frog","Boot","Mercury Hourglass"],"potions_floor_usage":[],"damage_taken":[{"damage":6.0,"enemies":"Jaw Worm","floor":1.0,"turns":4.0},{"damage":2.0,"enemies":"Small Slimes","floor":4.0,"turns":4.0},{"damage":6.0,"enemies":"2 Louse","floor":5.0,"turns":4.0},{"damage":28.0,"enemies":"Lagavulin","floor":7.0,"turns":5.0},{"damage":14.0,"enemies":"Gremlin Nob","floor":10.0,"turns":3.0},{"damage":6.0,"enemies":"The Mushroom Lair","floor":11.0,"turns":1.0},{"damage":12.0,"enemies":"Large Slime","floor":12.0,"turns":3.0},{"damage":16.0,"enemies":"3 Sentries","floor":14.0,"turns":2.0},{"damage":34.0,"enemies":"The Guardian","floor":16.0,"turns":14.0},{"damage":9.0,"enemies":"2 Thieves","floor":18.0,"turns":3.0},{"damage":0.0,"enemies":"Chosen","floor":20.0,"turns":4.0},{"damage":12.0,"enemies":"Gremlin Leader","floor":23.0,"turns":4.0},{"damage":40.0,"enemies":"Slavers","floor":25.0,"turns":2.0},{"damage":2.0,"enemies":"Sentry and Sphere","floor":27.0,"turns":4.0},{"damage":6.0,"enemies":"Chosen and Byrds","floor":29.0,"turns":4.0},{"damage":15.0,"enemies":"Snecko","floor":31.0,"turns":4.0},{"damage":66.0,"enemies":"Automaton","floor":33.0,"turns":8.0},{"damage":5.0,"enemies":"3 Shapes","floor":35.0,"turns":5.0},{"damage":7.0,"enemies":"3 Darklings","floor":36.0,"turns":2.0},{"damage":35.0,"enemies":"Transient","floor":37.0,"turns":5.0},{"damage":0.0,"enemies":"Mind Bloom Boss Battle","floor":39.0,"turns":5.0},{"damage":64,"enemies":"Giant Head","floor":41,"turns":9},{"damage":31,"enemies":"Nemesis","floor":48,"turns":7},{"damage":62,"enemies":"Time Eater","floor":50,"turns":10}],"seed_played":"1807130360540023306","potions_obtained":[{"floor":7.0,"key":"SteroidPotion"},{"floor":10.0,"key":"Fruit Juice"},{"floor":12.0,"key":"GamblersBrew"},{"floor":14.0,"key":"Explosive Potion"}],"is_trial":false,"path_per_floor":["M","?","?","M","M","R","E","R","T","E","?","M","$","E","R","B",null,"M","$","M","?","?","E","R","E","T","M","R","M","R","M","R","B",null,"M","M","M","?","?","R","E","R","T","R","?","$","?","E","R","B",null],"character_chosen":"IRONCLAD","items_purchased":["War Paint","Rampage+1","Feel No Pain","Paper Frog","Iron Wave+1","Boot"],"campfire_rested":7,"item_purchase_floors":[13,13,19,46,46,46],"current_hp_per_floor":[72,72,65,69,69,69,47,47,47,39,44,38,38,28,53,25,70,67,67,73,73,65,59,59,25,25,29,54,54,54,45,70,10,66,67,66,37,37,43,68,10,35,35,60,81,81,81,56,81,25],"gold":53,"neow_bonus":"RANDOM_COMMON_RELIC","is_prod":false,"is_daily":false,"chose_seed":false,"campfire_upgraded":4,"win_rate":0,"timestamp":1550648903,"path_taken":["M","?","?","M","M","R","E","R","T","E","?","M","$","E","R","BOSS","M","$","M","?","?","E","R","E","T","M","R","M","R","M","R","BOSS","M","M","?","?","?","R","E","R","T","R","?","$","?","E","R","BOSS"],"build_version":"2019-01-23","purchased_purges":2,"victory":true,"max_hp_per_floor":[80,80,80,80,80,80,80,80,80,80,85,85,85,85,85,85,85,85,85,85,85,85,85,85,85,85,85,85,85,85,85,85,85,85,85,85,85,85,85,85,85,85,85,85,85,85,85,85,85,85],"card_choices":[{"not_picked":["Cleave","Perfected Strike"],"picked":"Pommel Strike","floor":1.0},{"not_picked":["Warcry","Hemokinesis"],"picked":"Dropkick","floor":4.0},{"not_picked":["Havoc","Corruption","Bloodletting"],"picked":"SKIP","floor":5.0},{"not_picked":["Rage","Blood for Blood"],"picked":"Offering","floor":7.0},{"not_picked":["Bloodletting","Pummel+1"],"picked":"Immolate+1","floor":10.0},{"not_picked":["True Grit","Havoc"],"picked":"Anger+1","floor":11.0},{"not_picked":["Perfected Strike+1","Hemokinesis+1"],"picked":"Disarm","floor":12.0},{"not_picked":["Searing Blow+1","Sword Boomerang+1","Thunderclap+1"],"picked":"SKIP","floor":14.0},{"not_picked":["Fiend Fire+1","Shrug It Off"],"picked":"Flame Barrier","floor":15.0},{"not_picked":["Juggernaut","Bludgeon+1"],"picked":"Barricade","floor":16.0},{"not_picked":["Burning Pact","Clothesline+1"],"picked":"Carnage+1","floor":18.0},{"not_picked":["Blood for Blood+1","Shrug It Off+1"],"picked":"Whirlwind+1","floor":20.0},{"not_picked":["Havoc","Anger+1"],"picked":"Exhume","floor":23.0},{"not_picked":["True Grit","Rampage+1"],"picked":"Battle Trance","floor":25.0},{"not_picked":["Rupture","Whirlwind+1","Wild Strike+1"],"picked":"SKIP","floor":27.0},{"not_picked":["Evolve","Twin Strike+1"],"picked":"Disarm","floor":29.0},{"not_picked":["Pommel Strike+1","Iron Wave+1"],"picked":"Warcry+1","floor":31.0},{"not_picked":["Burning Pact+1","Armaments"],"picked":"Shrug It Off","floor":32.0},{"not_picked":["Immolate+1","Double Tap"],"picked":"Demon Form","floor":33.0},{"not_picked":["Cleave+1","Dropkick+1"],"picked":"True Grit","floor":35.0},{"not_picked":["Perfected Strike+1","Pummel+1"],"picked":"Seeing Red+1","floor":36.0},{"not_picked":["Cleave+1","Thunderclap+1","Pommel Strike+1"],"picked":"SKIP","floor":37.0},{"not_picked":["Warcry","Dark Embrace"],"picked":"Shrug It Off","floor":40},{"not_picked":["Thunderclap+1","Perfected Strike+1","Headbutt+1"],"picked":"SKIP","floor":41},{"not_picked":["Anger+1","Rage"],"picked":"Uppercut+1","floor":44},{"not_picked":["Thunderclap+1","Uppercut+1"],"picked":"True Grit+1","floor":48}],"player_experience":640644,"relics_obtained":[{"floor":7.0,"key":"Molten Egg 2"},{"floor":9.0,"key":"Shuriken"},{"floor":10.0,"key":"Dream Catcher"},{"floor":11.0,"key":"Odd Mushroom"},{"floor":14.0,"key":"Incense Burner"},{"floor":23.0,"key":"Sundial"},{"floor":25.0,"key":"Lantern"},{"floor":26.0,"key":"Orichalcum"},{"floor":39.0,"key":"Calipers"},{"floor":41,"key":"Ice Cream"},{"floor":43,"key":"Smiling Mask"},{"floor":48,"key":"Mercury Hourglass"}],"event_choices":[{"cards_removed":["Strike_R"],"damage_healed":0.0,"max_hp_gain":0.0,"max_hp_loss":0.0,"gold_gain":0.0,"event_name":"The Cleric","player_choice":"Card Removal","floor":2.0,"gold_loss":50.0,"damage_taken":0.0},{"cards_removed":["Defend_R"],"damage_healed":0.0,"max_hp_gain":0.0,"max_hp_loss":0.0,"gold_gain":0.0,"event_name":"Golden Wing","player_choice":"Card Removal","floor":3.0,"gold_loss":0.0,"damage_taken":7.0},{"damage_healed":0.0,"max_hp_gain":0.0,"max_hp_loss":0.0,"gold_gain":0.0,"event_name":"Mushrooms","player_choice":"Fought Mushrooms","floor":11.0,"gold_loss":0.0,"damage_taken":0.0},{"damage_healed":0.0,"max_hp_gain":0.0,"max_hp_loss":0.0,"gold_gain":0.0,"event_name":"Back to Basics","player_choice":"Simplicity","floor":21.0,"gold_loss":0.0,"damage_taken":0.0,"cards_upgraded":["Strike_R","Strike_R","Strike_R","Defend_R","Defend_R"]},{"damage_healed":0.0,"max_hp_gain":0.0,"max_hp_loss":0.0,"gold_gain":75.0,"event_name":"FaceTrader","player_choice":"Touch","floor":22.0,"gold_loss":0.0,"damage_taken":8.0},{"cards_removed":["Dropkick"],"damage_healed":0.0,"max_hp_gain":0.0,"max_hp_loss":0.0,"gold_gain":0.0,"event_name":"Falling","player_choice":"Removed Attack","floor":38.0,"gold_loss":0.0,"damage_taken":0.0},{"damage_healed":0.0,"max_hp_gain":0.0,"max_hp_loss":0.0,"gold_gain":0.0,"event_name":"MindBloom","player_choice":"Fight","floor":39.0,"gold_loss":0.0,"damage_taken":0.0},{"damage_healed":21,"gold_gain":0,"player_choice":"Writhe","damage_taken":0,"max_hp_gain":0,"max_hp_loss":0,"event_name":"Winding Halls","floor":45,"gold_loss":0,"cards_obtained":["Writhe"]},{"damage_healed":0,"gold_gain":0,"player_choice":"Ignored","damage_taken":0,"max_hp_gain":0,"max_hp_loss":0,"event_name":"WeMeetAgain","floor":47,"gold_loss":0}],"is_beta":false,"boss_relics":[{"not_picked":["White Beast Statue","Snecko Eye"],"picked":"Sozu"},{"not_picked":["Pandora\u0027s Box","Coffee Dripper"],"picked":"Lizard Tail"}],"items_purged_floors":[19,46],"is_endless":false,"potions_floor_spawned":[7,10,12,14,18,23,27,31,39,41],"ascension_level":11}