{"gold_per_floor":[116,6,21,21,35,63,121,147,173,205,205,205,23,98,98,193,193,207,207,207,207,231,231,266,55,55,86,86,1,40,56,86,86],"floor_reached":33,"playtime":1392,"items_purged":[],"score":634,"play_id":"311ab540-ca75-4480-9ebf-754e16851b32","local_time":"20190210193611","is_ascension_mode":true,"campfire_choices":[{"floor":11,"key":"REST"},{"floor":15,"key":"REST"},{"data":"Infernal Blade","floor":23,"key":"SMITH"},{"floor":32,"key":"DIG"}],"neow_cost":"NONE","seed_source_timestamp":346257058167600,"circlet_count":0,"master_deck":["AscendersBane","Strike_R+1","Strike_R+1","Strike_R+1","Strike_R+1","Strike_R+1","Defend_R+1","Defend_R+1","Defend_R+1","Defend_R+1","Bash","Shrug It Off","Infernal Blade+1","Pommel Strike","Shockwave","Metallicize","Metallicize","Clothesline","Clothesline","Discovery","Battle Trance","Impervious","Headbutt","RitualDagger","Seeing Red+1","Shrug It Off","Armaments","Offering","Havoc","Iron Wave"],"relics":["Black Blood","NeowsBlessing","Bag of Marbles","PreservedInsect","Bottled Flame","Bottled Lightning","Oddly Smooth Stone","Mercury Hourglass","Golden Idol","MutagenicStrength","Orichalcum","Bag of Preparation","Thread and Needle","Meat on the Bone","Shovel","Peace Pipe","Tiny Chest"],"potions_floor_usage":[10],"damage_taken":[{"damage":0,"enemies":"Cultist","floor":1,"turns":1},{"damage":0,"enemies":"Small Slimes","floor":3,"turns":1},{"damage":0,"enemies":"2 Louse","floor":5,"turns":1},{"damage":36,"enemies":"Gremlin Nob","floor":6,"turns":4},{"damage":12,"enemies":"3 Sentries","floor":7,"turns":7},{"damage":19,"enemies":"Lagavulin","floor":8,"turns":8},{"damage":9,"enemies":"3 Sentries","floor":10,"turns":5},{"damage":16,"enemies":"Slime Boss","floor":16,"turns":8},{"damage":12,"enemies":"Chosen","floor":18,"turns":4},{"damage":21,"enemies":"Spheric Guardian","floor":22,"turns":6},{"damage":18,"enemies":"Gremlin Leader","floor":24,"turns":8},{"damage":2,"enemies":"Book of Stabbing","floor":27,"turns":3},{"damage":13,"enemies":"Gremlin Leader","floor":30,"turns":6},{"damage":6,"enemies":"3 Cultists","floor":31,"turns":4},{"damage":86,"enemies":"Automaton","floor":33,"turns":12}],"seed_played":"6502303394634245760","potions_obtained":[{"floor":7,"key":"Swift Potion"},{"floor":8,"key":"Poison Potion"},{"floor":10,"key":"Swift Potion"},{"floor":30,"key":"SteroidPotion"}],"is_trial":false,"path_per_floor":["M","$","M","?","M","E","?","E","T","E","R","?","$","?","R","B",null,"M","?","?","?","M","R","E","$","T","E","?","?","E","M","R","B"],"character_chosen":"IRONCLAD","items_purchased":["Infernal Blade","Pommel Strike","Discovery","Battle Trance","Bag of Preparation","Armaments"],"campfire_rested":2,"item_purchase_floors":[2,2,13,13,25,25],"current_hp_per_floor":[74,74,75,57,63,33,27,14,14,11,33,33,33,22,42,32,59,57,57,51,51,40,40,32,32,32,40,40,40,49,53,53,0],"gold":86,"neow_bonus":"THREE_ENEMY_KILL","is_prod":false,"is_daily":false,"chose_seed":false,"campfire_upgraded":1,"win_rate":0,"timestamp":1549823771,"path_taken":["M","$","?","?","M","E","?","E","T","E","R","?","$","?","R","BOSS","M","?","?","?","M","R","E","$","T","E","?","?","E","M","R","BOSS"],"build_version":"2019-01-23","purchased_purges":0,"victory":false,"max_hp_per_floor":[75,75,75,75,75,75,75,75,75,75,75,68,68,68,68,68,68,68,68,68,68,68,68,68,68,68,68,68,68,68,68,68,68],"card_choices":[{"not_picked":["Havoc","True Grit"],"picked":"Shrug It Off","floor":1},{"not_picked":["Bloodletting","Entrench","Flex"],"picked":"SKIP","floor":3},{"not_picked":["Blood for Blood","Shrug It Off"],"picked":"Shockwave","floor":5},{"not_picked":["Corruption","Anger"],"picked":"Metallicize","floor":6},{"not_picked":["Fire Breathing","Blood for Blood"],"picked":"Metallicize","floor":7},{"not_picked":["Sentinel","Clash"],"picked":"Clothesline","floor":8},{"not_picked":["Twin Strike","Dark Embrace"],"picked":"Clothesline","floor":10},{"not_picked":["Limit Break","Dark Embrace"],"picked":"Impervious","floor":16},{"not_picked":["Heavy Blade","Pommel Strike"],"picked":"Headbutt","floor":18},{"not_picked":["Shockwave","Headbutt"],"picked":"Seeing Red+1","floor":22},{"not_picked":["Spot Weakness","Ghostly Armor"],"picked":"Shrug It Off","floor":24},{"not_picked":["Hemokinesis","Wild Strike"],"picked":"Offering","floor":27},{"not_picked":["Armaments","Battle Trance"],"picked":"Havoc","floor":30},{"not_picked":["Bloodletting","Second Wind"],"picked":"Iron Wave","floor":31}],"player_experience":352290,"relics_obtained":[{"floor":6,"key":"PreservedInsect"},{"floor":7,"key":"Bottled Flame"},{"floor":8,"key":"Bottled Lightning"},{"floor":9,"key":"Oddly Smooth Stone"},{"floor":10,"key":"Mercury Hourglass"},{"floor":24,"key":"Orichalcum"},{"floor":26,"key":"Thread and Needle"},{"floor":27,"key":"Meat on the Bone"},{"floor":30,"key":"Peace Pipe"},{"floor":32,"key":"Tiny Chest"}],"event_choices":[{"damage_healed":0,"gold_gain":0,"player_choice":"Success","damage_taken":18,"relics_obtained":["Bag of Marbles"],"max_hp_gain":0,"max_hp_loss":0,"event_name":"Scrap Ooze","floor":4,"gold_loss":0},{"damage_healed":0,"gold_gain":0,"player_choice":"Searched \u00271\u0027 times","damage_taken":0,"max_hp_gain":0,"max_hp_loss":0,"event_name":"Dead Adventurer","floor":7,"gold_loss":0},{"damage_healed":0,"gold_gain":0,"player_choice":"Lose Max HP","damage_taken":0,"relics_obtained":["Golden Idol"],"max_hp_gain":0,"max_hp_loss":7,"event_name":"Golden Idol","floor":12,"gold_loss":0},{"damage_healed":0,"gold_gain":75,"player_choice":"Gather Gold","damage_taken":11,"max_hp_gain":0,"max_hp_loss":0,"event_name":"World of Goop","floor":14,"gold_loss":0},{"damage_healed":0,"gold_gain":0,"player_choice":"Inject Mutagens","damage_taken":0,"relics_obtained":["MutagenicStrength"],"max_hp_gain":0,"max_hp_loss":0,"event_name":"Drug Dealer","floor":19,"gold_loss":0},{"damage_healed":0,"gold_gain":0,"player_choice":"Joined the Cult","damage_taken":6,"max_hp_gain":0,"max_hp_loss":0,"event_name":"Nest","floor":20,"gold_loss":0,"cards_obtained":["RitualDagger"]},{"damage_healed":0,"gold_gain":0,"player_choice":"Simplicity","damage_taken":0,"max_hp_gain":0,"max_hp_loss":0,"event_name":"Back to Basics","floor":21,"gold_loss":0,"cards_upgraded":["Strike_R","Strike_R","Strike_R","Strike_R","Strike_R","Defend_R","Defend_R","Defend_R","Defend_R"]},{"damage_healed":0,"gold_gain":0,"player_choice":"Ignored","damage_taken":0,"max_hp_gain":0,"max_hp_loss":0,"event_name":"Beggar","floor":28,"gold_loss":0},{"damage_healed":0,"gold_gain":0,"player_choice":"Obtained Relic","damage_taken":0,"relics_obtained":["Shovel"],"max_hp_gain":0,"max_hp_loss":0,"event_name":"Addict","floor":29,"gold_loss":85}],"is_beta":false,"boss_relics":[{"not_picked":["Astrolabe","Lizard Tail"],"picked":"Black Blood"}],"items_purged_floors":[],"is_endless":false,"potions_floor_spawned":[7,8,10,16,18,30],"killed_by":"Automaton","ascension_level":20}