{"path_per_floor":["M","M","?","$","M","E","M","R","T","R","M","?","E","M","R","B",null,"M"],"character_chosen":"THE_SILENT","items_purchased":["Noxious Fumes"],"gold_per_floor":[119,138,138,63,77,111,124,124,124,124,138,138,173,183,183,284,284,294],"floor_reached":19,"campfire_rested":2,"playtime":1309,"current_hp_per_floor":[70,68,54,54,53,34,29,50,50,50,39,62,32,25,61,32,70,5],"items_purged":[],"gold":294,"play_id":"01124b98-6e4e-48fe-b1dd-ec53f86694d2","is_prod":false,"is_daily":false,"campfire_rituals":0,"campfire_upgraded":1,"is_hardmode":false,"path_taken":["M","M","?","$","M","E","M","R","T","R","M","?","E","M","R","BOSS","M","?"],"build_version":"2018-01-11-PROD1","purchased_purges":0,"victory":false,"master_deck":["Defend_G","Defend_G","Defend_G","Strike_G","Strike_G","Strike_G","Strike_G","Survivor","Neutralize","Terror","Noxious Fumes","Noxious Fumes","Dodge and Roll","Deadly Poison","Quick Slash","Sucker Punch","Distraction","Dagger Throw","Night Terror","Dash","Quick Slash","Blur","Dash"],"max_hp_per_floor":[70,70,70,70,70,70,70,70,70,70,70,70,70,70,70,70,70,70],"relics":["Ring of the Snake","Bag of Preparation","Ninja Scroll","Ancient Tea Set","Regal Pillow","Astrolabe"],"campfire_meditates":0,"card_choices":[{"not_picked":["Heel Hook","Outmaneuver"],"picked":"Terror"},{"not_picked":["Skewer","Quick Slash"],"picked":"Noxious Fumes"},{"not_picked":["PiercingWail","Blur"],"picked":"Dodge and Roll"},{"not_picked":["PiercingWail","Dodge and Roll"],"picked":"Deadly Poison"},{"not_picked":["Adrenaline","Acrobatics"],"picked":"Quick Slash"},{"not_picked":["Infinite Blades","Quick Slash"],"picked":"Sucker Punch"},{"not_picked":["Outmaneuver","Slice"],"picked":"Distraction"},{"not_picked":["Eviscerate","Malaise"],"picked":"Dagger Throw"},{"not_picked":["Venomology","Tools of the Trade"],"picked":"Night Terror"},{"not_picked":["Blade Dance","Deadly Poison"],"picked":"Dash"}],"player_experience":12356,"potions_floor_usage":[19,19],"damage_taken":[{"damage":0,"enemies":"Cultist","floor":1,"turns":5},{"damage":2,"enemies":"2 Louse","floor":2,"turns":3},{"damage":1,"enemies":"Small Slimes","floor":5,"turns":3},{"damage":19,"enemies":"Lagavulin","floor":6,"turns":8},{"damage":5,"enemies":"Looter","floor":7,"turns":3},{"damage":11,"enemies":"Large Slime","floor":11,"turns":4},{"damage":30,"enemies":"3 Sentries","floor":13,"turns":6},{"damage":7,"enemies":"Gremlin Gang","floor":14,"turns":4},{"damage":29,"enemies":"Hexaghost","floor":16,"turns":8},{"damage":65,"enemies":"2 Thieves","floor":18,"turns":5},{"damage":11,"enemies":"Spheric Guardian","floor":19,"turns":3}],"event_choices":[{"event_name":"Shining Light","player_choice":"Entered Light","floor":3,"damage_taken":0},{"event_name":"Big Fish","player_choice":"Banana","floor":12,"damage_taken":0}],"boss_relics":[{"not_picked":["Calling Bell","Eternal Feather"],"picked":"Astrolabe"}],"potions_floor_spawned":[1,5,7,11,14,18],"seed_played":"6764961969744046784","killed_by":"Spheric Guardian","is_trial":false}