{"gold_per_floor":[109,109,109,127,142,174,189,189,235,266,266,283,248,90,90,167,167,186,201,218,237,152,152],"floor_reached":23,"playtime":658,"items_purged":[],"score":506,"play_id":"718b1928-91ab-42e4-b9a8-238da320499b","local_time":"20190211014132","is_ascension_mode":true,"campfire_choices":[{"floor":8,"key":"REST"},{"data":"Armaments","floor":11,"key":"SMITH"},{"data":"Perfected Strike","floor":15,"key":"SMITH"}],"neow_cost":"TEN_PERCENT_HP_LOSS","seed_source_timestamp":0,"circlet_count":0,"master_deck":["AscendersBane","Strike_R","Strike_R","Strike_R","Strike_R+1","Strike_R","Defend_R","Bash+1","Headbutt","Perfected Strike+1","Havoc","Disarm","Armaments+1","Perfected Strike+1","Impervious","Rage","Shrug It Off"],"special_seed":0,"relics":["Burning Blood","Bottled Lightning","Whetstone","Ancient Tea Set","PreservedInsect","Philosopher\u0027s Stone","Shuriken"],"potions_floor_usage":[7,10,21,23,23],"damage_taken":[{"damage":2,"enemies":"2 Louse","floor":1,"turns":3},{"damage":7,"enemies":"Jaw Worm","floor":4,"turns":3},{"damage":1,"enemies":"Cultist","floor":5,"turns":3},{"damage":40,"enemies":"Lagavulin","floor":6,"turns":5},{"damage":28,"enemies":"Large Slime","floor":7,"turns":5},{"damage":6,"enemies":"Gremlin Nob","floor":10,"turns":3},{"damage":13,"enemies":"2 Fungi Beasts","floor":12,"turns":3},{"damage":0,"enemies":"Slime Boss","floor":16,"turns":4},{"damage":12,"enemies":"Spheric Guardian","floor":18,"turns":3},{"damage":20,"enemies":"Shell Parasite","floor":19,"turns":3},{"damage":25,"enemies":"Centurion and Healer","floor":20,"turns":5},{"damage":12,"enemies":"Snecko","floor":21,"turns":4},{"damage":24,"enemies":"Slavers","floor":23,"turns":2}],"seed_played":"-4473725294580855510","potions_obtained":[{"floor":4,"key":"Swift Potion"},{"floor":5,"key":"PowerPotion"},{"floor":12,"key":"EssenceOfSteel"},{"floor":20,"key":"Energy Potion"},{"floor":21,"key":"Block Potion"}],"is_trial":false,"path_per_floor":["M","?","?","M","M","E","M","R","T","E","R","M","?","$","R","B",null,"M","M","M","M","?","E"],"character_chosen":"IRONCLAD","items_purchased":["PreservedInsect"],"campfire_rested":1,"item_purchase_floors":[14],"current_hp_per_floor":[68,61,61,60,65,31,9,29,29,29,29,22,39,39,39,45,62,56,42,23,17,17,0],"gold":152,"neow_bonus":"REMOVE_TWO","is_prod":false,"is_daily":false,"chose_seed":false,"campfire_upgraded":2,"win_rate":0,"timestamp":1549845692,"path_taken":["M","?","?","?","M","E","M","R","T","E","R","M","?","$","R","BOSS","M","M","M","M","?","E"],"build_version":"2019-01-23","purchased_purges":0,"victory":false,"max_hp_per_floor":[68,68,68,68,68,68,68,68,68,68,68,68,68,68,68,68,68,68,68,68,68,68,68],"card_choices":[{"not_picked":["Seeing Red","Twin Strike"],"picked":"Headbutt","floor":1},{"not_picked":["Iron Wave","Flex"],"picked":"Perfected Strike","floor":4},{"not_picked":["Thunderclap","Anger"],"picked":"Havoc","floor":5},{"not_picked":["Intimidate","Brutality"],"picked":"Disarm","floor":6},{"not_picked":["Wild Strike","Headbutt"],"picked":"Armaments","floor":7},{"not_picked":["Combust","Sever Soul","Thunderclap"],"picked":"SKIP","floor":10},{"not_picked":["Armaments","Flex"],"picked":"Perfected Strike","floor":12},{"not_picked":["Dark Embrace","Limit Break"],"picked":"Impervious","floor":16},{"not_picked":["Inflame+1","Entrench"],"picked":"Rage","floor":18},{"not_picked":["Iron Wave+1","Sever Soul","Heavy Blade+1"],"picked":"SKIP","floor":19},{"not_picked":["Fire Breathing+1","Reckless Charge+1"],"picked":"Shrug It Off","floor":20},{"not_picked":["Flex+1","Blood for Blood","Flame Barrier"],"picked":"SKIP","floor":21}],"player_experience":358714,"relics_obtained":[{"floor":6,"key":"Bottled Lightning"},{"floor":9,"key":"Whetstone"},{"floor":10,"key":"Ancient Tea Set"}],"event_choices":[{"cards_removed":["Defend_R"],"damage_healed":0,"gold_gain":0,"player_choice":"Card Removal","damage_taken":7,"max_hp_gain":0,"max_hp_loss":0,"event_name":"Golden Wing","floor":2,"gold_loss":0},{"damage_healed":0,"gold_gain":0,"player_choice":"Forge","damage_taken":0,"max_hp_gain":0,"max_hp_loss":0,"event_name":"Accursed Blacksmith","floor":3,"gold_loss":0,"cards_upgraded":["Bash"]},{"damage_healed":17,"gold_gain":0,"player_choice":"Healed","damage_taken":0,"max_hp_gain":0,"max_hp_loss":0,"event_name":"The Cleric","floor":13,"gold_loss":35},{"damage_healed":0,"gold_gain":0,"player_choice":"Obtained Relic","damage_taken":0,"relics_obtained":["Shuriken"],"max_hp_gain":0,"max_hp_loss":0,"event_name":"Addict","floor":22,"gold_loss":85}],"is_beta":false,"boss_relics":[{"not_picked":["Mark of Pain","Fusion Hammer"],"picked":"Philosopher\u0027s Stone"}],"items_purged_floors":[],"is_endless":false,"potions_floor_spawned":[4,5,12,20,21],"killed_by":"Slavers","ascension_level":20}