{"gold_per_floor":[115,132,143,161,110,144,144,169,192,192,91,107,72,72,72,172,172,187,203,218,229,48,80,80,29,29,29,6,24,52,0,0,0],"floor_reached":33,"playtime":1025,"items_purged":[],"score":335,"play_id":"03514ec7-f6b1-4c7c-995f-747f23eb41bb","local_time":"20190220040624","is_ascension_mode":true,"campfire_choices":[{"data":"Bash","floor":7,"key":"SMITH"},{"data":"Pommel Strike","floor":10,"key":"SMITH"},{"data":"Perfected Strike","floor":15,"key":"SMITH"},{"floor":24,"key":"REST"},{"data":"Perfected Strike","floor":27,"key":"SMITH"},{"data":"Perfected Strike","floor":32,"key":"SMITH"}],"neow_cost":"NONE","seed_source_timestamp":574743344918400,"circlet_count":0,"master_deck":["Strike_R","Strike_R","Strike_R","Strike_R","Strike_R","Defend_R","Defend_R","Defend_R","Defend_R","Bash+1","Iron Wave","Clothesline","Cleave","Headbutt","Twin Strike","Pommel Strike+1","Pommel Strike","Perfected Strike+1","Anger+1","Clothesline","Perfected Strike+1","Clothesline+1","Pommel Strike","Wild Strike","Twin Strike","Clash","Perfected Strike+1","Pommel Strike"],"relics":["Burning Blood","Turnip","Smiling Mask","Potion Belt","White Beast Statue","Happy Flower","Anchor","Oddly Smooth Stone","Nunchaku","Matryoshka"],"potions_floor_usage":[6,6,16,18,20,21,21,23,30,30,30,33],"damage_taken":[{"damage":10,"enemies":"Jaw Worm","floor":1,"turns":4},{"damage":3,"enemies":"2 Louse","floor":2,"turns":3},{"damage":0,"enemies":"Cultist","floor":3,"turns":3},{"damage":14,"enemies":"Lots of Slimes","floor":4,"turns":6},{"damage":18,"enemies":"3 Sentries","floor":6,"turns":5},{"damage":30,"enemies":"Lagavulin","floor":8,"turns":6},{"damage":22,"enemies":"Exordium Wildlife","floor":12,"turns":5},{"damage":49,"enemies":"The Guardian","floor":16,"turns":8},{"damage":24,"enemies":"Shell Parasite","floor":18,"turns":4},{"damage":25,"enemies":"2 Thieves","floor":19,"turns":4},{"damage":17,"enemies":"Cultist and Chosen","floor":20,"turns":4},{"damage":21,"enemies":"Snake Plant","floor":21,"turns":2},{"damage":33,"enemies":"Book of Stabbing","floor":23,"turns":3},{"damage":4,"enemies":"Centurion and Healer","floor":29,"turns":3},{"damage":8,"enemies":"Slavers","floor":30,"turns":3},{"damage":39,"enemies":"Collector","floor":33,"turns":3}],"seed_played":"3365705474529439763","potions_obtained":[{"floor":2,"key":"Explosive Potion"},{"floor":4,"key":"SteroidPotion"},{"floor":12,"key":"Explosive Potion"},{"floor":16,"key":"AttackPotion"},{"floor":18,"key":"Regen Potion"},{"floor":19,"key":"Fire Potion"},{"floor":20,"key":"Explosive Potion"},{"floor":21,"key":"Strength Potion"},{"floor":23,"key":"SteroidPotion"},{"floor":29,"key":"Explosive Potion"},{"floor":30,"key":"PowerPotion"}],"is_trial":false,"path_per_floor":["M","M","M","M","$","E","R","E","T","R","$","M","?","$","R","B",null,"M","M","M","M","$","E","R","?","T","R","$","M","E","$","R","B"],"character_chosen":"IRONCLAD","items_purchased":["Headbutt","Pommel Strike","SteroidPotion","Pommel Strike","Happy Flower","Twin Strike","Pommel Strike"],"campfire_rested":1,"item_purchase_floors":[5,11,11,22,22,28,31],"current_hp_per_floor":[84,87,88,80,80,68,68,44,44,44,44,28,50,50,50,7,88,70,51,52,37,37,10,36,36,36,36,36,38,36,36,36,0],"gold":0,"neow_bonus":"TEN_PERCENT_HP_BONUS","is_prod":false,"is_daily":false,"chose_seed":false,"campfire_upgraded":5,"win_rate":0,"timestamp":1550631984,"path_taken":["M","M","M","M","$","E","R","E","T","R","$","M","?","$","R","BOSS","M","M","M","M","$","E","R","?","T","R","$","?","E","?","R","BOSS"],"build_version":"2019-01-23","purchased_purges":0,"victory":false,"max_hp_per_floor":[88,88,88,88,88,88,88,88,88,88,88,88,88,88,88,88,88,88,88,88,88,88,88,88,88,88,88,88,88,88,88,88,88],"card_choices":[{"not_picked":["Warcry","Power Through"],"picked":"Iron Wave","floor":1},{"not_picked":["Body Slam","Inflame"],"picked":"Clothesline","floor":2},{"not_picked":["Flex","Uppercut","Warcry"],"picked":"SKIP","floor":3},{"not_picked":["Second Wind","Juggernaut"],"picked":"Cleave","floor":4},{"not_picked":["Flame Barrier","Heavy Blade"],"picked":"Twin Strike","floor":6},{"not_picked":["Wild Strike","Whirlwind"],"picked":"Pommel Strike","floor":8},{"not_picked":["Body Slam","Pommel Strike"],"picked":"Perfected Strike","floor":12},{"not_picked":["Whirlwind","Shrug It Off"],"picked":"Anger+1","floor":18},{"not_picked":["Uppercut+1","Flex"],"picked":"Clothesline","floor":19},{"not_picked":["Armaments","Rage+1"],"picked":"Perfected Strike","floor":20},{"not_picked":["Body Slam","Fire Breathing"],"picked":"Clothesline+1","floor":21},{"not_picked":["Searing Blow","Bludgeon"],"picked":"Wild Strike","floor":23},{"not_picked":["Headbutt","Ghostly Armor"],"picked":"Clash","floor":29},{"not_picked":["Dark Embrace","Wild Strike"],"picked":"Perfected Strike","floor":30}],"player_experience":521678,"relics_obtained":[{"floor":6,"key":"Turnip"},{"floor":8,"key":"Smiling Mask"},{"floor":9,"key":"Potion Belt"},{"floor":23,"key":"Anchor"},{"floor":26,"key":"Nunchaku"},{"floor":30,"key":"Matryoshka"}],"event_choices":[{"damage_healed":22,"gold_gain":0,"player_choice":"Healed","damage_taken":0,"max_hp_gain":0,"max_hp_loss":0,"event_name":"The Cleric","floor":13,"gold_loss":35},{"damage_healed":0,"gold_gain":0,"player_choice":"Paid Gold","damage_taken":0,"relics_obtained":["Oddly Smooth Stone"],"max_hp_gain":0,"max_hp_loss":0,"event_name":"WeMeetAgain","floor":25,"gold_loss":51}],"is_beta":false,"boss_relics":[{"not_picked":["Runic Cube","Eternal Feather"],"picked":"White Beast Statue"}],"items_purged_floors":[],"is_endless":false,"potions_floor_spawned":[2,4,12,16,18,19,20,21,23,29,30],"killed_by":"Collector","ascension_level":1}