{"gold_per_floor":[119,119,194,38,38,38,56,56,56,88,38,38,48,48,48,146,146,162,2,2,19,19,19,31,31,58,85,85,103,114,1,1,105,105,117,117,132,132,0,0,0],"floor_reached":41,"playtime":1722,"items_purged":[],"score":545,"play_id":"5f02c74f-803a-429a-9c6d-6e2981d26b25","local_time":"20190216021842","is_ascension_mode":true,"campfire_choices":[{"data":"Skewer","floor":6,"key":"SMITH"},{"data":"Neutralize","floor":8,"key":"SMITH"},{"floor":12,"key":"REST"},{"data":"Distraction","floor":15,"key":"SMITH"},{"data":"Noxious Fumes","floor":23,"key":"SMITH"},{"data":"Burst","floor":25,"key":"SMITH"},{"data":"Well Laid Plans","floor":32,"key":"SMITH"},{"data":"Catalyst","floor":40,"key":"SMITH"}],"neow_cost":"NONE","seed_source_timestamp":221975081676000,"circlet_count":0,"master_deck":["Defend_G","Defend_G","Defend_G","Defend_G","Defend_G+1","Strike_G","Strike_G","Strike_G","Survivor+1","Neutralize+1","Skewer+1","Escape Plan","Distraction+1","Noxious Fumes+1","Footwork+1","Burst+1","Catalyst+1","Footwork","Well Laid Plans+1","Footwork","Night Terror","Good Instincts","Discovery"],"relics":["Ring of the Snake","Omamori","Blue Candle","The Courier","Philosopher\u0027s Stone","OrangePellets","Singing Bowl","Bag of Marbles","PreservedInsect","Busted Crown","Red Mask"],"potions_floor_usage":[16,33,41,41,41],"damage_taken":[{"damage":0,"enemies":"2 Louse","floor":1,"turns":3},{"damage":4,"enemies":"Small Slimes","floor":7,"turns":4},{"damage":20,"enemies":"3 Sentries","floor":10,"turns":10},{"damage":0,"enemies":"Jaw Worm","floor":13,"turns":6},{"damage":15,"enemies":"The Guardian","floor":16,"turns":8},{"damage":35,"enemies":"3 Byrds","floor":18,"turns":6},{"damage":1,"enemies":"Spheric Guardian","floor":21,"turns":3},{"damage":9,"enemies":"Chosen and Byrds","floor":24,"turns":6},{"damage":0,"enemies":"Cultist and Chosen","floor":29,"turns":7},{"damage":0,"enemies":"Snake Plant","floor":30,"turns":5},{"damage":9,"enemies":"Collector","floor":33,"turns":9},{"damage":11,"enemies":"3 Darklings","floor":35,"turns":5},{"damage":5,"enemies":"Orb Walker","floor":37,"turns":7},{"damage":73,"enemies":"Reptomancer","floor":41,"turns":2}],"seed_played":"-7941114876139581014","potions_obtained":[{"floor":7,"key":"SteroidPotion"},{"floor":10,"key":"Explosive Potion"},{"floor":16,"key":"EssenceOfSteel"},{"floor":33,"key":"SneckoOil"},{"floor":35,"key":"EssenceOfSteel"}],"is_trial":false,"path_per_floor":["M","?","?","$","?","R","M","R","T","E","?","R","M","$","R","B",null,"M","$","?","M","?","R","M","R","T","T","?","M","M","$","R","B",null,"M","?","M","?","?","R","E"],"character_chosen":"THE_SILENT","items_purchased":["Omamori","OrangePellets","Well Laid Plans","Footwork"],"campfire_rested":1,"item_purchase_floors":[4,19,31,31],"current_hp_per_floor":[70,55,44,44,37,37,33,33,33,13,13,36,36,36,36,21,63,28,28,87,86,86,86,77,77,77,77,77,77,77,77,77,68,82,73,73,70,62,62,62,0],"gold":0,"neow_bonus":"TEN_PERCENT_HP_BONUS","is_prod":false,"is_daily":false,"chose_seed":false,"campfire_upgraded":7,"win_rate":0,"timestamp":1550279922,"path_taken":["M","?","?","$","?","R","M","R","T","E","?","R","M","?","R","BOSS","M","$","?","?","?","R","M","R","T","?","?","M","M","?","R","BOSS","M","?","M","?","?","R","E"],"build_version":"2019-01-23","purchased_purges":0,"victory":false,"max_hp_per_floor":[77,77,77,77,77,77,77,77,77,77,77,77,77,77,77,77,77,77,77,87,87,87,87,87,87,87,87,87,87,87,87,87,87,87,89,85,87,89,89,89,89],"card_choices":[{"not_picked":["Dodge and Roll","Blade Dance"],"picked":"Skewer","floor":1},{"not_picked":["Finisher","Dodge and Roll"],"picked":"Escape Plan","floor":7},{"not_picked":["Dagger Spray","Bane"],"picked":"Distraction","floor":10},{"not_picked":["Bane","Blade Dance","Choke"],"picked":"SKIP","floor":13},{"not_picked":["Envenom","Tools of the Trade"],"picked":"Night Terror","floor":16},{"not_picked":["Dagger Throw","Tactician+1"],"picked":"Noxious Fumes","floor":18},{"not_picked":["Poisoned Stab+1","Slice"],"picked":"Footwork+1","floor":21},{"not_picked":["Flying Knee","Dagger Spray+1"],"picked":"Burst","floor":24},{"not_picked":["Prepared","Deadly Poison"],"picked":"Catalyst","floor":29},{"not_picked":["Underhanded Strike","Slice"],"picked":"Footwork","floor":30},{"not_picked":["Glass Knife","Unload"],"picked":"Night Terror","floor":33},{"not_picked":["Infinite Blades"],"picked":"Singing Bowl","floor":35},{"not_picked":["Prepared+1"],"picked":"Singing Bowl","floor":37},{"not_picked":[],"picked":"Good Instincts","floor":38},{"not_picked":[],"picked":"Discovery","floor":38},{"not_picked":["Forethought"],"picked":"Singing Bowl","floor":38}],"player_experience":426495,"relics_obtained":[{"floor":9,"key":"Blue Candle"},{"floor":10,"key":"The Courier"},{"floor":26,"key":"Bag of Marbles"},{"floor":27,"key":"PreservedInsect"}],"event_choices":[{"damage_healed":0,"gold_gain":0,"player_choice":"Entered Light","damage_taken":15,"max_hp_gain":0,"max_hp_loss":0,"event_name":"Shining Light","floor":2,"gold_loss":0,"cards_upgraded":["Survivor","Defend_G"]},{"damage_healed":0,"gold_gain":75,"player_choice":"Gather Gold","damage_taken":11,"max_hp_gain":0,"max_hp_loss":0,"event_name":"World of Goop","floor":3,"gold_loss":0},{"cards_removed":["Strike_G"],"damage_healed":0,"gold_gain":0,"player_choice":"Card Removal","damage_taken":7,"max_hp_gain":0,"max_hp_loss":0,"event_name":"Golden Wing","floor":5,"gold_loss":0},{"cards_removed":["Strike_G"],"damage_healed":0,"gold_gain":0,"player_choice":"Card Removal","damage_taken":0,"max_hp_gain":0,"max_hp_loss":0,"event_name":"The Cleric","floor":11,"gold_loss":50},{"cards_removed":["Night Terror"],"damage_healed":49,"gold_gain":0,"player_choice":"Offered Rare","damage_taken":0,"max_hp_gain":10,"max_hp_loss":0,"event_name":"Bonfire Elementals","floor":20,"gold_loss":0},{"damage_healed":0,"gold_gain":0,"player_choice":"Opened","damage_taken":0,"relics_obtained":["Singing Bowl"],"max_hp_gain":0,"max_hp_loss":0,"event_name":"The Mausoleum","floor":22,"gold_loss":0,"cards_obtained":["Writhe"]},{"damage_healed":0,"gold_gain":0,"player_choice":"Ignored","damage_taken":0,"max_hp_gain":0,"max_hp_loss":0,"event_name":"Vampires","floor":28,"gold_loss":0},{"damage_healed":0,"gold_gain":0,"player_choice":"Max HP","damage_taken":0,"max_hp_gain":0,"max_hp_loss":4,"event_name":"Winding Halls","floor":36,"gold_loss":0},{"damage_healed":0,"gold_gain":0,"player_choice":"Memory 3","damage_taken":10,"max_hp_gain":0,"max_hp_loss":0,"event_name":"SensoryStone","floor":38,"gold_loss":0},{"damage_healed":0,"gold_gain":0,"player_choice":"Paid","damage_taken":0,"relics_obtained":["Red Mask"],"max_hp_gain":0,"max_hp_loss":0,"event_name":"Tomb of Lord Red Mask","floor":39,"gold_loss":132}],"is_beta":false,"boss_relics":[{"not_picked":["Velvet Choker","Coffee Dripper"],"picked":"Philosopher\u0027s Stone"},{"not_picked":["Cursed Key","HoveringKite"],"picked":"Busted Crown"}],"items_purged_floors":[],"is_endless":false,"potions_floor_spawned":[7,10,16,33,35],"killed_by":"Reptomancer","ascension_level":7}