{"gold_per_floor":[364,140,140,160,178,178,194,194,194,209,272,289,127,153,153,231,281,297,297,307,149,174,194,194,128,178,208,208,11,28,41,41,41],"floor_reached":33,"playtime":1036,"items_purged":[],"score":498,"play_id":"693c9cf0-e2d9-48a4-872f-a7a3c826dc1f","local_time":"20190203154341","is_ascension_mode":true,"campfire_choices":[{"data":"Perfected Strike","floor":6,"key":"SMITH"},{"floor":15,"key":"REST"},{"data":"Perfected Strike","floor":28,"key":"SMITH"},{"data":"Perfected Strike","floor":32,"key":"SMITH"}],"neow_cost":"PERCENT_DAMAGE","seed_source_timestamp":510852680707500,"circlet_count":0,"master_deck":["AscendersBane","Strike_R","Strike_R","Strike_R","Strike_R","Strike_R","Defend_R+1","Defend_R","Defend_R","Defend_R+1","Bash","Perfected Strike+1","Anger","Clash","Iron Wave","Infernal Blade","Perfected Strike+1","Wild Strike","Perfected Strike+1","Bludgeon+1","Infernal Blade","Pommel Strike","Pommel Strike","HandOfGreed","Wild Strike","Double Tap","Twin Strike","Twin Strike","Violence","Feed","Perfected Strike"],"relics":["Burning Blood","Membership Card","StoneCalendar","Pear","Bottled Flame","Gremlin Horn","Pantograph","Tiny House","Tiny Chest","Red Skull","Potion Belt","Smiling Mask","ClockworkSouvenir"],"potions_floor_usage":[11,14,16,33,33],"damage_taken":[{"damage":12,"enemies":"Cultist","floor":1,"turns":4},{"damage":0,"enemies":"2 Louse","floor":4,"turns":2},{"damage":10,"enemies":"Small Slimes","floor":5,"turns":3},{"damage":1,"enemies":"Exordium Wildlife","floor":7,"turns":3},{"damage":0,"enemies":"Blue Slaver","floor":10,"turns":3},{"damage":26,"enemies":"Lagavulin Event","floor":11,"turns":5},{"damage":0,"enemies":"2 Fungi Beasts","floor":12,"turns":2},{"damage":27,"enemies":"Lagavulin","floor":14,"turns":5},{"damage":8,"enemies":"Slime Boss","floor":16,"turns":6},{"damage":9,"enemies":"2 Thieves","floor":18,"turns":3},{"damage":36,"enemies":"3 Byrds","floor":20,"turns":6},{"damage":24,"enemies":"Snake Plant","floor":23,"turns":2},{"damage":6,"enemies":"Sentry and Sphere","floor":27,"turns":3},{"damage":4,"enemies":"Cultist and Chosen","floor":30,"turns":3},{"damage":0,"enemies":"Centurion and Healer","floor":31,"turns":3},{"damage":83,"enemies":"Collector","floor":33,"turns":6}],"seed_played":"-7588203715387642666","potions_obtained":[{"floor":4,"key":"SkillPotion"},{"floor":5,"key":"SpeedPotion"},{"floor":10,"key":"AttackPotion"},{"floor":12,"key":"Fire Potion"},{"floor":14,"key":"Dexterity Potion"},{"floor":17,"key":"Weak Potion"},{"floor":18,"key":"SteroidPotion"},{"floor":30,"key":"AttackPotion"}],"is_trial":false,"path_per_floor":["M","$","T","M","M","R","M","?","T","M","?","M","$","E","R","B",null,"M","?","M","$","T","M","T","$","T","M","R","$","M","M","R","B"],"character_chosen":"IRONCLAD","items_purchased":["Membership Card","Wild Strike","Gremlin Horn","Tiny Chest","HandOfGreed","Double Tap","Twin Strike","ClockworkSouvenir","Violence"],"campfire_rested":1,"item_purchase_floors":[2,13,13,21,21,25,25,29,29],"current_hp_per_floor":[44,44,44,50,46,46,51,28,38,44,24,30,30,9,34,57,83,80,80,50,50,50,32,32,32,32,32,32,32,34,40,40,0],"gold":41,"neow_bonus":"TWO_FIFTY_GOLD","is_prod":false,"is_daily":false,"chose_seed":false,"campfire_upgraded":3,"win_rate":0,"timestamp":1549205021,"path_taken":["M","$","?","M","M","R","M","?","T","M","?","M","$","E","R","BOSS","M","?","M","$","?","M","?","$","T","?","R","$","M","M","R","BOSS"],"build_version":"2019-01-23","purchased_purges":0,"victory":false,"max_hp_per_floor":[75,75,75,75,75,75,75,75,85,85,85,85,85,85,85,85,90,90,90,90,90,90,90,90,90,90,90,90,90,90,90,90,90],"card_choices":[{"not_picked":["Warcry","Thunderclap"],"picked":"Perfected Strike","floor":1},{"not_picked":["Body Slam","Cleave"],"picked":"Anger","floor":4},{"not_picked":["Flex","Exhume"],"picked":"Clash","floor":5},{"not_picked":["Fire Breathing","Pummel"],"picked":"Iron Wave","floor":7},{"not_picked":["Twin Strike","Heavy Blade"],"picked":"Infernal Blade","floor":10},{"not_picked":["Clothesline","Armaments"],"picked":"Perfected Strike","floor":11},{"not_picked":["Body Slam","Inflame","Corruption"],"picked":"SKIP","floor":12},{"not_picked":["Blood for Blood","Body Slam"],"picked":"Perfected Strike","floor":14},{"not_picked":["Brutality","Dark Embrace"],"picked":"Bludgeon","floor":16},{"not_picked":["Armaments","Corruption"],"picked":"Infernal Blade","floor":17},{"not_picked":["Anger","Iron Wave"],"picked":"Pommel Strike","floor":18},{"not_picked":["Clothesline","Heavy Blade"],"picked":"Pommel Strike","floor":20},{"not_picked":["Armaments","Searing Blow"],"picked":"Wild Strike","floor":23},{"not_picked":["Cleave","Headbutt"],"picked":"Twin Strike","floor":27},{"not_picked":["Shockwave+1","Whirlwind"],"picked":"Feed","floor":30},{"not_picked":["Shrug It Off","Iron Wave"],"picked":"Perfected Strike","floor":31}],"player_experience":325231,"relics_obtained":[{"floor":3,"key":"StoneCalendar"},{"floor":9,"key":"Pear"},{"floor":11,"key":"Bottled Flame"},{"floor":14,"key":"Pantograph"},{"floor":22,"key":"Red Skull"},{"floor":24,"key":"Potion Belt"},{"floor":26,"key":"Smiling Mask"}],"event_choices":[{"damage_healed":0,"gold_gain":0,"player_choice":"Entered Light","damage_taken":23,"max_hp_gain":0,"max_hp_loss":0,"event_name":"Shining Light","floor":8,"gold_loss":0,"cards_upgraded":["Defend_R","Defend_R"]},{"damage_healed":0,"gold_gain":0,"player_choice":"Searched \u00271\u0027 times","damage_taken":0,"max_hp_gain":0,"max_hp_loss":0,"event_name":"Dead Adventurer","floor":11,"gold_loss":0},{"damage_healed":0,"gold_gain":0,"player_choice":"Ignored","damage_taken":0,"max_hp_gain":0,"max_hp_loss":0,"event_name":"Beggar","floor":19,"gold_loss":0}],"is_beta":false,"boss_relics":[{"not_picked":["Fusion Hammer","Runic Cube"],"picked":"Tiny House"}],"items_purged_floors":[],"is_endless":false,"potions_floor_spawned":[4,5,10,12,14,18,20,30],"killed_by":"Collector","ascension_level":18}