{"path_per_floor":["M","M","M","$","T","E","$","M","T","M","R","M","R","M","R"],"character_chosen":"IRONCLAD","items_purchased":["Feed"],"gold_per_floor":[117,132,142,67,147,174,33,47,47,58,58,75,75,90,90,90],"floor_reached":16,"campfire_rested":0,"playtime":662,"current_hp_per_floor":[72,51,56,56,56,44,44,42,42,51,51,31,31,39,39,0],"items_purged":["Injury"],"gold":90,"score":156,"play_id":"f23563c0-a729-41ef-807e-5d0bde909ec7","local_time":"20180521214829","is_prod":false,"is_daily":false,"chose_seed":false,"is_ascension_mode":true,"campfire_upgraded":0,"timestamp":1526932109,"campfire_choices":[{"data":"Defend_R","floor":11,"key":"PURGE"},{"data":"Strike_R","floor":13,"key":"PURGE"},{"data":"Defend_R","floor":15,"key":"PURGE"}],"path_taken":["M","M","?","$","?","E","$","M","T","?","R","M","R","M","R","BOSS"],"build_version":"2018-05-17","seed_source_timestamp":174477664937604,"purchased_purges":1,"victory":false,"master_deck":["Strike_R","Strike_R","Strike_R","Strike_R","Defend_R","Defend_R","Bash","AscendersBane","Intimidate","Feed","Fire Breathing+1","Metallicize+1"],"max_hp_per_floor":[80,80,80,80,80,80,80,80,80,83,83,83,83,86,86,86],"relics":["Burning Blood","Peace Pipe","Mummified Hand","Darkstone Periapt","Frozen Egg 2"],"card_choices":[{"not_picked":["Combust","Carnage","Clothesline"],"picked":"SKIP","floor":1},{"not_picked":["Ghostly Armor","True Grit","Armaments"],"picked":"SKIP","floor":2},{"not_picked":["Pommel Strike","Warcry"],"picked":"Intimidate","floor":3},{"not_picked":["Flex","Dual Wield","Wild Strike"],"picked":"SKIP","floor":6},{"not_picked":["True Grit","Shrug It Off","Power Through"],"picked":"SKIP","floor":8},{"not_picked":["Iron Wave","Second Wind"],"picked":"Fire Breathing+1","floor":10},{"not_picked":["Perfected Strike","Twin Strike","Havoc"],"picked":"SKIP","floor":12},{"not_picked":["Clash","Anger"],"picked":"Metallicize+1","floor":14}],"player_experience":168433,"potions_floor_usage":[6,6,14],"damage_taken":[{"damage":6,"enemies":"Cultist","floor":1,"turns":4},{"damage":27,"enemies":"Small Slimes","floor":2,"turns":7},{"damage":1,"enemies":"2 Louse","floor":3,"turns":4},{"damage":18,"enemies":"3 Sentries","floor":6,"turns":10},{"damage":8,"enemies":"Looter","floor":8,"turns":5},{"damage":0,"enemies":"Large Slime","floor":10,"turns":6},{"damage":26,"enemies":"Exordium Thugs","floor":12,"turns":5},{"damage":1,"enemies":"Lots of Slimes","floor":14,"turns":4},{"damage":40,"enemies":"Hexaghost","floor":16,"turns":8}],"relics_obtained":[{"floor":5,"key":"Mummified Hand"},{"floor":6,"key":"Darkstone Periapt"},{"floor":9,"key":"Frozen Egg 2"}],"event_choices":[],"boss_relics":[],"potions_floor_spawned":[1,2,3,14],"seed_played":"137294715741080964","killed_by":"Hexaghost","ascension_level":10,"potions_obtained":[{"floor":1,"key":"Block Potion"},{"floor":2,"key":"PowerPotion"},{"floor":3,"key":"Block Potion"},{"floor":14,"key":"Ancient Potion"}],"is_trial":false}