{"gold_per_floor":[111,127,127,127,52,52,78,78,78,109,9,342,357,432,432,432],"floor_reached":16,"playtime":1013,"items_purged":["Strike_R","Defend_R"],"score":220,"play_id":"296abc4d-44c8-4247-96af-529652aa85c5","local_time":"20190205103607","is_ascension_mode":true,"campfire_choices":[{"data":"Bash","floor":6,"key":"SMITH"},{"data":"Metallicize","floor":15,"key":"SMITH"}],"neow_cost":"TEN_PERCENT_HP_LOSS","seed_source_timestamp":665223372426400,"circlet_count":0,"master_deck":["AscendersBane","Strike_R+1","Strike_R","Strike_R","Strike_R+1","Defend_R","Defend_R","Defend_R+1","Bash+1","Shrug It Off+1","Uppercut+1","Metallicize+1","Shrug It Off"],"relics":["Burning Blood","Magic Flower","Orichalcum","Golden Idol","War Paint","Self Forming Clay","Old Coin"],"potions_floor_usage":[10,16,16],"damage_taken":[{"damage":7,"enemies":"Small Slimes","floor":1,"turns":4},{"damage":13,"enemies":"Jaw Worm","floor":2,"turns":7},{"damage":24,"enemies":"Gremlin Nob","floor":7,"turns":4},{"damage":5,"enemies":"3 Sentries","floor":10,"turns":7},{"damage":7,"enemies":"Lagavulin","floor":12,"turns":8},{"damage":4,"enemies":"2 Louse","floor":13,"turns":3},{"damage":62,"enemies":"Slime Boss","floor":16,"turns":14}],"seed_played":"-6992632597684193856","potions_obtained":[{"floor":7,"key":"AttackPotion"},{"floor":12,"key":"Regen Potion"},{"floor":13,"key":"BloodPotion"}],"is_trial":false,"path_per_floor":["M","M","?","?","$","R","E","?","T","E","$","E","M","?","R","B"],"character_chosen":"IRONCLAD","items_purchased":[],"campfire_rested":0,"item_purchase_floors":[],"current_hp_per_floor":[68,64,64,44,44,44,29,29,29,33,33,35,40,29,29,0],"gold":432,"neow_bonus":"ONE_RARE_RELIC","is_prod":false,"is_daily":false,"chose_seed":false,"campfire_upgraded":2,"win_rate":0,"timestamp":1549359367,"path_taken":["M","M","?","?","?","R","E","?","T","E","$","E","M","?","R","BOSS"],"build_version":"2019-01-23","purchased_purges":2,"victory":false,"max_hp_per_floor":[68,68,68,68,68,68,68,62,62,62,62,62,62,62,62,62],"card_choices":[{"not_picked":["Armaments","Flex"],"picked":"Shrug It Off","floor":1},{"not_picked":["Sword Boomerang","Twin Strike"],"picked":"Uppercut","floor":2},{"not_picked":["Warcry","Shrug It Off"],"picked":"Metallicize","floor":7},{"not_picked":["Anger","Havoc"],"picked":"Shrug It Off","floor":10},{"not_picked":["Perfected Strike","Rage","Wild Strike"],"picked":"SKIP","floor":12},{"not_picked":["Blood for Blood","Bludgeon","Twin Strike"],"picked":"SKIP","floor":13}],"player_experience":330220,"relics_obtained":[{"floor":7,"key":"Orichalcum"},{"floor":9,"key":"War Paint"},{"floor":10,"key":"Self Forming Clay"},{"floor":12,"key":"Old Coin"}],"event_choices":[{"damage_healed":0,"gold_gain":0,"player_choice":"Grow","damage_taken":0,"max_hp_gain":0,"max_hp_loss":0,"event_name":"Living Wall","floor":3,"gold_loss":0,"cards_upgraded":["Uppercut"]},{"damage_healed":0,"gold_gain":0,"player_choice":"Entered Light","damage_taken":20,"max_hp_gain":0,"max_hp_loss":0,"event_name":"Shining Light","floor":4,"gold_loss":0,"cards_upgraded":["Strike_R","Strike_R"]},{"damage_healed":0,"gold_gain":0,"player_choice":"Lose Max HP","damage_taken":0,"relics_obtained":["Golden Idol"],"max_hp_gain":0,"max_hp_loss":6,"event_name":"Golden Idol","floor":8,"gold_loss":0},{"damage_healed":0,"gold_gain":75,"player_choice":"Gather Gold","damage_taken":11,"max_hp_gain":0,"max_hp_loss":0,"event_name":"World of Goop","floor":14,"gold_loss":0}],"is_beta":false,"boss_relics":[],"items_purged_floors":[5,11],"is_endless":false,"potions_floor_spawned":[7,12,13],"killed_by":"Slime Boss","ascension_level":18}