{"gold_per_floor":[112,112,112,112,131,157,157,173,173,188,263,294,294,327,327,327],"floor_reached":16,"playtime":561,"items_purged":[],"score":286,"play_id":"d437c325-8e20-44d3-b0f2-94f8544631f8","local_time":"20190210064905","is_ascension_mode":true,"campfire_choices":[{"data":"Bash","floor":7,"key":"SMITH"},{"floor":13,"key":"REST"},{"floor":15,"key":"REST"}],"neow_cost":"NONE","seed_source_timestamp":301061603591300,"circlet_count":0,"master_deck":["AscendersBane","Strike_R","Strike_R","Strike_R","Strike_R","Strike_R","Defend_R","Defend_R","Defend_R+1","Defend_R+1","Bash+1","Battle Trance","Shrug It Off","Headbutt","Armaments"],"relics":["Burning Blood","NeowsBlessing","The Courier","Juzu Bracelet","Bottled Flame","Singing Bowl","Du-Vu Doll"],"potions_floor_usage":[10,12,16],"damage_taken":[{"damage":0,"enemies":"Small Slimes","floor":1,"turns":1},{"damage":0,"enemies":"Jaw Worm","floor":5,"turns":1},{"damage":0,"enemies":"Lagavulin","floor":6,"turns":1},{"damage":0,"enemies":"Cultist","floor":8,"turns":3},{"damage":8,"enemies":"Exordium Wildlife","floor":10,"turns":4},{"damage":42,"enemies":"3 Sentries","floor":12,"turns":12},{"damage":46,"enemies":"Lagavulin","floor":14,"turns":6},{"damage":40,"enemies":"The Guardian","floor":16,"turns":13}],"seed_played":"2245068169930723346","potions_obtained":[{"floor":5,"key":"Dexterity Potion"},{"floor":8,"key":"Fire Potion"},{"floor":10,"key":"Regen Potion"}],"is_trial":false,"path_per_floor":["M","?","?","$","M","E","R","M","T","M","?","E","R","E","R","B"],"character_chosen":"IRONCLAD","items_purchased":[],"campfire_rested":2,"item_purchase_floors":[],"current_hp_per_floor":[74,69,46,46,52,58,58,64,64,62,51,30,52,14,37,0],"gold":327,"neow_bonus":"THREE_ENEMY_KILL","is_prod":false,"is_daily":false,"chose_seed":false,"campfire_upgraded":1,"win_rate":0,"timestamp":1549777745,"path_taken":["M","?","?","?","?","E","R","M","T","M","?","E","R","E","R","BOSS"],"build_version":"2019-01-23","purchased_purges":0,"victory":false,"max_hp_per_floor":[75,75,75,75,75,75,75,75,75,75,75,75,75,77,77,77],"card_choices":[{"not_picked":["Headbutt","Flex"],"picked":"Battle Trance","floor":1},{"not_picked":["Rampage","Thunderclap","Shockwave"],"picked":"SKIP","floor":5},{"not_picked":["Corruption","Pommel Strike"],"picked":"Shrug It Off","floor":6},{"not_picked":["Thunderclap","Wild Strike","Warcry"],"picked":"SKIP","floor":8},{"not_picked":["Pommel Strike","Clash"],"picked":"Headbutt","floor":10},{"not_picked":["Spot Weakness","Burning Pact"],"picked":"Armaments","floor":12},{"not_picked":["True Grit","Sword Boomerang","Dual Wield"],"picked":"Singing Bowl","floor":14}],"player_experience":351210,"relics_obtained":[{"floor":6,"key":"Juzu Bracelet"},{"floor":9,"key":"Bottled Flame"},{"floor":12,"key":"Singing Bowl"},{"floor":14,"key":"Du-Vu Doll"}],"event_choices":[{"damage_healed":0,"gold_gain":0,"player_choice":"Success","damage_taken":5,"relics_obtained":["The Courier"],"max_hp_gain":0,"max_hp_loss":0,"event_name":"Scrap Ooze","floor":2,"gold_loss":0},{"damage_healed":0,"gold_gain":0,"player_choice":"Entered Light","damage_taken":23,"max_hp_gain":0,"max_hp_loss":0,"event_name":"Shining Light","floor":3,"gold_loss":0,"cards_upgraded":["Defend_R","Defend_R"]},{"damage_healed":0,"gold_gain":75,"player_choice":"Gather Gold","damage_taken":11,"max_hp_gain":0,"max_hp_loss":0,"event_name":"World of Goop","floor":11,"gold_loss":0}],"is_beta":false,"boss_relics":[],"items_purged_floors":[],"is_endless":false,"potions_floor_spawned":[5,8,10],"killed_by":"The Guardian","ascension_level":20}