{"gold_per_floor":[116,116,127,144,222,249,249,581,581,591,591,626,646,185,185,280,280,297,170,182,33,52,81,81,81],"floor_reached":25,"playtime":922,"items_purged":[],"score":289,"play_id":"dc93d340-1ffb-4a0c-9fbb-905dd7a1dd62","local_time":"20190213145440","is_ascension_mode":true,"campfire_choices":[{"floor":7,"key":"REST"},{"floor":11,"key":"REST"},{"floor":15,"key":"REST"},{"floor":24,"key":"REST"}],"neow_cost":"NONE","seed_source_timestamp":8930759605600,"circlet_count":0,"master_deck":["Defend_G","Defend_G","Defend_G","Defend_G","Defend_G","Strike_G","Strike_G","Strike_G","Strike_G","Strike_G","Survivor","Neutralize","Dash","Poisoned Stab","Backflip","Footwork","Crippling Poison","Noxious Fumes","Terror","Corpse Explosion","Adrenaline","Crippling Poison+1","Footwork","Backflip+1"],"relics":["Ring of the Snake","NeowsBlessing","Calipers","Old Coin","StoneCalendar","Bottled Tornado","Matryoshka","Omamori","Sozu","Tiny Chest","Blood Vial","Letter Opener"],"potions_floor_usage":[8,12],"damage_taken":[{"damage":0,"enemies":"2 Louse","floor":1,"turns":1},{"damage":0,"enemies":"Jaw Worm","floor":3,"turns":1},{"damage":0,"enemies":"Small Slimes","floor":4,"turns":1},{"damage":61,"enemies":"Gremlin Nob","floor":6,"turns":7},{"damage":21,"enemies":"Lagavulin","floor":8,"turns":10},{"damage":6,"enemies":"2 Fungi Beasts","floor":10,"turns":3},{"damage":11,"enemies":"Gremlin Nob","floor":12,"turns":4},{"damage":21,"enemies":"Exordium Thugs","floor":13,"turns":5},{"damage":9,"enemies":"Hexaghost","floor":16,"turns":8},{"damage":13,"enemies":"Spheric Guardian","floor":18,"turns":4},{"damage":7,"enemies":"Shell Parasite","floor":20,"turns":5},{"damage":11,"enemies":"Snecko","floor":22,"turns":6},{"damage":39,"enemies":"Book of Stabbing","floor":23,"turns":7},{"damage":23,"enemies":"Gremlin Leader","floor":25,"turns":4}],"seed_played":"3206637704961374145","potions_obtained":[{"floor":1,"key":"SpeedPotion"},{"floor":4,"key":"Regen Potion"},{"floor":10,"key":"FearPotion"},{"floor":12,"key":"SkillPotion"},{"floor":13,"key":"EssenceOfSteel"}],"is_trial":false,"path_per_floor":["M","?","M","M","?","E","R","E","T","M","R","E","M","$","R","B",null,"M","$","M","$","M","E","R","E"],"character_chosen":"THE_SILENT","items_purchased":["Matryoshka","Omamori","PowerPotion","Tiny Chest","Blood Vial"],"campfire_rested":4,"item_purchase_floors":[14,14,14,19,21],"current_hp_per_floor":[70,70,70,70,70,9,30,24,24,18,39,28,7,7,28,19,70,57,57,50,50,41,4,25,4],"gold":81,"neow_bonus":"THREE_ENEMY_KILL","is_prod":false,"is_daily":false,"chose_seed":false,"campfire_upgraded":0,"win_rate":0,"timestamp":1550066080,"path_taken":["M","?","M","M","?","E","R","E","T","M","R","E","M","$","R","BOSS","M","$","M","$","M","E","R","E"],"build_version":"2019-01-23","purchased_purges":0,"victory":false,"max_hp_per_floor":[70,70,70,70,70,70,70,70,70,70,70,70,70,70,70,70,70,70,70,70,70,70,70,70,70],"card_choices":[{"not_picked":["Calculated Gamble","Underhanded Strike"],"picked":"Dash","floor":1},{"not_picked":["Cloak And Dagger","Dagger Throw"],"picked":"Poisoned Stab","floor":3},{"not_picked":["Outmaneuver","Acrobatics"],"picked":"Backflip","floor":4},{"not_picked":["Sucker Punch","Calculated Gamble"],"picked":"Footwork","floor":6},{"not_picked":["Backflip","Flying Knee"],"picked":"Crippling Poison","floor":8},{"not_picked":["Concentrate","Backflip"],"picked":"Noxious Fumes","floor":10},{"not_picked":["Outmaneuver","Slice"],"picked":"Terror","floor":12},{"not_picked":["Dodge and Roll","Flying Knee"],"picked":"Corpse Explosion","floor":13},{"not_picked":["Envenom","Bullet Time"],"picked":"Adrenaline","floor":16},{"not_picked":["Tactician","PiercingWail+1"],"picked":"Crippling Poison+1","floor":18},{"not_picked":["Underhanded Strike","Dagger Spray"],"picked":"Footwork","floor":20},{"not_picked":["Poisoned Stab+1","Quick Slash"],"picked":"Backflip+1","floor":22},{"not_picked":["Sucker Punch+1","Storm of Steel","Underhanded Strike"],"picked":"SKIP","floor":23}],"player_experience":395840,"relics_obtained":[{"floor":6,"key":"Calipers"},{"floor":8,"key":"Old Coin"},{"floor":9,"key":"StoneCalendar"},{"floor":12,"key":"Bottled Tornado"},{"floor":23,"key":"Letter Opener"}],"event_choices":[{"damage_healed":0,"gold_gain":0,"player_choice":"Ignored","damage_taken":0,"max_hp_gain":0,"max_hp_loss":0,"event_name":"Liars Game","floor":2,"gold_loss":0},{"damage_healed":0,"gold_gain":78,"player_choice":"Gained Gold","damage_taken":0,"max_hp_gain":0,"max_hp_loss":0,"event_name":"Golden Wing","floor":5,"gold_loss":0}],"is_beta":false,"boss_relics":[{"not_picked":["Pandora\u0027s Box","Cursed Key"],"picked":"Sozu"}],"items_purged_floors":[],"is_endless":false,"potions_floor_spawned":[1,4,10,12,13,18,22],"killed_by":"Gremlin Leader","ascension_level":4}