{"gold_per_floor":[212,226,105,117,133,133,162,162,187,187,139,139,157,175,175,271,271,281,310,86,86,69,69,82,82,106,106,141,141,141,166,166,166],"floor_reached":33,"playtime":3897,"items_purged":[],"score":283,"play_id":"9507d063-8d7f-48d8-a94a-67c678d07b07","local_time":"20190204002340","is_ascension_mode":false,"campfire_choices":[{"data":"Redo","floor":6,"key":"SMITH"},{"data":"Dualcast","floor":8,"key":"SMITH"},{"data":"Machine Learning","floor":15,"key":"SMITH"},{"floor":23,"key":"REST"},{"floor":29,"key":"REST"},{"floor":32,"key":"REST"}],"neow_cost":"NONE","seed_source_timestamp":418896910574592,"circlet_count":0,"master_deck":["Strike_B","Strike_B","Strike_B","Strike_B","Defend_B","Defend_B","Defend_B","Defend_B","Zap","Dualcast+1","Reinforced Body","Sweeping Beam","Redo+1","Self Repair","Conserve Battery","Lockon","Rebound","Ball Lightning","Machine Learning+1","Echo Form","Double Energy+1","FTL","Rainbow","Reinforced Body+1"],"relics":["Cracked Core","Smiling Mask","Anchor","Omamori","Art of War","Inserter","Red Mask","Happy Flower","Orichalcum","Letter Opener","Blue Candle","Pear"],"potions_floor_usage":[4,14,16,16,19,19,22,31,33],"damage_taken":[{"damage":5,"enemies":"Small Slimes","floor":1,"turns":4},{"damage":7,"enemies":"2 Louse","floor":2,"turns":3},{"damage":1,"enemies":"Cultist","floor":4,"turns":3},{"damage":8,"enemies":"2 Fungi Beasts","floor":5,"turns":4},{"damage":12,"enemies":"3 Sentries","floor":7,"turns":7},{"damage":0,"enemies":"Looter","floor":13,"turns":3},{"damage":1,"enemies":"Exordium Wildlife","floor":14,"turns":3},{"damage":38,"enemies":"Hexaghost","floor":16,"turns":10},{"damage":3,"enemies":"Spheric Guardian","floor":18,"turns":4},{"damage":25,"enemies":"Masked Bandits","floor":19,"turns":4},{"damage":10,"enemies":"2 Thieves","floor":22,"turns":4},{"damage":20,"enemies":"Cultist and Chosen","floor":24,"turns":6},{"damage":50,"enemies":"Book of Stabbing","floor":28,"turns":6},{"damage":48,"enemies":"Slavers","floor":31,"turns":7},{"damage":50,"enemies":"Automaton","floor":33,"turns":12}],"seed_played":"-924142448741249618","potions_obtained":[{"floor":2,"key":"Poison Potion"},{"floor":13,"key":"EntropicBrew"},{"floor":16,"key":"Fire Potion"},{"floor":19,"key":"Regen Potion"},{"floor":28,"key":"Dexterity Potion"},{"floor":31,"key":"Block Potion"}],"is_trial":false,"path_per_floor":["M","M","$","M","M","R","E","R","T","?","$","?","M","M","R","B",null,"M","?","$","?","M","R","M","?","T","?","E","R","T","E","R","B"],"character_chosen":"DEFECT","items_purchased":["Redo","Self Repair","Rebound","Happy Flower","FTL"],"campfire_rested":3,"item_purchase_floors":[3,3,11,20,20],"current_hp_per_floor":[70,63,63,69,68,68,63,63,63,63,63,51,58,64,64,26,75,75,50,50,50,54,75,62,62,62,75,32,54,54,23,48,0],"gold":166,"neow_bonus":"HUNDRED_GOLD","is_prod":false,"is_daily":false,"chose_seed":false,"campfire_upgraded":3,"win_rate":0.0,"timestamp":1549239820,"path_taken":["M","M","$","M","M","R","E","R","T","?","$","?","M","M","R","BOSS","M","?","$","?","M","R","?","?","T","?","E","R","?","E","R","BOSS"],"build_version":"2019-01-23","purchased_purges":0,"victory":false,"max_hp_per_floor":[75,75,75,75,75,75,75,75,75,75,75,75,75,75,75,75,75,75,75,75,75,75,75,75,75,75,75,75,75,75,85,85,85],"card_choices":[{"not_picked":["Redo","Double Energy"],"picked":"Reinforced Body","floor":1},{"not_picked":["Rip and Tear","Static Discharge"],"picked":"Sweeping Beam","floor":2},{"not_picked":["Redo","Sweeping Beam"],"picked":"Conserve Battery","floor":4},{"not_picked":["Sweeping Beam","Streamline","Compile Driver"],"picked":"SKIP","floor":5},{"not_picked":["Scrape","Blizzard"],"picked":"Lockon","floor":7},{"not_picked":["Darkness","Reprogram"],"picked":"Ball Lightning","floor":13},{"not_picked":["Barrage","Coolheaded"],"picked":"Machine Learning","floor":14},{"not_picked":["Amplify","Seek"],"picked":"Echo Form","floor":16},{"not_picked":["Ball Lightning","Streamline+1","Force Field"],"picked":"SKIP","floor":18},{"not_picked":["Go for the Eyes","Steam"],"picked":"Double Energy","floor":19},{"not_picked":["Capacitor","Glacier","Leap+1"],"picked":"SKIP","floor":22},{"not_picked":["Force Field","Streamline+1"],"picked":"Rainbow","floor":24},{"not_picked":["Beam Cell","Coolheaded"],"picked":"Reinforced Body+1","floor":28},{"not_picked":["Steam","Reprogram+1","Rebound"],"picked":"SKIP","floor":31}],"player_experience":121270,"relics_obtained":[{"floor":7,"key":"Smiling Mask"},{"floor":9,"key":"Anchor"},{"floor":19,"key":"Red Mask"},{"floor":26,"key":"Orichalcum"},{"floor":28,"key":"Letter Opener"},{"floor":30,"key":"Blue Candle"},{"floor":31,"key":"Pear"}],"event_choices":[{"damage_healed":0,"gold_gain":0,"player_choice":"Searched \u00272\u0027 times","damage_taken":0,"relics_obtained":["Omamori"],"max_hp_gain":0,"max_hp_loss":0,"event_name":"Dead Adventurer","floor":10,"gold_loss":0},{"damage_healed":0,"gold_gain":0,"player_choice":"Success","damage_taken":12,"relics_obtained":["Art of War"],"max_hp_gain":0,"max_hp_loss":0,"event_name":"Scrap Ooze","floor":12,"gold_loss":0},{"damage_healed":0,"gold_gain":0,"player_choice":"Fought Bandits","damage_taken":0,"max_hp_gain":0,"max_hp_loss":0,"event_name":"Masked Bandits","floor":19,"gold_loss":0},{"damage_healed":0,"gold_gain":0,"player_choice":"Upgraded","damage_taken":0,"max_hp_gain":0,"max_hp_loss":0,"event_name":"Upgrade Shrine","floor":21,"gold_loss":0,"cards_upgraded":["Double Energy"]},{"damage_healed":0,"gold_gain":0,"player_choice":"Ignored","damage_taken":0,"max_hp_gain":0,"max_hp_loss":0,"event_name":"Beggar","floor":25,"gold_loss":0},{"damage_healed":25,"gold_gain":0,"player_choice":"Heal","damage_taken":0,"max_hp_gain":0,"max_hp_loss":0,"event_name":"The Library","floor":27,"gold_loss":0}],"is_beta":false,"boss_relics":[{"not_picked":["FrozenCore","Fusion Hammer"],"picked":"Inserter"}],"items_purged_floors":[],"is_endless":false,"potions_floor_spawned":[2,13,14,16,19,28,31],"killed_by":"Automaton","ascension_level":0}