{"gold_per_floor":[116,116,131,56,6,6,18,48,48,48,64,14,29,44,44,139,139,149,167,167,187,204,233,233,233,233,246,264,116,116,67,67,164,164,181,181,108,208,255,255],"floor_reached":40,"playtime":2450,"items_purged":["Defend_R","Defend_R"],"score":456,"play_id":"8af403bd-b643-4a18-a88a-550b8690babd","local_time":"20190214231256","is_ascension_mode":false,"campfire_choices":[{"data":"Perfected Strike","floor":6,"key":"SMITH"},{"floor":15,"key":"REST"},{"data":"Perfected Strike","floor":24,"key":"SMITH"},{"floor":30,"key":"REST"},{"data":"Warcry","floor":32,"key":"SMITH"}],"neow_cost":"NONE","seed_source_timestamp":48338550803097,"circlet_count":0,"master_deck":["Strike_R+1","Strike_R","Strike_R","Strike_R","Strike_R","Bash","Perfected Strike+1","Anger","Headbutt","Iron Wave","Headbutt","Clash","Battle Trance","Cleave","Perfected Strike+1","Seeing Red","Perfected Strike+1","Cleave","Pommel Strike","Warcry+1","Headbutt","Headbutt+1","Dual Wield","Dual Wield","Perfected Strike"],"relics":["Burning Blood","Anchor","Meat on the Bone","Bottled Flame","Runic Dome","Boot","Mercury Hourglass","Sozu","Incense Burner","Peace Pipe"],"potions_floor_usage":[22,23,33,33,33],"damage_taken":[{"damage":0,"enemies":"Small Slimes","floor":1,"turns":3},{"damage":3,"enemies":"2 Louse","floor":3,"turns":2},{"damage":3,"enemies":"Cultist","floor":7,"turns":2},{"damage":37,"enemies":"Lagavulin","floor":8,"turns":4},{"damage":18,"enemies":"Exordium Wildlife","floor":11,"turns":3},{"damage":0,"enemies":"Gremlin Gang","floor":13,"turns":3},{"damage":4,"enemies":"Large Slime","floor":14,"turns":3},{"damage":19,"enemies":"Slime Boss","floor":16,"turns":6},{"damage":10,"enemies":"3 Byrds","floor":18,"turns":4},{"damage":10,"enemies":"2 Thieves","floor":19,"turns":3},{"damage":3,"enemies":"Cultist and Chosen","floor":21,"turns":3},{"damage":14,"enemies":"Snake Plant","floor":22,"turns":3},{"damage":37,"enemies":"Book of Stabbing","floor":23,"turns":4},{"damage":20,"enemies":"Centurion and Healer","floor":27,"turns":3},{"damage":6,"enemies":"3 Cultists","floor":28,"turns":3},{"damage":47,"enemies":"Champ","floor":33,"turns":6},{"damage":10,"enemies":"3 Darklings","floor":35,"turns":3},{"damage":48,"enemies":"Mind Bloom Boss Battle","floor":38,"turns":4},{"damage":33,"enemies":"2 Orb Walkers","floor":39,"turns":3},{"damage":34,"enemies":"Giant Head","floor":40,"turns":5}],"seed_played":"3227886804428280228","potions_obtained":[{"floor":1,"key":"Block Potion"},{"floor":3,"key":"EssenceOfSteel"},{"floor":8,"key":"BloodPotion"},{"floor":11,"key":"Block Potion"},{"floor":21,"key":"Strength Potion"},{"floor":22,"key":"Ancient Potion"},{"floor":28,"key":"Block Potion"},{"floor":33,"key":"FearPotion"}],"is_trial":false,"path_per_floor":["M","?","M","$","?","R","M","E","T","?","M","$","M","M","R","B",null,"M","M","?","M","M","E","R","?","T","M","M","$","R","$","R","B",null,"M","?","$","?","?","E"],"character_chosen":"IRONCLAD","items_purchased":["Clash","Warcry","Headbutt","Dual Wield"],"campfire_rested":2,"item_purchase_floors":[12,29,31,37],"current_hp_per_floor":[80,80,80,80,80,80,80,49,49,49,49,49,55,57,80,67,80,76,72,72,75,75,56,56,56,56,54,54,54,78,78,78,49,80,76,76,76,46,31,0],"gold":255,"neow_bonus":"RANDOM_COMMON_RELIC","is_prod":false,"is_daily":false,"chose_seed":false,"campfire_upgraded":3,"win_rate":0.0,"timestamp":1550153576,"path_taken":["M","?","M","$","?","R","M","E","T","?","?","$","M","M","R","BOSS","M","M","?","M","?","E","R","?","T","?","M","$","R","$","R","BOSS","M","?","$","?","?","E"],"build_version":"2019-01-23","purchased_purges":2,"victory":false,"max_hp_per_floor":[80,80,80,80,80,80,80,80,80,80,80,80,80,80,80,80,80,80,80,80,80,80,80,80,80,80,80,80,80,80,80,80,80,80,80,80,80,80,80,80],"card_choices":[{"not_picked":["Bloodletting","True Grit"],"picked":"Hemokinesis","floor":1},{"not_picked":["Fire Breathing","True Grit"],"picked":"Perfected Strike","floor":3},{"not_picked":["Fire Breathing","Infernal Blade"],"picked":"Anger","floor":7},{"not_picked":["Iron Wave","Inflame"],"picked":"Headbutt","floor":8},{"not_picked":["Corruption","Burning Pact"],"picked":"Headbutt","floor":11},{"not_picked":["Body Slam","True Grit","Iron Wave"],"picked":"SKIP","floor":13},{"not_picked":["Clothesline","Thunderclap","Anger"],"picked":"SKIP","floor":14},{"not_picked":["Sword Boomerang","Warcry"],"picked":"Battle Trance","floor":18},{"not_picked":["Clash","Inflame","Dropkick+1"],"picked":"SKIP","floor":19},{"not_picked":["Carnage","Rupture"],"picked":"Cleave","floor":21},{"not_picked":["Corruption","Headbutt"],"picked":"Perfected Strike","floor":22},{"not_picked":["Iron Wave","Flex"],"picked":"Seeing Red","floor":23},{"not_picked":["Dropkick","Rupture"],"picked":"Cleave","floor":27},{"not_picked":["Clothesline+1","Infernal Blade"],"picked":"Pommel Strike","floor":28},{"not_picked":["Thunderclap","Cleave"],"picked":"Headbutt+1","floor":35},{"not_picked":["Clothesline+1","Carnage+1"],"picked":"Dual Wield","floor":38},{"not_picked":["Shrug It Off","Anger+1"],"picked":"Perfected Strike","floor":39}],"player_experience":4043,"relics_obtained":[{"floor":8,"key":"Meat on the Bone"},{"floor":9,"key":"Bottled Flame"},{"floor":23,"key":"Boot"},{"floor":26,"key":"Mercury Hourglass"},{"floor":38,"key":"Incense Burner"},{"floor":39,"key":"Peace Pipe"}],"event_choices":[{"damage_healed":0,"gold_gain":0,"player_choice":"Grow","damage_taken":0,"max_hp_gain":0,"max_hp_loss":0,"event_name":"Living Wall","floor":2,"gold_loss":0,"cards_upgraded":["Strike_R"]},{"cards_removed":["Defend_R"],"damage_healed":0,"gold_gain":0,"player_choice":"Card Removal","damage_taken":0,"max_hp_gain":0,"max_hp_loss":0,"event_name":"The Cleric","floor":5,"gold_loss":50},{"cards_removed":["Defend_R"],"damage_healed":0,"gold_gain":0,"player_choice":"Took Card","damage_taken":0,"max_hp_gain":0,"max_hp_loss":0,"event_name":"NoteForYourself","floor":10,"gold_loss":0,"cards_obtained":["Iron Wave"]},{"damage_healed":0,"gold_gain":0,"player_choice":"Bought 0 Potions","damage_taken":0,"max_hp_gain":0,"max_hp_loss":0,"event_name":"The Woman in Blue","floor":20,"gold_loss":0},{"damage_healed":0,"gold_gain":0,"player_choice":"Copied","damage_taken":0,"max_hp_gain":0,"max_hp_loss":0,"event_name":"Duplicator","floor":25,"gold_loss":0,"cards_obtained":["Perfected Strike"]},{"cards_removed":["Hemokinesis"],"damage_healed":0,"gold_gain":0,"player_choice":"Removed Attack","damage_taken":0,"max_hp_gain":0,"max_hp_loss":0,"event_name":"Falling","floor":36,"gold_loss":0},{"damage_healed":0,"gold_gain":0,"player_choice":"Fight","damage_taken":0,"max_hp_gain":0,"max_hp_loss":0,"event_name":"MindBloom","floor":38,"gold_loss":0},{"damage_healed":0,"gold_gain":0,"player_choice":"Fight","damage_taken":0,"max_hp_gain":0,"max_hp_loss":0,"event_name":"Mysterious Sphere","floor":39,"gold_loss":0}],"is_beta":false,"boss_relics":[{"not_picked":["Astrolabe","Runic Cube"],"picked":"Runic Dome"},{"not_picked":["Runic Pyramid","Philosopher\u0027s Stone"],"picked":"Sozu"}],"items_purged_floors":[4,29],"is_endless":false,"potions_floor_spawned":[1,3,8,11,21,22,28,33,38],"killed_by":"Giant Head","ascension_level":0}