{"gold_per_floor":[115,134,149,166,180,180,210,210,292,303,265,265,285,259,259,336,386,402,402,402,402],"floor_reached":21,"playtime":2532,"items_purged":[],"score":342,"play_id":"a16ff67f-9a65-490f-9f86-cc161eaab0ec","local_time":"20190209131352","is_ascension_mode":true,"campfire_choices":[{"floor":6,"key":"REST"},{"floor":8,"key":"REST"},{"floor":15,"key":"REST"}],"neow_cost":"NONE","seed_source_timestamp":2002376455733385,"circlet_count":0,"master_deck":["AscendersBane","Strike_B","Strike_B","Strike_B","Strike_B","Defend_B","Defend_B","Defend_B","Defend_B","Zap+1","Dualcast","Hologram","Leap","Defragment","Capacitor","Leap","Cold Snap","Echo Form+1","Cold Snap","Sunder","Shame"],"relics":["Cracked Core","Torii","Bottled Tornado","Tiny House","Nunchaku"],"potions_floor_usage":[7,16,19],"damage_taken":[{"damage":1,"enemies":"2 Louse","floor":1,"turns":3},{"damage":4,"enemies":"Small Slimes","floor":2,"turns":3},{"damage":1,"enemies":"Cultist","floor":3,"turns":4},{"damage":18,"enemies":"Large Slime","floor":4,"turns":6},{"damage":4,"enemies":"Blue Slaver","floor":5,"turns":4},{"damage":52,"enemies":"3 Sentries","floor":7,"turns":8},{"damage":0,"enemies":"Looter","floor":10,"turns":4},{"damage":21,"enemies":"Lots of Slimes","floor":13,"turns":6},{"damage":13,"enemies":"Exordium Thugs","floor":14,"turns":4},{"damage":40,"enemies":"Slime Boss","floor":16,"turns":13},{"damage":25,"enemies":"3 Byrds","floor":18,"turns":6},{"damage":0,"enemies":"2 Thieves","floor":19,"turns":1},{"damage":39,"enemies":"3 Cultists","floor":21,"turns":4}],"seed_played":"-6118775609295732664","potions_obtained":[{"floor":1,"key":"Strength Potion"},{"floor":2,"key":"PowerPotion"},{"floor":14,"key":"SmokeBomb"},{"floor":16,"key":"EssenceOfSteel"}],"is_trial":false,"path_per_floor":["M","M","M","M","M","R","E","R","T","M","?","?","M","M","R","B",null,"M","M","?","M"],"character_chosen":"DEFECT","items_purchased":[],"campfire_rested":3,"item_purchase_floors":[],"current_hp_per_floor":[63,59,58,40,36,57,5,26,26,26,26,71,50,37,58,18,63,38,38,38,0],"gold":402,"neow_bonus":"UPGRADE_CARD","is_prod":false,"is_daily":false,"chose_seed":false,"campfire_upgraded":0,"win_rate":0,"timestamp":1549685632,"path_taken":["M","M","M","M","M","R","E","R","T","M","?","?","M","M","R","BOSS","M","?","?","M"],"build_version":"2019-01-23","purchased_purges":0,"victory":false,"max_hp_per_floor":[71,71,71,71,71,71,71,71,71,71,71,71,71,71,71,71,76,76,76,76,76],"card_choices":[{"not_picked":["Turbo","Sweeping Beam","Scrape"],"picked":"SKIP","floor":1},{"not_picked":["Barrage","Rebound"],"picked":"Hologram","floor":2},{"not_picked":["Barrage","Streamline","Beam Cell"],"picked":"SKIP","floor":3},{"not_picked":["Coolheaded","Streamline"],"picked":"Leap","floor":4},{"not_picked":["Steam","Cold Snap"],"picked":"Defragment","floor":5},{"not_picked":["Streamline","Beam Cell","Sweeping Beam"],"picked":"SKIP","floor":7},{"not_picked":["Beam Cell","Go for the Eyes"],"picked":"Capacitor","floor":10},{"not_picked":["Steam","Skim"],"picked":"Leap","floor":13},{"not_picked":["Machine Learning","Beam Cell"],"picked":"Cold Snap","floor":14},{"not_picked":["Hyperbeam","Creative AI"],"picked":"Echo Form","floor":16},{"not_picked":["Stack","Go for the Eyes"],"picked":"Cold Snap","floor":17},{"not_picked":["Rip and Tear","Cold Snap"],"picked":"Sunder","floor":18}],"player_experience":605670,"relics_obtained":[{"floor":7,"key":"Torii"},{"floor":9,"key":"Bottled Tornado"}],"event_choices":[{"damage_healed":0,"gold_gain":0,"player_choice":"Left Gold","damage_taken":0,"max_hp_gain":0,"max_hp_loss":0,"event_name":"World of Goop","floor":11,"gold_loss":38},{"damage_healed":45,"gold_gain":0,"player_choice":"Full Heal","damage_taken":0,"max_hp_gain":0,"max_hp_loss":0,"event_name":"Wheel of Change","floor":12,"gold_loss":0},{"damage_healed":0,"gold_gain":0,"player_choice":"Stole Relic","damage_taken":0,"relics_obtained":["Nunchaku"],"max_hp_gain":0,"max_hp_loss":0,"event_name":"Addict","floor":20,"gold_loss":0,"cards_obtained":["Shame"]}],"is_beta":false,"boss_relics":[{"not_picked":["Runic Pyramid","Coffee Dripper"],"picked":"Tiny House"}],"items_purged_floors":[],"is_endless":false,"potions_floor_spawned":[1,2,4,5,14,16,19],"killed_by":"3 Cultists","ascension_level":17}