{"gold_per_floor":[109,284,296,296,307,336,356,29,84,102,102],"floor_reached":11,"playtime":664,"items_purged":["Doubt"],"score":77,"play_id":"f30814e6-70f8-4871-b9bd-a6e7c9d6913c","local_time":"20181012191200","is_ascension_mode":false,"campfire_choices":[],"neow_cost":"NONE","seed_source_timestamp":593881473495706,"circlet_count":0,"master_deck":["Strike_B","Strike_B","Strike_B","Strike_B","Defend_B","Defend_B","Defend_B","Defend_B","Zap","Dualcast","Conserve Battery","Conserve Battery","Go for the Eyes","Echo Form","Sweeping Beam","Lockon","Beam Cell"],"relics":["Cracked Core","Strawberry","Sundial","Tiny Chest"],"potions_floor_usage":[],"damage_taken":[{"damage":8,"enemies":"Small Slimes","floor":1,"turns":4},{"damage":0,"enemies":"Cultist","floor":3,"turns":4},{"damage":0,"enemies":"2 Louse","floor":4,"turns":4},{"damage":2,"enemies":"Blue Slaver","floor":5,"turns":3},{"damage":12,"enemies":"Lagavulin","floor":6,"turns":7},{"damage":10,"enemies":"Looter","floor":7,"turns":3},{"damage":28,"enemies":"Gremlin Gang","floor":10,"turns":5},{"damage":29,"enemies":"3 Sentries","floor":11,"turns":3}],"seed_played":"1095321320155190101","potions_obtained":[{"floor":3,"key":"FocusPotion"},{"floor":5,"key":"PowerPotion"},{"floor":6,"key":"LiquidBronze"},{"floor":7,"key":"Poison Potion"}],"is_trial":false,"path_per_floor":["M","?","M","M","M","E","M","$","T","M"],"character_chosen":"DEFECT","items_purchased":["Sundial"],"campfire_rested":0,"item_purchase_floors":[8],"current_hp_per_floor":[74,74,74,74,72,67,57,57,57,29,0],"gold":102,"neow_bonus":"TEN_PERCENT_HP_BONUS","is_prod":false,"is_daily":false,"chose_seed":false,"campfire_upgraded":0,"win_rate":0,"timestamp":1539339120,"path_taken":["M","?","M","M","?","E","M","$","T","M","E"],"build_version":"2018-10-11","purchased_purges":1,"victory":false,"max_hp_per_floor":[82,82,82,82,82,89,89,89,89,89,89],"card_choices":[{"not_picked":["Turbo","Cold Snap"],"picked":"Conserve Battery","floor":1},{"not_picked":["Skim","Sunder"],"picked":"Conserve Battery","floor":3},{"not_picked":["Turbo","Leap"],"picked":"Go for the Eyes","floor":4},{"not_picked":["Blizzard","Conserve Battery"],"picked":"Echo Form","floor":5},{"not_picked":["Heatsinks","Blizzard"],"picked":"Sweeping Beam","floor":6},{"not_picked":["Steam Power","Coolheaded"],"picked":"Lockon","floor":7},{"not_picked":["Self Repair","Heatsinks"],"picked":"Beam Cell","floor":10}],"player_experience":55413,"relics_obtained":[{"floor":6,"key":"Strawberry"},{"floor":9,"key":"Tiny Chest"}],"event_choices":[{"event_name":"Liars Game","player_choice":"agreed","floor":2,"damage_taken":0}],"is_beta":false,"boss_relics":[],"items_purged_floors":[8],"is_endless":false,"potions_floor_spawned":[3,5,6,7],"killed_by":"3 Sentries","ascension_level":0}