{"path_per_floor":["M","?","?","M","M","E","M","R","T","M","$","E","M","M","R","B",null,"M","$","?","M","M"],"character_chosen":"THE_SILENT","items_purchased":["Choke","Matryoshka","Well Laid Plans"],"gold_per_floor":[115,115,115,125,138,163,183,183,183,203,167,202,212,223,223,318,318,330,35,35,45,58],"floor_reached":23,"campfire_rested":2,"playtime":1642,"current_hp_per_floor":[70,75,75,73,72,43,29,51,51,41,41,37,27,9,31,4,75,64,64,64,51,10],"items_purged":[],"gold":58,"play_id":"e5022f98-0b29-4da6-92b4-aad69d79c1b1","is_prod":false,"is_daily":false,"is_ascension_mode":false,"campfire_upgraded":0,"path_taken":["M","?","?","M","M","E","M","R","T","M","$","E","?","M","R","BOSS","M","$","?","M","?","M"],"build_version":"2018-02-01-PROD3","purchased_purges":0,"victory":false,"master_deck":["Defend_G","Defend_G","Defend_G","Defend_G","Defend_G","Strike_G","Strike_G","Strike_G","Strike_G","Strike_G","Survivor","Neutralize","Sucker Punch","Infinite Blades","Flying Knee","Blur","Slice","Poisoned Stab","Choke","After Image","Malaise","Outmaneuver","Phantasmal Killer","Dagger Spray","Well Laid Plans","Writhe","Terror+1","Blade Dance+1"],"max_hp_per_floor":[70,75,75,75,75,75,75,75,75,75,75,75,75,75,75,75,75,75,75,75,75,75],"relics":["Ring of the Snake","Dodecahedron","Vajra","Art of War","Black Star","Matryoshka","Lantern"],"card_choices":[{"not_picked":["Flechettes","Dodge and Roll"],"picked":"Sucker Punch"},{"not_picked":["Dodge and Roll","Concentrate"],"picked":"Infinite Blades"},{"not_picked":["Sucker Punch","Blur"],"picked":"Flying Knee"},{"not_picked":["Prepared","Dagger Throw"],"picked":"Blur"},{"not_picked":["Bane","Acrobatics"],"picked":"Slice"},{"not_picked":["PiercingWail","Slice"],"picked":"Poisoned Stab"},{"not_picked":["Acrobatics","Bane"],"picked":"After Image"},{"not_picked":["Masterful Stab","Sucker Punch"],"picked":"Malaise"},{"not_picked":["Masterful Stab","Bane"],"picked":"Outmaneuver"},{"not_picked":["Unload","Tactician"],"picked":"Phantasmal Killer"},{"not_picked":["Accuracy","Dagger Throw"],"picked":"Dagger Spray"},{"not_picked":["Prepared","Leg Sweep"],"picked":"Terror"},{"not_picked":["Slice","Backflip"],"picked":"Blade Dance"}],"player_experience":163309,"potions_floor_usage":[12,16,16,16,18],"damage_taken":[{"damage":0,"enemies":"Cultist","floor":1,"turns":5},{"damage":2,"enemies":"Small Slimes","floor":4,"turns":4},{"damage":1,"enemies":"Jaw Worm","floor":5,"turns":4},{"damage":29,"enemies":"Lagavulin","floor":6,"turns":7},{"damage":14,"enemies":"Exordium Thugs","floor":7,"turns":7},{"damage":10,"enemies":"Looter","floor":10,"turns":3},{"damage":4,"enemies":"Gremlin Nob","floor":12,"turns":3},{"damage":10,"enemies":"Exordium Wildlife","floor":13,"turns":7},{"damage":18,"enemies":"Exordium Thugs","floor":14,"turns":4},{"damage":27,"enemies":"Slime Boss","floor":16,"turns":14},{"damage":11,"enemies":"3 Byrds","floor":18,"turns":6},{"damage":13,"enemies":"2 Thieves","floor":21,"turns":3},{"damage":41,"enemies":"Centurion and Healer","floor":22,"turns":8},{"damage":19,"enemies":"Chosen and Byrds","floor":23,"turns":5}],"event_choices":[{"event_name":"Big Fish","player_choice":"Donut","floor":2,"damage_taken":0},{"event_name":"The Cleric","player_choice":"Leave","floor":3,"damage_taken":0},{"event_name":"The Mausoleum","player_choice":"Yes","floor":20,"damage_taken":0}],"boss_relics":[{"not_picked":["White Beast Statue","Velvet Choker"],"picked":"Black Star"}],"potions_floor_spawned":[1,10,12,13,16,22],"seed_played":"6428636551239922819","killed_by":"Chosen and Byrds","ascension_level":0,"is_trial":false}