{"path_per_floor":["M","M","?","$","M","R","E","$","T","?","R","M","M","M","R","B",null,"M","M","$","?","?","R","M","R","T","E","M"],"character_chosen":"THE_SILENT","items_purchased":["Mind Blast","Lantern","Infinite Blades","Predator","Backflip","Dodge and Roll","Backflip","Bane"],"gold_per_floor":[364,375,375,21,34,34,67,44,69,69,69,79,98,111,111,215,215,225,236,111,81,331,331,343,343,366,392,407,407],"floor_reached":29,"campfire_rested":2,"playtime":1283,"current_hp_per_floor":[54,53,46,46,43,43,15,15,15,8,29,25,25,25,46,22,70,61,54,54,54,54,64,40,52,52,50,2,0],"items_purged":[],"gold":407,"score":297,"play_id":"07bcff81-dc57-45f8-99b5-e502d601ad1d","local_time":"20180523061923","is_prod":false,"is_daily":false,"chose_seed":false,"is_ascension_mode":true,"campfire_upgraded":3,"timestamp":1527049163,"campfire_choices":[{"data":"Mind Blast","floor":6,"key":"SMITH"},{"floor":11,"key":"REST"},{"floor":15,"key":"REST"},{"data":"Glass Knife","floor":23,"key":"SMITH"},{"data":"Doppelganger","floor":25,"key":"SMITH"}],"path_taken":["M","M","?","?","?","R","E","$","T","?","R","M","M","M","R","BOSS","M","M","$","?","?","R","M","R","T","E","M","M"],"build_version":"2018-05-17","seed_source_timestamp":290912176205572,"purchased_purges":0,"victory":false,"master_deck":["Defend_G","Defend_G","Defend_G","Defend_G","Defend_G","Strike_G","Strike_G+1","Strike_G","Strike_G","Strike_G","Survivor","Neutralize+1","Footwork","Mind Blast+1","Infinite Blades","Predator","Dagger Spray","Cloak And Dagger","Backflip","Doppelganger+1","Deadly Poison","Cloak And Dagger","Glass Knife+1","Dodge and Roll","Backflip","Dodge and Roll","Backflip","Bane","Regret","Blur","Bane","Prepared"],"max_hp_per_floor":[70,70,70,70,70,70,70,70,70,70,70,70,70,70,70,70,70,70,70,70,70,70,70,70,70,70,70,70,70],"relics":["Ring of the Snake","Lantern","Anchor","Oddly Smooth Stone","Gambling Chip","Eternal Feather","Whetstone","Bag of Preparation"],"card_choices":[{"not_picked":["Quick Slash","Sucker Punch"],"picked":"Footwork","floor":1},{"not_picked":["Flying Knee","PiercingWail","Bane"],"picked":"SKIP","floor":2},{"not_picked":["Flying Knee","Deflect"],"picked":"Dagger Spray","floor":5},{"not_picked":["PiercingWail","Slice"],"picked":"Cloak And Dagger","floor":7},{"not_picked":["Underhanded Strike","Bane"],"picked":"Doppelganger","floor":12},{"not_picked":["Underhanded Strike","Prepared"],"picked":"Deadly Poison","floor":13},{"not_picked":["Reflex","Outmaneuver"],"picked":"Cloak And Dagger","floor":14},{"not_picked":["Grand Finale","Tactician"],"picked":"Glass Knife","floor":16},{"not_picked":["Bane","Terror"],"picked":"Dodge and Roll","floor":18},{"not_picked":["Deadly Poison","Prepared"],"picked":"Backflip","floor":19},{"not_picked":["Choke+1","Quick Slash"],"picked":"Blur","floor":24},{"not_picked":["Underhanded Strike+1","Skewer"],"picked":"Bane","floor":27},{"not_picked":["Skewer+1","Bane"],"picked":"Prepared","floor":28}],"player_experience":184902,"potions_floor_usage":[16,16,29],"damage_taken":[{"damage":16,"enemies":"Jaw Worm","floor":1,"turns":7},{"damage":1,"enemies":"2 Louse","floor":2,"turns":4},{"damage":3,"enemies":"Small Slimes","floor":5,"turns":4},{"damage":28,"enemies":"Gremlin Nob","floor":7,"turns":4},{"damage":4,"enemies":"Exordium Thugs","floor":12,"turns":3},{"damage":0,"enemies":"Looter","floor":13,"turns":2},{"damage":0,"enemies":"2 Fungi Beasts","floor":14,"turns":2},{"damage":24,"enemies":"Slime Boss","floor":16,"turns":9},{"damage":9,"enemies":"Shell Parasite","floor":18,"turns":6},{"damage":7,"enemies":"Chosen","floor":19,"turns":6},{"damage":24,"enemies":"Snake Plant","floor":24,"turns":3},{"damage":2,"enemies":"Slavers","floor":27,"turns":5},{"damage":48,"enemies":"Slaver and Parasite","floor":28,"turns":7},{"damage":7,"enemies":"Chosen and Byrds","floor":29,"turns":2}],"relics_obtained":[{"floor":7,"key":"Anchor"},{"floor":9,"key":"Oddly Smooth Stone"},{"floor":26,"key":"Whetstone"},{"floor":27,"key":"Bag of Preparation"}],"event_choices":[{"event_name":"Golden Wing","player_choice":"Card Removal","floor":3,"damage_taken":0},{"event_name":"Scrap Ooze","player_choice":"success","floor":10,"damage_taken":7},{"event_name":"The Woman in Blue","player_choice":"Bought 2 Potions","floor":21,"damage_taken":0},{"event_name":"Golden Shrine","player_choice":"Desecrate","floor":22,"damage_taken":0}],"boss_relics":[{"not_picked":["Runic Pyramid","White Beast Statue"],"picked":"Eternal Feather"}],"potions_floor_spawned":[1,2,7,24,27],"seed_played":"-5862903337858031836","killed_by":"Chosen and Byrds","ascension_level":2,"potions_obtained":[{"floor":1,"key":"SpeedPotion"},{"floor":2,"key":"Fire Potion"},{"floor":7,"key":"SkillPotion"},{"floor":21,"key":"AttackPotion"},{"floor":21,"key":"FearPotion"}],"is_trial":false}