{"gold_per_floor":[115,134,100,119,119,144,144,156,156,166,197,197,197,162,162,260,260,277,288,300,400,400,400,418,418,418,438,438,454,454,474,474,573,573,592,611,611,630,630,630,630,630,630,590,610,622,633,648,648,648],"floor_reached":51,"playtime":6093,"items_purged":[],"score":695,"play_id":"a963af4d-6cd3-43a1-8f0f-5a78ec58bc3c","local_time":"20181025013030","is_ascension_mode":true,"campfire_choices":[{"floor":7,"key":"REST"},{"floor":12,"key":"REST"},{"data":"A Thousand Cuts","floor":15,"key":"SMITH"},{"floor":23,"key":"REST"},{"floor":25,"key":"REST"},{"data":"Burst","floor":32,"key":"SMITH"},{"data":"Prepared","floor":40,"key":"SMITH"},{"data":"Tactician","floor":41,"key":"SMITH"},{"data":"Acrobatics","floor":42,"key":"SMITH"},{"floor":49,"key":"REST"}],"neow_cost":"NONE","seed_source_timestamp":179922834339284,"circlet_count":0,"master_deck":["Survivor","Neutralize+1","A Thousand Cuts+1","Crippling Poison","Backflip","Terror","Quick Slash","Sucker Punch","Distraction","Slice+1","Burst+1","Tactician+1","Acrobatics","Dagger Spray+1","Underhanded Strike+1","Tactician","Slice","Slice","Dagger Throw","Expertise","Bane","Outmaneuver","Tactician+1","Prepared+1","Acrobatics+1","Envenom","Blur+1","Dagger Throw+1","Prepared","Parasite","Finisher+1"],"relics":["Ring of the Snake","Ornamental Fan","Du-Vu Doll","Nunchaku","Pandora\u0027s Box","Torii","Singing Bowl","Meat on the Bone","Lizard Tail","WingedGreaves","Gremlin Horn"],"potions_floor_usage":[6,10,21,21,21,33,39,45,45,48,48],"damage_taken":[{"damage":1,"enemies":"Cultist","floor":1,"turns":4},{"damage":7,"enemies":"2 Louse","floor":2,"turns":3},{"damage":17,"enemies":"Small Slimes","floor":4,"turns":3},{"damage":26,"enemies":"Gremlin Nob","floor":6,"turns":5},{"damage":9,"enemies":"Looter","floor":8,"turns":3},{"damage":11,"enemies":"Red Slaver","floor":10,"turns":5},{"damage":28,"enemies":"3 Sentries","floor":11,"turns":9},{"damage":13,"enemies":"Slime Boss","floor":16,"turns":9},{"damage":26,"enemies":"2 Thieves","floor":18,"turns":3},{"damage":6,"enemies":"Chosen","floor":19,"turns":4},{"damage":6,"enemies":"Snecko","floor":20,"turns":3},{"damage":10,"enemies":"Colosseum Slavers","floor":21,"turns":3},{"damage":18,"enemies":"Colosseum Nobs","floor":21,"turns":4},{"damage":7,"enemies":"3 Cultists","floor":24,"turns":4},{"damage":1,"enemies":"Cultist and Chosen","floor":27,"turns":3},{"damage":8,"enemies":"Snecko","floor":29,"turns":4},{"damage":11,"enemies":"Shelled Parasite and Fungi","floor":31,"turns":3},{"damage":43,"enemies":"Automaton","floor":33,"turns":9},{"damage":49,"enemies":"3 Darklings","floor":35,"turns":6},{"damage":1,"enemies":"Orb Walker","floor":36,"turns":2},{"damage":38,"enemies":"4 Shapes","floor":38,"turns":13},{"damage":2,"enemies":"Mind Bloom Boss Battle","floor":39,"turns":6},{"damage":23,"enemies":"Transient","floor":45,"turns":5},{"damage":64,"enemies":"Writhing Mass","floor":46,"turns":8},{"damage":10,"enemies":"4 Shapes","floor":47,"turns":12},{"damage":13,"enemies":"Sphere and 2 Shapes","floor":48,"turns":6},{"damage":48,"enemies":"Awakened One","floor":50,"turns":11}],"seed_played":"-5576395470720681450","potions_obtained":[{"floor":1,"key":"Ancient Potion"},{"floor":8,"key":"Regen Potion"},{"floor":16,"key":"Poison Potion"},{"floor":19,"key":"Weak Potion"},{"floor":20,"key":"AttackPotion"},{"floor":29,"key":"EssenceOfSteel"},{"floor":33,"key":"Poison Potion"},{"floor":35,"key":"GhostInAJar"},{"floor":39,"key":"GamblersBrew"},{"floor":46,"key":"SkillPotion"},{"floor":47,"key":"GamblersBrew"},{"floor":48,"key":"Explosive Potion"}],"is_trial":false,"path_per_floor":["M","M","$","M","$","E","R","M","T","M","E","R","?","?","R","B",null,"M","M","M","?","?","R","M","R","T","M","?","M","?","M","R","B",null,"M","M","?","M","?","R","R","R","T","?","M","M","M","M","R","B"],"character_chosen":"THE_SILENT","items_purchased":["Terror"],"campfire_rested":5,"item_purchase_floors":[3],"current_hp_per_floor":[69,62,62,45,45,19,40,31,31,34,6,27,50,67,67,54,70,44,38,32,6,6,27,22,44,44,45,45,49,49,52,52,21,78,43,42,90,52,52,52,52,52,52,52,41,39,43,42,70,34],"gold":648,"neow_bonus":"ONE_RANDOM_RARE_CARD","is_prod":false,"is_daily":false,"chose_seed":false,"campfire_upgraded":5,"win_rate":0,"timestamp":1540456230,"path_taken":["M","M","$","M","?","E","R","M","T","M","E","R","?","?","R","BOSS","M","M","M","?","?","R","M","R","T","M","?","M","?","M","R","BOSS","M","M","?","M","?","R","R","R","T","?","M","M","M","M","R","BOSS"],"build_version":"2018-10-18","purchased_purges":0,"victory":true,"max_hp_per_floor":[70,70,70,70,70,70,70,70,70,70,70,70,70,70,70,70,70,70,70,70,72,72,72,74,74,74,76,76,76,76,78,78,78,78,80,80,90,90,92,92,92,92,92,92,92,94,96,96,96,96],"card_choices":[{"not_picked":["Reflex","Underhanded Strike"],"picked":"Crippling Poison","floor":1},{"not_picked":["Leg Sweep","Sucker Punch"],"picked":"Backflip","floor":2},{"not_picked":["Flying Knee","Outmaneuver"],"picked":"Quick Slash","floor":4},{"not_picked":["Crippling Poison","Caltrops","Reflex"],"picked":"SKIP","floor":6},{"not_picked":["Outmaneuver","Underhanded Strike"],"picked":"Sucker Punch","floor":8},{"not_picked":["Slice","Accuracy"],"picked":"Distraction","floor":10},{"not_picked":["Phantasmal Killer","Prepared"],"picked":"Slice","floor":11},{"not_picked":["Night Terror","Tools of the Trade"],"picked":"Burst","floor":16},{"not_picked":["Calculated Gamble","Catalyst"],"picked":"Outmaneuver","floor":18},{"not_picked":["Slice+1","Deadly Poison"],"picked":"Tactician+1","floor":19},{"not_picked":["Caltrops","Bane"],"picked":"Prepared","floor":20},{"not_picked":["Dagger Spray+1","Bane","Endless Agony"],"picked":"Singing Bowl","floor":21},{"not_picked":["Cloak And Dagger+1","Quick Slash","Bane"],"picked":"Singing Bowl","floor":24},{"not_picked":["Dagger Throw","Underhanded Strike","Acrobatics"],"picked":"Singing Bowl","floor":27},{"not_picked":["Dash","Concentrate"],"picked":"Bullet Time","floor":29},{"not_picked":["Skewer","Calculated Gamble","Underhanded Strike"],"picked":"Singing Bowl","floor":31},{"not_picked":["After Image","Grand Finale"],"picked":"Envenom","floor":33},{"not_picked":["Poisoned Stab","Dagger Spray","Deflect+1"],"picked":"Singing Bowl","floor":35},{"not_picked":["Deadly Poison","Dash"],"picked":"Blur+1","floor":36},{"not_picked":["Finisher+1","Concentrate"],"picked":"Dagger Throw+1","floor":38},{"not_picked":["Catalyst+1","Flying Knee+1","Skewer+1"],"picked":"Singing Bowl","floor":39},{"not_picked":["Poisoned Stab+1","Terror+1"],"picked":"Prepared","floor":45},{"not_picked":["Concentrate","Setup+1","Blade Dance"],"picked":"Singing Bowl","floor":46},{"not_picked":["Cloak And Dagger","Flechettes+1","Unload"],"picked":"Singing Bowl","floor":47},{"not_picked":["Dagger Spray","Flying Knee+1"],"picked":"Finisher+1","floor":48}],"player_experience":358058,"relics_obtained":[{"floor":6,"key":"Ornamental Fan"},{"floor":9,"key":"Du-Vu Doll"},{"floor":11,"key":"Nunchaku"},{"floor":21,"key":"Torii"},{"floor":21,"key":"Singing Bowl"},{"floor":26,"key":"Meat on the Bone"},{"floor":39,"key":"WingedGreaves"},{"floor":43,"key":"Gremlin Horn"}],"event_choices":[{"damage_healed":23,"gold_gain":0,"player_choice":"Banana","damage_taken":0,"max_hp_gain":0,"max_hp_loss":0,"event_name":"Big Fish","floor":13,"gold_loss":0},{"damage_healed":17,"gold_gain":0,"player_choice":"Healed","damage_taken":0,"max_hp_gain":0,"max_hp_loss":0,"event_name":"The Cleric","floor":14,"gold_loss":35},{"damage_healed":0,"gold_gain":0,"player_choice":"Fight","damage_taken":0,"max_hp_gain":0,"max_hp_loss":0,"event_name":"Colosseum","floor":21,"gold_loss":0},{"damage_healed":0,"gold_gain":0,"player_choice":"Fought Nobs","damage_taken":0,"max_hp_gain":0,"max_hp_loss":0,"event_name":"Colosseum","floor":21,"gold_loss":0},{"damage_healed":0,"gold_gain":0,"player_choice":"Ignored","damage_taken":0,"max_hp_gain":0,"max_hp_loss":0,"event_name":"Beggar","floor":22,"gold_loss":0},{"damage_healed":0,"gold_gain":0,"player_choice":"Ignored","damage_taken":0,"max_hp_gain":0,"max_hp_loss":0,"event_name":"Vampires","floor":28,"gold_loss":0},{"damage_healed":0,"gold_gain":0,"player_choice":"Read","damage_taken":0,"max_hp_gain":0,"max_hp_loss":0,"event_name":"The Library","floor":30,"gold_loss":0,"cards_obtained":["Acrobatics"]},{"cards_removed":["Bullet Time"],"damage_healed":38,"gold_gain":0,"player_choice":"Offered Rare","damage_taken":0,"max_hp_gain":10,"max_hp_loss":0,"event_name":"Bonfire Elementals","floor":37,"gold_loss":0},{"damage_healed":0,"gold_gain":0,"player_choice":"Fight","damage_taken":0,"max_hp_gain":0,"max_hp_loss":0,"event_name":"MindBloom","floor":39,"gold_loss":0},{"damage_healed":0,"gold_gain":0,"player_choice":"Upgraded Two","damage_taken":0,"max_hp_gain":0,"max_hp_loss":0,"event_name":"Designer","floor":44,"gold_loss":40,"cards_upgraded":["Neutralize","Slice"]}],"is_beta":false,"boss_relics":[{"not_picked":["Ring of the Serpent","Astrolabe"],"picked":"Pandora\u0027s Box"},{"not_picked":["Coffee Dripper","Eternal Feather"],"picked":"Lizard Tail"}],"items_purged_floors":[],"is_endless":false,"potions_floor_spawned":[1,8,16,19,20,29,33,35,39,46,47,48],"ascension_level":1}