{"gold_per_floor":[113,127,140,159,159,190,190,207,207,226,282,282,294,294,294,390,390,410,410,426,231,231,264,97,109,178,227,120,136,136,136,136,136],"floor_reached":33,"playtime":1424,"items_purged":[],"score":322,"play_id":"abbf58d2-47cc-4243-a391-15a5870dad78","local_time":"20190115233156","is_ascension_mode":false,"campfire_choices":[{"data":"Sunder","floor":7,"key":"SMITH"},{"data":"Double Energy","floor":15,"key":"SMITH"},{"floor":30,"key":"REST"},{"data":"RitualDagger","floor":32,"key":"SMITH"}],"neow_cost":"NONE","seed_source_timestamp":26998816884600,"circlet_count":0,"master_deck":["Strike_B","Strike_B","Strike_B","Strike_B","Defend_B","Defend_B","Defend_B","Defend_B","Zap","Dualcast","Sunder+1","Sunder+1","Double Energy+1","Redo","Aggregate","Rebound","Sunder+1","RitualDagger+1","Fission","HandOfGreed","Coolheaded"],"relics":["Cracked Core","Art of War","Shuriken","Tiny Chest","Mercury Hourglass","Velvet Choker","DollysMirror","Mango","Meat on the Bone","DataDisk","Regal Pillow"],"potions_floor_usage":[4,6,11,11,11,16,16,16,23,27],"damage_taken":[{"damage":0,"enemies":"Small Slimes","floor":1,"turns":4},{"damage":0,"enemies":"2 Louse","floor":2,"turns":4},{"damage":0,"enemies":"Cultist","floor":3,"turns":2},{"damage":10,"enemies":"Exordium Wildlife","floor":4,"turns":3},{"damage":14,"enemies":"3 Sentries","floor":6,"turns":5},{"damage":0,"enemies":"2 Fungi Beasts","floor":8,"turns":2},{"damage":9,"enemies":"3 Louse","floor":10,"turns":3},{"damage":26,"enemies":"Lagavulin","floor":11,"turns":4},{"damage":0,"enemies":"Gremlin Gang","floor":13,"turns":3},{"damage":34,"enemies":"The Guardian","floor":16,"turns":9},{"damage":22,"enemies":"3 Byrds","floor":18,"turns":4},{"damage":0,"enemies":"Spheric Guardian","floor":20,"turns":2},{"damage":7,"enemies":"Slavers","floor":23,"turns":2},{"damage":10,"enemies":"Snecko","floor":25,"turns":3},{"damage":23,"enemies":"Gremlin Leader","floor":27,"turns":6},{"damage":23,"enemies":"Shelled Parasite and Fungi","floor":29,"turns":3},{"damage":60,"enemies":"Collector","floor":33,"turns":5}],"seed_played":"812720332846947003","potions_obtained":[{"floor":1,"key":"SkillPotion"},{"floor":2,"key":"SteroidPotion"},{"floor":4,"key":"Regen Potion"},{"floor":8,"key":"EntropicBrew"},{"floor":11,"key":"Weak Potion"},{"floor":20,"key":"Explosive Potion"},{"floor":23,"key":"Block Potion"}],"is_trial":false,"path_per_floor":["M","M","M","M","?","E","R","M","T","M","E","?","M","T","R","B",null,"M","?","M","$","?","E","$","M","T","E","?","M","R","$","R","B"],"character_chosen":"DEFECT","items_purchased":["DollysMirror","HandOfGreed"],"campfire_rested":1,"item_purchase_floors":[21,24],"current_hp_per_floor":[82,82,82,72,72,58,58,58,58,49,35,35,35,35,35,1,82,60,44,44,44,38,45,45,35,35,24,24,13,58,58,58,0],"gold":136,"neow_bonus":"TEN_PERCENT_HP_BONUS","is_prod":false,"is_daily":false,"chose_seed":false,"campfire_upgraded":3,"win_rate":0,"timestamp":1547591516,"path_taken":["M","M","M","M","?","E","R","M","T","M","E","?","?","?","R","BOSS","M","?","M","$","?","E","$","M","T","E","?","?","R","?","R","BOSS"],"build_version":"2019-01-10","purchased_purges":0,"victory":false,"max_hp_per_floor":[82,82,82,82,82,82,82,82,82,82,82,82,82,82,82,82,82,82,87,87,87,87,101,101,101,101,101,101,101,101,101,101,101],"card_choices":[{"not_picked":["White Noise","Go for the Eyes","Steam Power"],"picked":"SKIP","floor":1},{"not_picked":["Coolheaded","Stack"],"picked":"Sunder","floor":2},{"not_picked":["Force Field","Barrage","Reprogram"],"picked":"SKIP","floor":3},{"not_picked":["Go for the Eyes","Ball Lightning"],"picked":"Sunder","floor":4},{"not_picked":["Scrape","Blizzard","Ball Lightning"],"picked":"SKIP","floor":6},{"not_picked":["Rainbow","Go for the Eyes"],"picked":"Double Energy","floor":8},{"not_picked":["Beam Cell","Rebound"],"picked":"Redo","floor":10},{"not_picked":["Barrage","Stack"],"picked":"Aggregate","floor":11},{"not_picked":["Barrage","Leap","Steam"],"picked":"SKIP","floor":13},{"not_picked":["Streamline","Go for the Eyes","Leap+1"],"picked":"SKIP","floor":18},{"not_picked":["Barrage","Darkness","Gash+1"],"picked":"SKIP","floor":20},{"not_picked":["Conserve Battery","Barrage"],"picked":"Fission","floor":23},{"not_picked":["Turbo","Beam Cell","Fission"],"picked":"SKIP","floor":25},{"not_picked":["Gash","Thunder Strike","Turbo"],"picked":"SKIP","floor":27},{"not_picked":["Stack","Conserve Battery+1"],"picked":"Coolheaded","floor":29}],"player_experience":242985,"relics_obtained":[{"floor":6,"key":"Art of War"},{"floor":9,"key":"Shuriken"},{"floor":11,"key":"Tiny Chest"},{"floor":14,"key":"Mercury Hourglass"},{"floor":23,"key":"Mango"},{"floor":26,"key":"Meat on the Bone"},{"floor":27,"key":"DataDisk"}],"event_choices":[{"damage_healed":0,"gold_gain":0,"player_choice":"Grow","damage_taken":0,"max_hp_gain":0,"max_hp_loss":0,"event_name":"Living Wall","floor":5,"gold_loss":0,"cards_upgraded":["Sunder"]},{"damage_healed":0,"gold_gain":0,"player_choice":"1 cards matched","damage_taken":0,"max_hp_gain":0,"max_hp_loss":0,"event_name":"Match and Keep!","floor":12,"gold_loss":0,"cards_obtained":["Rebound"]},{"damage_healed":0,"gold_gain":0,"player_choice":"Shed Blood","damage_taken":21,"max_hp_gain":5,"max_hp_loss":0,"event_name":"Forgotten Altar","floor":19,"gold_loss":0},{"damage_healed":0,"gold_gain":0,"player_choice":"Joined the Cult","damage_taken":6,"max_hp_gain":0,"max_hp_loss":0,"event_name":"Nest","floor":22,"gold_loss":0,"cards_obtained":["RitualDagger"]},{"damage_healed":0,"gold_gain":0,"player_choice":"Paid Gold","damage_taken":0,"relics_obtained":["Regal Pillow"],"max_hp_gain":0,"max_hp_loss":0,"event_name":"WeMeetAgain","floor":28,"gold_loss":107}],"is_beta":false,"boss_relics":[{"not_picked":["Orrery","Calling Bell"],"picked":"Velvet Choker"}],"items_purged_floors":[],"is_endless":false,"potions_floor_spawned":[1,2,4,8,11,20,23],"killed_by":"Collector","ascension_level":0}