{"path_per_floor":["M","M","M","M","M","R","M","M","T","?","?","M","M","?","R"],"character_chosen":"IRONCLAD","items_purchased":[],"gold_per_floor":[117,137,149,166,186,186,204,221,221,221,221,239,229,286,286,286],"floor_reached":16,"campfire_rested":1,"playtime":638,"current_hp_per_floor":[75,72,74,68,58,58,48,42,42,42,42,41,31,12,59,0],"items_purged":[],"gold":286,"score":162,"play_id":"b5cd55bf-f230-475e-a20c-ddc2076e4abb","local_time":"20180519192930","is_prod":false,"is_daily":false,"chose_seed":false,"is_ascension_mode":true,"campfire_upgraded":1,"timestamp":1526750970,"campfire_choices":[{"data":"Feed","floor":6,"key":"SMITH"},{"floor":15,"key":"REST"}],"path_taken":["M","M","M","M","M","R","M","?","T","?","?","M","M","?","R","BOSS"],"build_version":"2018-05-17","seed_source_timestamp":497004585702468,"purchased_purges":0,"victory":false,"master_deck":["Strike_R","Strike_R","Strike_R","Strike_R","Strike_R","Defend_R","Defend_R","Defend_R","Bash","Feed+1","Whirlwind","Flex"],"max_hp_per_floor":[75,78,81,84,87,87,91,95,95,95,95,99,103,107,107,107],"relics":["Burning Blood","Blood Vial","Regal Pillow"],"card_choices":[{"not_picked":["Bludgeon","Juggernaut"],"picked":"Feed","floor":0},{"not_picked":["Anger","Carnage","Armaments"],"picked":"SKIP","floor":1},{"not_picked":["Armaments","Rupture","Cleave"],"picked":"SKIP","floor":2},{"not_picked":["Flame Barrier","Clothesline","Corruption"],"picked":"SKIP","floor":3},{"not_picked":["Hemokinesis","Headbutt","Twin Strike"],"picked":"SKIP","floor":4},{"not_picked":["Disarm","Searing Blow","Rage"],"picked":"SKIP","floor":5},{"not_picked":["True Grit","Pummel","Anger"],"picked":"SKIP","floor":7},{"not_picked":["Blood for Blood","Clash"],"picked":"Whirlwind","floor":8},{"not_picked":["Thunderclap","Iron Wave"],"picked":"Flex","floor":12},{"not_picked":["Cleave","Disarm","Pummel"],"picked":"SKIP","floor":13}],"player_experience":113721,"potions_floor_usage":[16,16,16],"damage_taken":[{"damage":6,"enemies":"Cultist","floor":1,"turns":3},{"damage":12,"enemies":"Jaw Worm","floor":2,"turns":3},{"damage":7,"enemies":"2 Louse","floor":3,"turns":3},{"damage":15,"enemies":"2 Fungi Beasts","floor":4,"turns":5},{"damage":19,"enemies":"Blue Slaver","floor":5,"turns":4},{"damage":20,"enemies":"Exordium Thugs","floor":7,"turns":5},{"damage":16,"enemies":"3 Louse","floor":8,"turns":5},{"damage":13,"enemies":"Blue Slaver","floor":12,"turns":2},{"damage":22,"enemies":"Exordium Thugs","floor":13,"turns":4},{"damage":31,"enemies":"3 Sentries","floor":14,"turns":6},{"damage":64,"enemies":"The Guardian","floor":16,"turns":9}],"relics_obtained":[{"floor":9,"key":"Blood Vial"},{"floor":14,"key":"Regal Pillow"}],"event_choices":[{"event_name":"Transmorgrifier","player_choice":"Transform","floor":10,"damage_taken":0},{"event_name":"Living Wall","player_choice":"Forget","floor":11,"damage_taken":0},{"event_name":"Dead Adventurer","player_choice":"Searched \u00272\u0027 times","floor":14,"damage_taken":0}],"boss_relics":[],"potions_floor_spawned":[3,4,5,12,13],"seed_played":"8961303971235883152","killed_by":"The Guardian","ascension_level":8,"potions_obtained":[{"floor":3,"key":"GamblersBrew"},{"floor":4,"key":"Swift Potion"},{"floor":5,"key":"PowerPotion"}],"is_trial":false}