{"gold_per_floor":[117,117,129,204,204,239,239,251,274,274,274,274,287,302,302,380,380],"floor_reached":17,"playtime":305,"items_purged":[],"score":342,"play_id":"5988179e-c38c-43a8-a35e-cad23d7973fe","local_time":"20190203110538","is_ascension_mode":true,"campfire_choices":[{"data":"Bash","floor":7,"key":"SMITH"},{"data":"Strike_R","floor":11,"key":"SMITH"},{"data":"Demon Form","floor":15,"key":"SMITH"}],"neow_cost":"NONE","seed_source_timestamp":494900680716900,"circlet_count":0,"master_deck":["AscendersBane","Strike_R","Strike_R","Strike_R","Strike_R+1","Strike_R","Defend_R","Defend_R","Defend_R","Defend_R","Bash+1","Demon Form+1","Immolate"],"relics":["Burning Blood","NeowsBlessing","Blood Vial","Bag of Preparation","Fusion Hammer"],"potions_floor_usage":[16,16],"damage_taken":[{"damage":0,"enemies":"Jaw Worm","floor":1,"turns":1},{"damage":0,"enemies":"Small Slimes","floor":3,"turns":1},{"damage":0,"enemies":"Gremlin Nob","floor":6,"turns":1},{"damage":1,"enemies":"Cultist","floor":8,"turns":3},{"damage":19,"enemies":"Exordium Wildlife","floor":13,"turns":3},{"damage":14,"enemies":"Red Slaver","floor":14,"turns":4},{"damage":34,"enemies":"Hexaghost","floor":16,"turns":9}],"seed_played":"-1728086832761356431","potions_obtained":[{"floor":6,"key":"AttackPotion"},{"floor":13,"key":"SteroidPotion"}],"is_trial":false,"path_per_floor":["M","$","M","?","?","E","R","M","T","?","R","$","M","M","R","B",null],"character_chosen":"IRONCLAD","items_purchased":[],"campfire_rested":0,"item_purchase_floors":[],"current_hp_per_floor":[74,74,75,64,60,66,66,73,73,62,62,62,51,45,45,19,61],"gold":380,"neow_bonus":"THREE_ENEMY_KILL","is_prod":false,"is_daily":false,"chose_seed":false,"campfire_upgraded":3,"win_rate":0,"timestamp":1549188338,"path_taken":["M","$","M","?","?","E","R","?","T","?","R","$","?","M","R","BOSS"],"build_version":"2019-01-23","purchased_purges":0,"victory":false,"max_hp_per_floor":[75,75,75,75,75,75,75,75,75,75,75,75,75,75,75,75,75],"card_choices":[{"not_picked":["Flex","Shrug It Off","Metallicize"],"picked":"SKIP","floor":1},{"not_picked":["Fire Breathing","Reckless Charge","Havoc"],"picked":"SKIP","floor":3},{"not_picked":["Clothesline","Inflame","Wild Strike"],"picked":"SKIP","floor":6},{"not_picked":["Inflame","Burning Pact","Feel No Pain"],"picked":"SKIP","floor":8},{"not_picked":["Inflame","Wild Strike"],"picked":"Demon Form","floor":13},{"not_picked":["Sword Boomerang","Wild Strike","Heavy Blade"],"picked":"SKIP","floor":14},{"not_picked":["Double Tap","Reaper"],"picked":"Immolate","floor":16}],"player_experience":318379,"relics_obtained":[{"floor":6,"key":"Blood Vial"},{"floor":9,"key":"Bag of Preparation"}],"event_choices":[{"damage_healed":0,"gold_gain":75,"player_choice":"Gather Gold","damage_taken":11,"max_hp_gain":0,"max_hp_loss":0,"event_name":"World of Goop","floor":4,"gold_loss":0},{"damage_healed":0,"gold_gain":0,"player_choice":"Bought 0 Potions","damage_taken":0,"max_hp_gain":0,"max_hp_loss":0,"event_name":"The Woman in Blue","floor":5,"gold_loss":0},{"damage_healed":0,"gold_gain":0,"player_choice":"Damaged","damage_taken":11,"max_hp_gain":0,"max_hp_loss":0,"event_name":"Wheel of Change","floor":10,"gold_loss":0}],"is_beta":false,"boss_relics":[{"not_picked":["Empty Cage","Coffee Dripper"],"picked":"Fusion Hammer"}],"items_purged_floors":[],"is_endless":false,"potions_floor_spawned":[6,13],"ascension_level":18}