{"gold_per_floor":[112,112,124,139,214,247,247,247,247,277,377,387,387,402,402,500,500,510,176,195,195,1,27,27,27,57,69,69,69],"floor_reached":29,"playtime":1713,"items_purged":["Strike_R","Strike_R"],"score":314,"play_id":"37eabb7d-ba76-4d6e-89fe-618d47bb6b3d","local_time":"20190114011922","is_ascension_mode":true,"campfire_choices":[{"floor":7,"key":"REST"},{"data":"Armaments","floor":13,"key":"SMITH"},{"data":"Inflame","floor":15,"key":"SMITH"},{"floor":24,"key":"REST"}],"neow_cost":"PERCENT_DAMAGE","seed_source_timestamp":437031227508658,"circlet_count":0,"master_deck":["Defend_R","Defend_R","Defend_R","Defend_R","Bash","Armaments+1","Sever Soul","Power Through","Headbutt","Ghostly Armor","Body Slam","Inflame+1","Reaper","Clothesline","Thunderclap","True Grit+1","Shrug It Off","Flame Barrier"],"relics":["Burning Blood","Question Card","Omamori","Ancient Tea Set","Runic Cube","Mercury Hourglass","The Courier","Anchor","Magic Flower","Tiny Chest"],"potions_floor_usage":[6,18,23,29,29],"damage_taken":[{"damage":1,"enemies":"Small Slimes","floor":1,"turns":6},{"damage":6,"enemies":"Cultist","floor":3,"turns":4},{"damage":2,"enemies":"Jaw Worm","floor":4,"turns":3},{"damage":36,"enemies":"Lagavulin","floor":6,"turns":8},{"damage":20,"enemies":"Gremlin Nob","floor":10,"turns":4},{"damage":6,"enemies":"Looter","floor":12,"turns":3},{"damage":0,"enemies":"Large Slime","floor":14,"turns":4},{"damage":32,"enemies":"Slime Boss","floor":16,"turns":10},{"damage":53,"enemies":"3 Byrds","floor":18,"turns":10},{"damage":8,"enemies":"Shell Parasite","floor":20,"turns":10},{"damage":30,"enemies":"Slavers","floor":23,"turns":7},{"damage":13,"enemies":"Shelled Parasite and Fungi","floor":27,"turns":11},{"damage":37,"enemies":"Book of Stabbing","floor":29,"turns":8}],"seed_played":"3025285430589429632","potions_obtained":[{"floor":1,"key":"LiquidBronze"},{"floor":3,"key":"Dexterity Potion"},{"floor":14,"key":"Energy Potion"},{"floor":16,"key":"Fire Potion"},{"floor":23,"key":"SteroidPotion"},{"floor":27,"key":"GamblersBrew"}],"is_trial":false,"path_per_floor":["M","?","M","M","?","E","R","?","T","E","?","M","R","M","R","B",null,"M","$","M","?","$","E","R","?","T","M","?","E"],"character_chosen":"IRONCLAD","items_purchased":["Mercury Hourglass","Anchor"],"campfire_rested":2,"item_purchase_floors":[19,22],"current_hp_per_floor":[61,61,61,65,54,24,48,41,41,27,27,27,27,33,33,7,62,23,23,23,23,23,14,38,38,38,34,34,0],"gold":69,"neow_bonus":"REMOVE_TWO","is_prod":false,"is_daily":false,"chose_seed":false,"campfire_upgraded":2,"win_rate":0,"timestamp":1547421562,"path_taken":["M","?","M","?","?","E","R","?","T","E","?","?","R","M","R","BOSS","M","$","M","?","$","E","R","?","T","M","?","E"],"build_version":"2019-01-10","purchased_purges":2,"victory":false,"max_hp_per_floor":[80,80,80,80,80,80,80,80,80,80,80,80,80,80,80,80,80,80,80,80,80,80,80,80,80,80,80,80,80],"card_choices":[{"not_picked":["Perfected Strike","Sentinel"],"picked":"Armaments","floor":1},{"not_picked":["Perfected Strike","Sword Boomerang"],"picked":"Sever Soul","floor":3},{"not_picked":["Flex","Armaments"],"picked":"Power Through","floor":4},{"not_picked":["Power Through","Fire Breathing"],"picked":"Headbutt","floor":6},{"not_picked":["Reckless Charge","Burning Pact","Warcry"],"picked":"Ghostly Armor","floor":10},{"not_picked":["Entrench","True Grit","Twin Strike"],"picked":"Body Slam","floor":12},{"not_picked":["Headbutt","Searing Blow","Havoc"],"picked":"Inflame","floor":14},{"not_picked":["Exhume","Berserk","Fiend Fire"],"picked":"Reaper","floor":16},{"not_picked":["Evolve","Sword Boomerang+1","Heavy Blade+1"],"picked":"Clothesline","floor":18},{"not_picked":["Infernal Blade","Wild Strike","Sentinel+1"],"picked":"Thunderclap","floor":20},{"not_picked":["Rampage+1","Dark Embrace","Sever Soul"],"picked":"True Grit+1","floor":23},{"not_picked":["Cleave+1","Evolve+1","True Grit"],"picked":"Shrug It Off","floor":27}],"player_experience":106421,"relics_obtained":[{"floor":6,"key":"Question Card"},{"floor":9,"key":"Omamori"},{"floor":10,"key":"Ancient Tea Set"},{"floor":23,"key":"Magic Flower"},{"floor":26,"key":"Tiny Chest"}],"event_choices":[{"damage_healed":0,"gold_gain":0,"player_choice":"Bought 0 Potions","damage_taken":0,"max_hp_gain":0,"max_hp_loss":0,"event_name":"The Woman in Blue","floor":2,"gold_loss":0},{"damage_healed":0,"gold_gain":75,"player_choice":"Gather Gold","damage_taken":11,"max_hp_gain":0,"max_hp_loss":0,"event_name":"World of Goop","floor":5,"gold_loss":0},{"cards_removed":["Strike_R"],"damage_healed":0,"gold_gain":0,"player_choice":"Card Removal","damage_taken":7,"max_hp_gain":0,"max_hp_loss":0,"event_name":"Golden Wing","floor":8,"gold_loss":0},{"damage_healed":0,"gold_gain":100,"player_choice":"Gold","damage_taken":0,"max_hp_gain":0,"max_hp_loss":0,"event_name":"Wheel of Change","floor":11,"gold_loss":0},{"damage_healed":0,"gold_gain":0,"player_choice":"Opened","damage_taken":0,"relics_obtained":["The Courier"],"max_hp_gain":0,"max_hp_loss":0,"event_name":"The Mausoleum","floor":21,"gold_loss":0},{"damage_healed":0,"gold_gain":0,"player_choice":"Ignored","damage_taken":0,"max_hp_gain":0,"max_hp_loss":0,"event_name":"Ghosts","floor":25,"gold_loss":0},{"damage_healed":0,"gold_gain":0,"player_choice":"Read","damage_taken":0,"max_hp_gain":0,"max_hp_loss":0,"event_name":"The Library","floor":28,"gold_loss":0,"cards_obtained":["Flame Barrier"]}],"is_beta":false,"boss_relics":[{"not_picked":["White Beast Statue","Snecko Eye"],"picked":"Runic Cube"}],"items_purged_floors":[19,22],"is_endless":false,"potions_floor_spawned":[1,3,14,16,23,27],"killed_by":"Book of Stabbing","ascension_level":5}