{"gold_per_floor":[114,22,22,37,52,52,82,82,132,147,162,162,14,29,29,129,129,144,144,144,219,234,234],"floor_reached":23,"playtime":1366,"items_purged":["Regret"],"score":191,"play_id":"c376423d-ea2f-47fa-b2ff-f1568ed3d520","local_time":"20190114223132","daily_mods":["Heirloom","Diverse","Night Terrors"],"is_ascension_mode":false,"campfire_choices":[{"data":"Zap","floor":6,"key":"SMITH"},{"data":"Redo","floor":8,"key":"SMITH"},{"floor":15,"key":"REST"}],"neow_cost":"","seed_source_timestamp":467576582294658,"circlet_count":0,"master_deck":["Strike_B","Strike_B","Strike_B","Strike_B","Defend_B","Defend_B","Defend_B","Defend_B","Zap+1","Dualcast","Hologram","Deadly Poison","Cold Snap","Redo+1","Redo","Ball Lightning","Genetic Algorithm","Second Wind","Bandage Up","Thunderclap","Barricade","Dodge and Roll","Blur"],"special_seed":17910,"relics":["Cracked Core","Dead Branch","WarpedTongs","Emotion Chip","Smiling Mask","Fusion Hammer","Cables"],"potions_floor_usage":[16,23,23],"damage_taken":[{"damage":1,"enemies":"Cultist","floor":1,"turns":3},{"damage":1,"enemies":"Jaw Worm","floor":4,"turns":4},{"damage":5,"enemies":"2 Louse","floor":5,"turns":2},{"damage":18,"enemies":"3 Sentries","floor":7,"turns":9},{"damage":7,"enemies":"Red Slaver","floor":10,"turns":3},{"damage":9,"enemies":"3 Louse","floor":11,"turns":4},{"damage":0,"enemies":"Blue Slaver","floor":14,"turns":3},{"damage":22,"enemies":"Hexaghost","floor":16,"turns":10},{"damage":5,"enemies":"3 Byrds","floor":18,"turns":3},{"damage":20,"enemies":"Colosseum Slavers","floor":20,"turns":4},{"damage":7,"enemies":"Shell Parasite","floor":22,"turns":5},{"damage":57,"enemies":"Gremlin Leader","floor":23,"turns":7}],"seed_played":"-1411169466540276601","potions_obtained":[{"floor":5,"key":"Poison Potion"},{"floor":7,"key":"Block Potion"},{"floor":11,"key":"GamblersBrew"},{"floor":16,"key":"AttackPotion"},{"floor":18,"key":"EssenceOfSteel"}],"is_trial":false,"path_per_floor":["M","$","?","M","M","R","E","R","T","M","M","?","$","M","R","B",null,"M","?","?","T","M","E"],"character_chosen":"DEFECT","items_purchased":["Deadly Poison","Cold Snap","Bandage Up"],"campfire_rested":1,"item_purchase_floors":[2,2,13],"current_hp_per_floor":[74,74,74,73,68,68,50,50,50,43,34,34,34,38,70,52,70,65,65,49,49,46,0],"gold":234,"neow_bonus":"","is_prod":false,"is_daily":true,"chose_seed":false,"campfire_upgraded":2,"win_rate":0,"timestamp":1547497892,"path_taken":["M","?","?","M","M","R","E","R","T","?","M","?","$","M","R","BOSS","M","?","?","?","?","E"],"build_version":"2019-01-10","purchased_purges":1,"victory":false,"max_hp_per_floor":[75,75,75,75,75,75,75,75,75,75,75,75,75,75,70,70,70,70,70,70,70,70,70],"card_choices":[{"not_picked":["Ball Lightning","Gash"],"picked":"Hologram","floor":1},{"not_picked":["Coolheaded","Conserve Battery"],"picked":"Redo","floor":4},{"not_picked":["Headbutt","Armaments"],"picked":"Redo","floor":5},{"not_picked":["Heavy Blade","Undo"],"picked":"Ball Lightning","floor":7},{"not_picked":["Caltrops","Dagger Throw"],"picked":"Genetic Algorithm","floor":10},{"not_picked":["Rebound","Double Tap"],"picked":"Second Wind","floor":11},{"not_picked":["Evolve","Force Field"],"picked":"Thunderclap","floor":14},{"not_picked":["Buffer","Juggernaut"],"picked":"Barricade","floor":16},{"not_picked":["Ball Lightning","Poisoned Stab"],"picked":"Dodge and Roll","floor":18},{"not_picked":["Reinforced Body+1","Sever Soul","Turbo"],"picked":"SKIP","floor":22},{"not_picked":["Reinforced Body+1","Sever Soul","Turbo"],"picked":"SKIP","floor":22}],"player_experience":76602,"relics_obtained":[{"floor":7,"key":"Emotion Chip"},{"floor":9,"key":"Smiling Mask"},{"floor":21,"key":"Cables"}],"event_choices":[{"damage_healed":0,"gold_gain":0,"player_choice":"Rummage","damage_taken":0,"relics_obtained":["WarpedTongs"],"max_hp_gain":0,"max_hp_loss":0,"event_name":"Accursed Blacksmith","floor":3,"gold_loss":0,"cards_obtained":["Pain"]},{"damage_healed":0,"gold_gain":0,"cards_transformed":["Pain"],"player_choice":"Transformed","damage_taken":0,"max_hp_gain":0,"max_hp_loss":0,"event_name":"Transmorgrifier","floor":12,"gold_loss":0,"cards_obtained":["Regret"]},{"damage_healed":0,"gold_gain":0,"player_choice":"Read","damage_taken":0,"max_hp_gain":0,"max_hp_loss":0,"event_name":"The Library","floor":19,"gold_loss":0,"cards_obtained":["Blur"]},{"damage_healed":0,"gold_gain":0,"player_choice":"Fight","damage_taken":0,"max_hp_gain":0,"max_hp_loss":0,"event_name":"Colosseum","floor":20,"gold_loss":0},{"damage_healed":0,"gold_gain":0,"player_choice":"Fled From Nobs","damage_taken":0,"max_hp_gain":0,"max_hp_loss":0,"event_name":"Colosseum","floor":20,"gold_loss":0}],"is_beta":false,"boss_relics":[{"not_picked":["Runic Pyramid","Snecko Eye"],"picked":"Fusion Hammer"}],"items_purged_floors":[13],"is_endless":false,"potions_floor_spawned":[5,7,11,14,16,18],"killed_by":"Gremlin Leader","ascension_level":0}