{"gold_per_floor":[115,127,127,127,127,162,162,187,238,66,66,80,80,111,111,188,238,255,274,274],"floor_reached":20,"playtime":871,"items_purged":[],"score":342,"play_id":"712ce0d7-fa6b-4ddd-a709-990b8209ab00","local_time":"20190201084247","is_ascension_mode":true,"campfire_choices":[{"floor":7,"key":"REST"},{"floor":11,"key":"REST"},{"floor":13,"key":"REST"},{"floor":15,"key":"REST"}],"neow_cost":"NONE","seed_source_timestamp":312962792316800,"circlet_count":0,"master_deck":["AscendersBane","Strike_R","Strike_R","Strike_R","Strike_R","Strike_R","Defend_R","Defend_R","Defend_R","Bash","Havoc","Burning Pact+1","Burning Pact+1","True Grit","Evolve","Uppercut","Immolate","Impervious+1","Headbutt+1"],"relics":["Mark of Pain","Ancient Tea Set","Kunai","Oddly Smooth Stone","PreservedInsect","Dream Catcher","War Paint","Tiny House"],"potions_floor_usage":[6,8,8,18],"damage_taken":[{"damage":6,"enemies":"Jaw Worm","floor":1,"turns":4},{"damage":3,"enemies":"2 Louse","floor":2,"turns":2},{"damage":44,"enemies":"Gremlin Nob","floor":6,"turns":5},{"damage":31,"enemies":"3 Sentries","floor":8,"turns":11},{"damage":0,"enemies":"Cultist","floor":12,"turns":3},{"damage":16,"enemies":"Gremlin Nob","floor":14,"turns":3},{"damage":41,"enemies":"The Guardian","floor":16,"turns":14},{"damage":9,"enemies":"Chosen","floor":18,"turns":4},{"damage":44,"enemies":"2 Thieves","floor":19,"turns":5},{"damage":14,"enemies":"Shelled Parasite and Fungi","floor":20,"turns":1}],"seed_played":"-1397757293785559720","potions_obtained":[{"floor":2,"key":"GamblersBrew"},{"floor":5,"key":"Dexterity Potion"},{"floor":6,"key":"Dexterity Potion"},{"floor":8,"key":"Explosive Potion"},{"floor":16,"key":"SpeedPotion"},{"floor":17,"key":"Regen Potion"},{"floor":18,"key":"Swift Potion"}],"is_trial":false,"path_per_floor":["M","M","?","?","?","E","R","E","T","$","R","M","R","E","R","B",null,"M","M","M"],"character_chosen":"IRONCLAD","items_purchased":["Dream Catcher"],"campfire_rested":4,"item_purchase_floors":[10],"current_hp_per_floor":[62,59,59,54,54,10,32,1,1,1,23,23,45,29,51,10,64,55,11,0],"gold":274,"neow_bonus":"BOSS_RELIC","is_prod":false,"is_daily":false,"chose_seed":false,"campfire_upgraded":0,"win_rate":0,"timestamp":1549006967,"path_taken":["M","M","?","?","?","E","R","E","T","$","R","M","R","E","R","BOSS","M","?","M"],"build_version":"2019-01-23","purchased_purges":0,"victory":false,"max_hp_per_floor":[75,75,75,75,75,75,75,75,75,75,75,75,75,75,75,75,80,80,80,80],"card_choices":[{"not_picked":["Clash","Flex"],"picked":"Havoc","floor":1},{"not_picked":["Hemokinesis","Rampage","Warcry"],"picked":"SKIP","floor":2},{"not_picked":["Seeing Red","Rupture","Warcry"],"picked":"SKIP","floor":6},{"not_picked":["True Grit","Heavy Blade"],"picked":"Burning Pact","floor":8},{"not_picked":["Flex","Blood for Blood"],"picked":"True Grit","floor":11},{"not_picked":["Blood for Blood","Wild Strike"],"picked":"Evolve","floor":12},{"not_picked":["Dual Wield","Headbutt"],"picked":"Uppercut","floor":13},{"not_picked":["Anger","Shockwave"],"picked":"Immolate","floor":14},{"not_picked":["Bludgeon","Limit Break"],"picked":"Impervious","floor":16},{"not_picked":["Havoc","Body Slam"],"picked":"Headbutt+1","floor":18},{"not_picked":["Thunderclap","Pommel Strike","Battle Trance"],"picked":"SKIP","floor":19}],"player_experience":291744,"relics_obtained":[{"floor":6,"key":"Kunai"},{"floor":8,"key":"Oddly Smooth Stone"},{"floor":9,"key":"PreservedInsect"},{"floor":14,"key":"War Paint"}],"event_choices":[{"damage_healed":0,"gold_gain":0,"cards_transformed":["Defend_R"],"player_choice":"Change","damage_taken":0,"max_hp_gain":0,"max_hp_loss":0,"event_name":"Living Wall","floor":3,"gold_loss":0,"cards_obtained":["Burning Pact"]},{"damage_healed":0,"gold_gain":0,"player_choice":"Success","damage_taken":5,"relics_obtained":["Ancient Tea Set"],"max_hp_gain":0,"max_hp_loss":0,"event_name":"Scrap Ooze","floor":4,"gold_loss":0},{"damage_healed":0,"gold_gain":0,"player_choice":"Got Potions","damage_taken":0,"max_hp_gain":0,"max_hp_loss":0,"event_name":"Lab","floor":5,"gold_loss":0}],"is_beta":false,"boss_relics":[{"not_picked":["Runic Cube","White Beast Statue"],"picked":"Tiny House"}],"items_purged_floors":[],"is_endless":false,"potions_floor_spawned":[2,6,8,16,18],"killed_by":"Shelled Parasite and Fungi","ascension_level":16}