{"gold_per_floor":[119,194,144,31,31,59,59,94,94,110,120,120,20,45,45,144,144,160,260,279,378,390,390],"floor_reached":23,"playtime":1789,"items_purged":["Strike_G","Regret"],"score":368,"play_id":"ce6d0c55-0495-45dc-ba84-75f2edfe60c9","local_time":"20190101190451","is_ascension_mode":true,"campfire_choices":[{"data":"Noxious Fumes","floor":7,"key":"SMITH"},{"data":"Neutralize","floor":15,"key":"SMITH"}],"neow_cost":"NONE","seed_source_timestamp":63658656272952,"circlet_count":0,"master_deck":["Defend_G","Defend_G","Defend_G","Defend_G","Defend_G","Strike_G","Strike_G","Strike_G","Survivor","Neutralize+1","Noxious Fumes+1","Escape Plan","Corpse Explosion","Blur+1","Blur+1","Backflip+1","Grand Finale","Dodge and Roll+1"],"relics":["Ring of the Snake","NeowsBlessing","Bag of Marbles","Lantern","Ice Cream","Toxic Egg 2","Du-Vu Doll","Black Star","Gambling Chip","Dodecahedron"],"potions_floor_usage":[19,19,19,23],"damage_taken":[{"damage":0,"enemies":"Jaw Worm","floor":1,"turns":1},{"damage":0,"enemies":"Lagavulin","floor":6,"turns":1},{"damage":0,"enemies":"Gremlin Nob","floor":8,"turns":1},{"damage":3,"enemies":"2 Louse","floor":10,"turns":3},{"damage":5,"enemies":"Small Slimes","floor":11,"turns":4},{"damage":1,"enemies":"Lagavulin","floor":14,"turns":8},{"damage":0,"enemies":"The Guardian","floor":16,"turns":11},{"damage":0,"enemies":"Spheric Guardian","floor":18,"turns":5},{"damage":10,"enemies":"Colosseum Slavers","floor":19,"turns":9},{"damage":16,"enemies":"Colosseum Nobs","floor":19,"turns":3},{"damage":2,"enemies":"Chosen","floor":20,"turns":7},{"damage":0,"enemies":"Snake Plant","floor":22,"turns":4},{"damage":45,"enemies":"Book of Stabbing","floor":23,"turns":10}],"seed_played":"5846224816072173470","potions_obtained":[{"floor":8,"key":"AttackPotion"},{"floor":11,"key":"Strength Potion"},{"floor":14,"key":"Strength Potion"},{"floor":20,"key":"Block Potion"},{"floor":22,"key":"Energy Potion"}],"is_trial":false,"path_per_floor":["M","?","?","$","?","E","R","E","T","M","M","?","$","E","R","B",null,"M","?","M","?","M","E"],"character_chosen":"THE_SILENT","items_purchased":["Noxious Fumes"],"campfire_rested":0,"item_purchase_floors":[4],"current_hp_per_floor":[70,59,59,59,59,59,59,59,59,56,51,51,51,50,50,50,70,70,44,42,42,42,0],"gold":390,"neow_bonus":"THREE_ENEMY_KILL","is_prod":false,"is_daily":false,"chose_seed":false,"campfire_upgraded":2,"win_rate":0,"timestamp":1546362291,"path_taken":["M","?","?","$","?","E","R","E","T","M","M","?","?","E","R","BOSS","M","?","M","?","M","E"],"build_version":"2018-12-20","purchased_purges":2,"victory":false,"max_hp_per_floor":[70,70,70,70,70,70,70,70,70,70,70,70,70,70,70,70,70,70,70,70,70,70,70],"card_choices":[{"not_picked":["Blade Dance","Prepared","Slice"],"picked":"SKIP","floor":1},{"not_picked":["Finisher","Terror"],"picked":"Escape Plan","floor":6},{"not_picked":["Leg Sweep","Acrobatics"],"picked":"Corpse Explosion","floor":8},{"not_picked":["Well Laid Plans","Acrobatics+1"],"picked":"Blur+1","floor":10},{"not_picked":["Acrobatics+1","Deflect+1"],"picked":"Blur+1","floor":11},{"not_picked":["Tactician+1","Acrobatics+1"],"picked":"Backflip+1","floor":14},{"not_picked":["Die Die Die","Envenom"],"picked":"Grand Finale","floor":16},{"not_picked":["Accuracy","Bouncing Flask+1"],"picked":"Dodge and Roll+1","floor":18},{"not_picked":["Infinite Blades","All Out Attack","Predator"],"picked":"SKIP","floor":20},{"not_picked":["Slice+1","Poisoned Stab+1","Quick Slash+1"],"picked":"SKIP","floor":22}],"player_experience":84180,"relics_obtained":[{"floor":6,"key":"Lantern"},{"floor":8,"key":"Ice Cream"},{"floor":9,"key":"Toxic Egg 2"},{"floor":14,"key":"Du-Vu Doll"},{"floor":19,"key":"Gambling Chip"},{"floor":19,"key":"Dodecahedron"}],"event_choices":[{"damage_healed":0,"gold_gain":75,"player_choice":"Gather Gold","damage_taken":11,"max_hp_gain":0,"max_hp_loss":0,"event_name":"World of Goop","floor":2,"gold_loss":0},{"cards_removed":["Strike_G"],"damage_healed":0,"gold_gain":0,"player_choice":"Card Removal","damage_taken":0,"max_hp_gain":0,"max_hp_loss":0,"event_name":"The Cleric","floor":3,"gold_loss":50},{"damage_healed":0,"gold_gain":0,"player_choice":"Box","damage_taken":0,"relics_obtained":["Bag of Marbles"],"max_hp_gain":0,"max_hp_loss":0,"event_name":"Big Fish","floor":5,"gold_loss":0,"cards_obtained":["Regret"]},{"damage_healed":0,"gold_gain":0,"player_choice":"Ignored","damage_taken":0,"max_hp_gain":0,"max_hp_loss":0,"event_name":"Liars Game","floor":12,"gold_loss":0},{"damage_healed":0,"gold_gain":0,"player_choice":"Fight","damage_taken":0,"max_hp_gain":0,"max_hp_loss":0,"event_name":"Colosseum","floor":19,"gold_loss":0},{"damage_healed":0,"gold_gain":0,"player_choice":"Fought Nobs","damage_taken":0,"max_hp_gain":0,"max_hp_loss":0,"event_name":"Colosseum","floor":19,"gold_loss":0},{"damage_healed":0,"gold_gain":99,"player_choice":"Stole From Cult","damage_taken":0,"max_hp_gain":0,"max_hp_loss":0,"event_name":"Nest","floor":21,"gold_loss":0}],"is_beta":false,"boss_relics":[{"not_picked":["Tiny House","Coffee Dripper"],"picked":"Black Star"}],"items_purged_floors":[4,13],"is_endless":false,"potions_floor_spawned":[8,11,14,19,20,22],"killed_by":"Book of Stabbing","ascension_level":4}