{"gold_per_floor":[112,61,61,76,76,76,96,96,146,159,177,202,240,261,261,261],"floor_reached":16,"playtime":552,"items_purged":[],"score":104,"play_id":"f9c3ead3-ede0-4502-91c5-c2cdb30c824c","local_time":"20181006231425","is_ascension_mode":false,"campfire_choices":[{"data":"Bash","floor":6,"key":"SMITH"},{"data":"Strike_R","floor":8,"key":"SMITH"},{"floor":15,"key":"REST"}],"neow_cost":"","seed_source_timestamp":1166173913303902,"circlet_count":0,"master_deck":["Strike_R","Strike_R","Strike_R","Strike_R","Strike_R+1","Defend_R","Defend_R","Defend_R","Defend_R","Bash+1","Rampage","Evolve"],"relics":["Burning Blood","Blue Candle","Golden Idol","Art of War","Potion Belt"],"potions_floor_usage":[16,16,16],"damage_taken":[{"damage":2,"enemies":"Small Slimes","floor":1,"turns":3},{"damage":1,"enemies":"Cultist","floor":4,"turns":3},{"damage":2,"enemies":"2 Louse","floor":7,"turns":4},{"damage":17,"enemies":"Exordium Wildlife","floor":10,"turns":5},{"damage":9,"enemies":"Blue Slaver","floor":11,"turns":3},{"damage":11,"enemies":"Exordium Thugs","floor":12,"turns":4},{"damage":36,"enemies":"Lagavulin","floor":13,"turns":7},{"damage":11,"enemies":"3 Louse","floor":14,"turns":4},{"damage":40,"enemies":"The Guardian","floor":16,"turns":11}],"seed_played":"6990576639144650156","potions_obtained":[{"floor":4,"key":"EssenceOfSteel"},{"floor":10,"key":"EssenceOfSteel"},{"floor":13,"key":"Dexterity Potion"}],"is_trial":false,"path_per_floor":["M","?","?","M","?","R","M","R","T","M","M","M","E","M","R"],"character_chosen":"IRONCLAD","items_purchased":[],"campfire_rested":1,"item_purchase_floors":[],"current_hp_per_floor":[80,80,60,65,65,65,69,69,69,58,55,50,20,15,39,0],"gold":261,"neow_bonus":"","is_prod":false,"is_daily":false,"chose_seed":false,"campfire_upgraded":2,"win_rate":0,"timestamp":1538860465,"path_taken":["M","?","?","?","?","R","?","R","T","M","M","M","E","M","R","BOSS"],"build_version":"2018-10-04v2","purchased_purges":0,"victory":false,"max_hp_per_floor":[80,80,80,80,80,80,80,80,80,80,80,80,80,80,80,80],"card_choices":[{"not_picked":["Armaments","Sword Boomerang","Power Through"],"picked":"SKIP","floor":1},{"not_picked":["Perfected Strike","Warcry","Havoc"],"picked":"SKIP","floor":4},{"not_picked":["Headbutt","Bloodletting","Clothesline"],"picked":"SKIP","floor":7},{"not_picked":["Clothesline","Iron Wave"],"picked":"Rampage","floor":10},{"not_picked":["Havoc","Rupture","Heavy Blade"],"picked":"SKIP","floor":11},{"not_picked":["Twin Strike","Uppercut","Wild Strike"],"picked":"SKIP","floor":12},{"not_picked":["Bloodletting","Body Slam","Immolate"],"picked":"SKIP","floor":13},{"not_picked":["Hemokinesis","Evolve","Havoc"],"picked":"SKIP","floor":14},{"not_picked":["Hemokinesis","Havoc"],"picked":"Evolve","floor":14}],"player_experience":224561,"relics_obtained":[{"floor":9,"key":"Art of War"},{"floor":13,"key":"Potion Belt"}],"event_choices":[{"event_name":"WeMeetAgain","player_choice":"Gold","floor":2,"damage_taken":0},{"event_name":"Golden Idol","player_choice":"Take Damage","floor":3,"damage_taken":0},{"event_name":"Liars Game","player_choice":"disagreed","floor":5,"damage_taken":0}],"is_beta":false,"boss_relics":[],"items_purged_floors":[],"is_endless":false,"potions_floor_spawned":[4,10,13],"killed_by":"The Guardian","ascension_level":0}