{"gold_per_floor":[118,118,137,62,12,27,27,61,142,42,42,117,117,129,129,129],"floor_reached":16,"playtime":432,"items_purged":["Strike_R","Strike_R"],"score":127,"play_id":"5f9b03ba-97e2-4ab4-bc41-4c83acdd7f74","local_time":"20190125233936","is_ascension_mode":true,"campfire_choices":[{"data":"Entrench","floor":7,"key":"SMITH"},{"data":"True Grit","floor":11,"key":"SMITH"},{"floor":13,"key":"REST"},{"data":"True Grit","floor":15,"key":"SMITH"}],"neow_cost":"NONE","seed_source_timestamp":112104553860508,"circlet_count":0,"master_deck":["Strike_R","Strike_R","Defend_R","Defend_R","Defend_R","Defend_R","Bash","Entrench+1","Spot Weakness","True Grit+1","True Grit+1"],"relics":["Burning Blood","Lantern","Juzu Bracelet","Blood Vial","Kunai"],"potions_floor_usage":[16,16],"damage_taken":[{"damage":7,"enemies":"Small Slimes","floor":1,"turns":3},{"damage":7,"enemies":"Jaw Worm","floor":3,"turns":3},{"damage":5,"enemies":"2 Louse","floor":6,"turns":4},{"damage":50,"enemies":"3 Sentries","floor":8,"turns":14},{"damage":7,"enemies":"2 Fungi Beasts","floor":14,"turns":5},{"damage":47,"enemies":"Slime Boss","floor":16,"turns":6}],"seed_played":"-6085375887011830780","potions_obtained":[{"floor":1,"key":"Weak Potion"},{"floor":14,"key":"Fire Potion"}],"is_trial":false,"path_per_floor":["M","?","M","$","?","M","R","E","T","$","R","?","R","M","R","B"],"character_chosen":"IRONCLAD","items_purchased":[],"campfire_rested":1,"item_purchase_floors":[],"current_hp_per_floor":[71,64,63,63,63,64,64,20,20,20,20,9,33,34,34,0],"gold":129,"neow_bonus":"RANDOM_COMMON_RELIC","is_prod":false,"is_daily":false,"chose_seed":false,"campfire_upgraded":3,"win_rate":0,"timestamp":1548452376,"path_taken":["M","?","M","$","?","M","R","E","T","$","R","?","R","M","R","BOSS"],"build_version":"2019-01-23","purchased_purges":2,"victory":false,"max_hp_per_floor":[80,80,80,80,80,80,80,80,80,80,80,80,80,80,80,80],"card_choices":[{"not_picked":["Corruption","Heavy Blade"],"picked":"Entrench","floor":1},{"not_picked":["Anger","Rage","Clash"],"picked":"SKIP","floor":3},{"not_picked":["Cleave","Shrug It Off"],"picked":"Spot Weakness","floor":6},{"not_picked":["Anger","Heavy Blade"],"picked":"True Grit","floor":8},{"not_picked":["Pommel Strike","Reckless Charge"],"picked":"True Grit","floor":14}],"player_experience":136656,"relics_obtained":[{"floor":8,"key":"Blood Vial"},{"floor":9,"key":"Kunai"}],"event_choices":[{"damage_healed":0,"gold_gain":0,"player_choice":"Success","damage_taken":7,"relics_obtained":["Juzu Bracelet"],"max_hp_gain":0,"max_hp_loss":0,"event_name":"Scrap Ooze","floor":2,"gold_loss":0},{"cards_removed":["Strike_R"],"damage_healed":0,"gold_gain":0,"player_choice":"Card Removal","damage_taken":0,"max_hp_gain":0,"max_hp_loss":0,"event_name":"The Cleric","floor":5,"gold_loss":50},{"damage_healed":0,"gold_gain":75,"player_choice":"Gather Gold","damage_taken":11,"max_hp_gain":0,"max_hp_loss":0,"event_name":"World of Goop","floor":12,"gold_loss":0}],"is_beta":false,"boss_relics":[],"items_purged_floors":[4,10],"is_endless":false,"potions_floor_spawned":[1,14],"killed_by":"Slime Boss","ascension_level":6}