{"gold_per_floor":[112,75,105,105,124,149,161,178,201,201,201,215,231,231,231,231],"floor_reached":16,"playtime":850,"items_purged":[],"score":102,"play_id":"7d974642-5682-4a0f-8172-2bdef25baa12","local_time":"20190218160437","is_ascension_mode":false,"campfire_choices":[{"floor":11,"key":"REST"},{"floor":15,"key":"REST"}],"neow_cost":"NONE","seed_source_timestamp":574209927956266,"circlet_count":0,"master_deck":["Strike_B","Strike_B","Strike_B","Strike_B","Defend_B","Defend_B","Defend_B","Defend_B","Zap","Dualcast","Turbo","Hello World","Ball Lightning","Doom and Gloom","Meteor Strike+1","Defragment","Injury","Go for the Eyes","White Noise","Leap","Amplify"],"relics":["Eternal Feather","Tiny Chest","Happy Flower","Dream Catcher","Golden Idol"],"potions_floor_usage":[6,6,6,16,16],"damage_taken":[{"damage":4,"enemies":"2 Louse","floor":1,"turns":4},{"damage":1,"enemies":"Cultist","floor":5,"turns":4},{"damage":42,"enemies":"3 Sentries","floor":6,"turns":9},{"damage":5,"enemies":"Small Slimes","floor":7,"turns":3},{"damage":15,"enemies":"Looter","floor":8,"turns":3},{"damage":11,"enemies":"Lots of Slimes","floor":12,"turns":3},{"damage":8,"enemies":"Blue Slaver","floor":13,"turns":4},{"damage":54,"enemies":"Hexaghost","floor":16,"turns":7}],"seed_played":"3472302919135873149","potions_obtained":[{"floor":4,"key":"Poison Potion"},{"floor":4,"key":"EntropicBrew"},{"floor":4,"key":"Poison Potion"},{"floor":6,"key":"Energy Potion"}],"is_trial":false,"path_per_floor":["M","$","?","?","M","E","M","M","T","?","R","M","M","?","R","B"],"character_chosen":"DEFECT","items_purchased":["Hello World"],"campfire_rested":2,"item_purchase_floors":[2],"current_hp_per_floor":[71,71,68,68,67,25,20,5,5,5,36,25,17,17,51,0],"gold":231,"neow_bonus":"BOSS_RELIC","is_prod":false,"is_daily":false,"chose_seed":false,"campfire_upgraded":0,"win_rate":0.0,"timestamp":1550477077,"path_taken":["M","$","?","?","?","E","M","M","T","?","R","M","M","?","R","BOSS"],"build_version":"2019-01-23","purchased_purges":0,"victory":false,"max_hp_per_floor":[75,75,75,75,75,75,75,75,75,75,75,75,75,75,75,75],"card_choices":[{"not_picked":["Leap","Sweeping Beam"],"picked":"Turbo","floor":1},{"not_picked":["Steam Power","Turbo"],"picked":"Ball Lightning","floor":5},{"not_picked":["Rip and Tear","Compile Driver"],"picked":"Doom and Gloom","floor":6},{"not_picked":["Steam Power","Darkness"],"picked":"Meteor Strike","floor":7},{"not_picked":["Gash","Compile Driver"],"picked":"Defragment","floor":8},{"not_picked":["Stack","Turbo"],"picked":"Go for the Eyes","floor":11},{"not_picked":["Cold Snap","Turbo"],"picked":"White Noise","floor":12},{"not_picked":["Steam","Rip and Tear"],"picked":"Leap","floor":13},{"not_picked":["Stack","Rebound"],"picked":"Amplify","floor":15}],"player_experience":105283,"relics_obtained":[{"floor":6,"key":"Happy Flower"},{"floor":9,"key":"Dream Catcher"}],"event_choices":[{"damage_healed":0,"gold_gain":0,"player_choice":"Success","damage_taken":3,"relics_obtained":["Tiny Chest"],"max_hp_gain":0,"max_hp_loss":0,"event_name":"Scrap Ooze","floor":3,"gold_loss":0},{"damage_healed":0,"gold_gain":0,"player_choice":"Got Potions","damage_taken":0,"max_hp_gain":0,"max_hp_loss":0,"event_name":"Lab","floor":4,"gold_loss":0},{"damage_healed":0,"gold_gain":0,"player_choice":"Take Wound","damage_taken":0,"relics_obtained":["Golden Idol"],"max_hp_gain":0,"max_hp_loss":0,"event_name":"Golden Idol","floor":10,"gold_loss":0,"cards_obtained":["Injury"]},{"damage_healed":0,"gold_gain":0,"player_choice":"Upgraded","damage_taken":0,"max_hp_gain":0,"max_hp_loss":0,"event_name":"Upgrade Shrine","floor":14,"gold_loss":0,"cards_upgraded":["Meteor Strike"]}],"is_beta":false,"boss_relics":[],"items_purged_floors":[],"is_endless":false,"potions_floor_spawned":[6,8,13],"killed_by":"Hexaghost","ascension_level":0}