{"gold_per_floor":[111,88,163,180,180,180,213,213,213,173,149,166,183,183],"floor_reached":14,"playtime":605,"items_purged":[],"score":92,"play_id":"3c240028-421c-4cb9-9f1a-df53c8d7d0af","local_time":"20190218220540","is_ascension_mode":true,"campfire_choices":[{"floor":6,"key":"RECALL"}],"neow_cost":"NONE","seed_source_timestamp":593015110537217,"circlet_count":0,"master_deck":["Strike_R","Strike_R","Strike_R","Strike_R","Strike_R","Defend_R","Defend_R","Defend_R+1","Defend_R","Bash","Dropkick","Pommel Strike","Flame Barrier+1","Perfected Strike","Armaments","Perfected Strike","Flex"],"relics":["Mark of Pain","War Paint"],"potions_floor_usage":[13,13],"damage_taken":[{"damage":1,"enemies":"Cultist","floor":1,"turns":3},{"damage":5,"enemies":"Small Slimes","floor":4,"turns":3},{"damage":61,"enemies":"3 Sentries","floor":7,"turns":16},{"damage":0,"enemies":"2 Louse","floor":12,"turns":2},{"damage":0,"enemies":"Large Slime","floor":13,"turns":5},{"damage":5,"enemies":"Lots of Slimes","floor":14,"turns":1}],"seed_played":"-4069130024051072579","potions_obtained":[{"floor":10,"key":"PowerPotion"},{"floor":10,"key":"SneckoOil"},{"floor":10,"key":"SkillPotion"}],"is_trial":false,"path_per_floor":["M","$","?","M","$","R","E","?","T","?","$","M","M","M"],"character_chosen":"IRONCLAD","items_purchased":["Pommel Strike","Armaments"],"campfire_rested":0,"item_purchase_floors":[2,11],"current_hp_per_floor":[79,79,68,63,63,63,2,2,2,2,2,2,2,0],"gold":183,"neow_bonus":"BOSS_RELIC","is_prod":false,"is_daily":false,"chose_seed":false,"campfire_upgraded":0,"win_rate":0,"timestamp":1550498740,"path_taken":["M","?","?","M","$","R","E","?","T","?","$","M","M","?"],"build_version":"2019-01-23","purchased_purges":0,"victory":false,"max_hp_per_floor":[80,80,80,80,80,80,80,80,80,80,80,80,80,80],"card_choices":[{"not_picked":["Iron Wave","Twin Strike"],"picked":"Dropkick","floor":1},{"not_picked":["Twin Strike","Perfected Strike"],"picked":"Flame Barrier","floor":4},{"not_picked":["Double Tap","Wild Strike"],"picked":"Perfected Strike","floor":7},{"not_picked":["True Grit","Metallicize"],"picked":"Perfected Strike","floor":12},{"not_picked":["Iron Wave","Havoc"],"picked":"Flex","floor":13}],"player_experience":112036,"relics_obtained":[{"floor":7,"key":"War Paint"}],"event_choices":[{"damage_healed":0,"gold_gain":75,"player_choice":"Gather Gold","damage_taken":11,"max_hp_gain":0,"max_hp_loss":0,"event_name":"World of Goop","floor":3,"gold_loss":0},{"damage_healed":0,"gold_gain":0,"player_choice":"Fled","damage_taken":0,"max_hp_gain":0,"max_hp_loss":0,"event_name":"Scrap Ooze","floor":8,"gold_loss":0},{"damage_healed":0,"gold_gain":0,"player_choice":"Bought 3 Potions","damage_taken":0,"max_hp_gain":0,"max_hp_loss":0,"event_name":"The Woman in Blue","floor":10,"gold_loss":0}],"is_beta":false,"boss_relics":[],"items_purged_floors":[],"is_endless":false,"potions_floor_spawned":[12],"killed_by":"Lots of Slimes","ascension_level":1}