{"gold_per_floor":[114,114,114,39,53,92,92,126,194,194,237,267,310,310,310,406,406,427,427],"floor_reached":19,"playtime":731,"items_purged":["Regret"],"score":367,"play_id":"a37f7dbe-0e61-4da0-94f7-d093dd91bb00","local_time":"20190129134708","is_ascension_mode":true,"campfire_choices":[{"data":"Bash","floor":7,"key":"SMITH"},{"data":"Battle Trance","floor":10,"key":"SMITH"},{"data":"1","floor":15,"key":"LIFT"}],"neow_cost":"NONE","seed_source_timestamp":72158898753200,"circlet_count":0,"master_deck":["AscendersBane","Strike_R","Strike_R","Strike_R","Strike_R","Defend_R","Defend_R","Defend_R","Defend_R","Bash+1","Battle Trance+1","Inflame","True Grit","Double Tap","Headbutt","True Grit+1"],"relics":["Burning Blood","NeowsBlessing","Bronze Scales","Golden Idol","Centennial Puzzle","Red Skull","Question Card","Thread and Needle","Girya","Bottled Tornado","Runic Pyramid"],"potions_floor_usage":[16,19],"damage_taken":[{"damage":0,"enemies":"Jaw Worm","floor":1,"turns":1},{"damage":0,"enemies":"2 Louse","floor":5,"turns":1},{"damage":0,"enemies":"Lagavulin","floor":6,"turns":2},{"damage":37,"enemies":"Gremlin Nob","floor":8,"turns":5},{"damage":16,"enemies":"3 Sentries","floor":11,"turns":7},{"damage":12,"enemies":"Gremlin Nob","floor":13,"turns":3},{"damage":9,"enemies":"The Guardian","floor":16,"turns":12},{"damage":23,"enemies":"Shell Parasite","floor":18,"turns":4},{"damage":9,"enemies":"Colosseum Slavers","floor":19,"turns":5},{"damage":46,"enemies":"Colosseum Nobs","floor":19,"turns":3}],"seed_played":"4848362467530308250","potions_obtained":[{"floor":5,"key":"BloodPotion"},{"floor":13,"key":"Dexterity Potion"},{"floor":18,"key":"Block Potion"}],"is_trial":false,"path_per_floor":["M","?","?","$","M","E","R","E","T","R","E","?","E","?","R","B",null,"M","?"],"character_chosen":"IRONCLAD","items_purchased":[],"campfire_rested":0,"item_purchase_floors":[],"current_hp_per_floor":[74,74,56,56,62,68,68,37,37,37,27,27,21,14,14,11,59,42,0],"gold":427,"neow_bonus":"THREE_ENEMY_KILL","is_prod":false,"is_daily":false,"chose_seed":false,"campfire_upgraded":2,"win_rate":0,"timestamp":1548766028,"path_taken":["M","?","?","$","M","E","R","E","T","R","E","?","E","?","R","BOSS","M","?"],"build_version":"2019-01-23","purchased_purges":1,"victory":false,"max_hp_per_floor":[75,75,75,75,75,75,75,75,75,75,75,75,75,75,75,75,75,75,75],"card_choices":[{"not_picked":["Body Slam","Clash"],"picked":"Battle Trance","floor":1},{"not_picked":["Pommel Strike","Battle Trance"],"picked":"Inflame","floor":5},{"not_picked":["Evolve","Cleave"],"picked":"True Grit","floor":6},{"not_picked":["Rage","Rupture","Blood for Blood"],"picked":"SKIP","floor":8},{"not_picked":["Shrug It Off","Havoc","Intimidate"],"picked":"Double Tap","floor":11},{"not_picked":["Rage","Bloodletting","Thunderclap"],"picked":"Headbutt","floor":13},{"not_picked":["Clothesline","Sever Soul","Armaments"],"picked":"True Grit+1","floor":18}],"player_experience":272751,"relics_obtained":[{"floor":6,"key":"Centennial Puzzle"},{"floor":8,"key":"Red Skull"},{"floor":9,"key":"Question Card"},{"floor":11,"key":"Thread and Needle"},{"floor":13,"key":"Bottled Tornado"}],"event_choices":[{"damage_healed":0,"gold_gain":0,"player_choice":"Box","damage_taken":0,"relics_obtained":["Bronze Scales"],"max_hp_gain":0,"max_hp_loss":0,"event_name":"Big Fish","floor":2,"gold_loss":0,"cards_obtained":["Regret"]},{"damage_healed":0,"gold_gain":0,"player_choice":"Take Damage","damage_taken":18,"relics_obtained":["Golden Idol"],"max_hp_gain":0,"max_hp_loss":0,"event_name":"Golden Idol","floor":3,"gold_loss":0},{"damage_healed":0,"gold_gain":30,"player_choice":"Searched \u00272\u0027 times","damage_taken":0,"relics_obtained":["Girya"],"max_hp_gain":0,"max_hp_loss":0,"event_name":"Dead Adventurer","floor":12,"gold_loss":0},{"cards_removed":["Strike_R"],"damage_healed":0,"gold_gain":0,"player_choice":"Card Removal","damage_taken":7,"max_hp_gain":0,"max_hp_loss":0,"event_name":"Golden Wing","floor":14,"gold_loss":0},{"damage_healed":0,"gold_gain":0,"player_choice":"Fight","damage_taken":0,"max_hp_gain":0,"max_hp_loss":0,"event_name":"Colosseum","floor":19,"gold_loss":0},{"damage_healed":0,"gold_gain":0,"player_choice":"Fought Nobs","damage_taken":0,"max_hp_gain":0,"max_hp_loss":0,"event_name":"Colosseum","floor":19,"gold_loss":0}],"is_beta":false,"boss_relics":[{"not_picked":["Eternal Feather","Fusion Hammer"],"picked":"Runic Pyramid"}],"items_purged_floors":[4],"is_endless":false,"potions_floor_spawned":[5,13,18],"killed_by":"Colosseum Nobs","ascension_level":14}