{"gold_per_floor":[114,4,4,4,27,27,63,63,63,79,114,114,154,54,54,185,185,206,281,304,318,64,64,125,125,177,200,238,238,273,286,286,405,405,430,430,430],"floor_reached":37,"playtime":6630,"items_purged":["Strike_G","Strike_G"],"score":657,"play_id":"f1bf5e16-1be2-4eb3-974d-ec235cc7f864","local_time":"20190215001043","is_ascension_mode":true,"campfire_choices":[{"data":"Crippling Poison","floor":6,"key":"SMITH"},{"data":"Footwork","floor":8,"key":"SMITH"},{"data":"Deadly Poison","floor":15,"key":"SMITH"},{"data":"Burst","floor":23,"key":"SMITH"},{"data":"Deadly Poison","floor":32,"key":"SMITH"}],"neow_cost":"NONE","seed_source_timestamp":0,"circlet_count":0,"master_deck":["Defend_G","Defend_G","Defend_G","Defend_G","Defend_G+1","Strike_G","Strike_G","Strike_G","Survivor","Neutralize","Deadly Poison+1","Crippling Poison+1","Footwork+1","Deadly Poison+1","Quick Slash","Dodge and Roll","Burst+1","Caltrops+1","Ghostly","Ghostly","Ghostly+1","Ghostly","Ghostly","Writhe","Die Die Die","Caltrops+1","Wraith Form v2+1","Tools of the Trade+1"],"special_seed":0,"relics":["Ring of the Snake","NeowsBlessing","Golden Idol","Mango","Dream Catcher","Darkstone Periapt","Bird Faced Urn","Bottled Tornado","Cursed Key","Frozen Egg 2","Tiny Chest","War Paint","Mercury Hourglass","Letter Opener","Fusion Hammer"],"potions_floor_usage":[11,13,20,37,37,37],"damage_taken":[{"damage":0,"enemies":"Jaw Worm","floor":1,"turns":1},{"damage":0,"enemies":"2 Louse","floor":5,"turns":1},{"damage":0,"enemies":"3 Sentries","floor":7,"turns":1},{"damage":17,"enemies":"Small Slimes","floor":10,"turns":4},{"damage":36,"enemies":"Gremlin Nob","floor":11,"turns":4},{"damage":1,"enemies":"Lagavulin","floor":13,"turns":6},{"damage":15,"enemies":"Hexaghost","floor":16,"turns":10},{"damage":1,"enemies":"Shell Parasite","floor":18,"turns":5},{"damage":5,"enemies":"Chosen","floor":20,"turns":5},{"damage":0,"enemies":"Centurion and Healer","floor":21,"turns":8},{"damage":21,"enemies":"Gremlin Leader","floor":24,"turns":8},{"damage":3,"enemies":"Snake Plant","floor":27,"turns":4},{"damage":1,"enemies":"Slavers","floor":28,"turns":7},{"damage":2,"enemies":"Gremlin Leader","floor":30,"turns":6},{"damage":7,"enemies":"Cultist and Chosen","floor":31,"turns":5},{"damage":1,"enemies":"Automaton","floor":33,"turns":10},{"damage":10,"enemies":"Orb Walker","floor":35,"turns":3},{"damage":57,"enemies":"Time Eater","floor":37,"turns":12}],"seed_played":"-7766402937714513280","potions_obtained":[{"floor":10,"key":"Fire Potion"},{"floor":11,"key":"GhostInAJar"},{"floor":16,"key":"GhostInAJar"},{"floor":18,"key":"Dexterity Potion"},{"floor":20,"key":"EssenceOfSteel"},{"floor":28,"key":"SteroidPotion"},{"floor":31,"key":"Poison Potion"}],"is_trial":false,"path_per_floor":["M","$","?","?","M","R","E","R","T","M","E","?","E","$","R","B",null,"M","?","M","M","$","R","E","?","T","M","E","?","E","M","R","B",null,"M","?","B"],"character_chosen":"THE_SILENT","items_purchased":["Crippling Poison","Frozen Egg 2"],"campfire_rested":0,"item_purchase_floors":[2,22],"current_hp_per_floor":[63,63,63,77,77,77,77,77,77,60,24,24,25,25,25,12,62,63,56,53,55,55,55,36,36,42,42,44,44,43,42,42,45,45,35,35,0],"gold":430,"neow_bonus":"THREE_ENEMY_KILL","is_prod":false,"is_daily":false,"chose_seed":false,"campfire_upgraded":5,"win_rate":0,"timestamp":1550185843,"path_taken":["M","$","?","?","?","R","E","R","T","M","E","?","E","?","R","BOSS","M","?","?","M","$","R","E","?","T","M","E","?","E","?","R","BOSS","M","?","BOSS"],"build_version":"2019-01-23","purchased_purges":2,"victory":false,"max_hp_per_floor":[70,70,65,79,79,79,79,79,79,79,79,79,79,79,79,79,79,79,79,79,79,79,79,79,39,45,45,45,45,45,45,45,45,45,45,45,45],"card_choices":[{"not_picked":["Dagger Throw","Slice"],"picked":"Deadly Poison","floor":1},{"not_picked":["Underhanded Strike","Flying Knee"],"picked":"Footwork","floor":5},{"not_picked":["Tactician","Finisher"],"picked":"Deadly Poison","floor":7},{"not_picked":["Concentrate","Prepared","Deflect"],"picked":"SKIP","floor":10},{"not_picked":["Deflect","Prepared"],"picked":"Quick Slash","floor":11},{"not_picked":["Outmaneuver","Backstab"],"picked":"Dodge and Roll","floor":13},{"not_picked":["Storm of Steel","A Thousand Cuts"],"picked":"Burst","floor":16},{"not_picked":["Flying Knee","Underhanded Strike","Bane"],"picked":"SKIP","floor":18},{"not_picked":["Sucker Punch","Bane","Terror"],"picked":"SKIP","floor":20},{"not_picked":["Deadly Poison+1","Dagger Throw","Riddle With Holes+1"],"picked":"SKIP","floor":21},{"not_picked":["Endless Agony","Acrobatics"],"picked":"Caltrops+1","floor":24},{"not_picked":["Dagger Spray+1","Dodge and Roll","Prepared"],"picked":"SKIP","floor":27},{"not_picked":["Flying Knee","Deadly Poison"],"picked":"Die Die Die","floor":28},{"not_picked":["Eviscerate","After Image+1"],"picked":"Wraith Form v2+1","floor":30},{"not_picked":["Tactician","Outmaneuver","Bane+1"],"picked":"SKIP","floor":31},{"not_picked":["Phantasmal Killer","After Image+1"],"picked":"Tools of the Trade+1","floor":33},{"not_picked":["Quick Slash","Poisoned Stab","Infinite Blades+1"],"picked":"SKIP","floor":35}],"player_experience":413597,"relics_obtained":[{"floor":7,"key":"Dream Catcher"},{"floor":9,"key":"Darkstone Periapt"},{"floor":11,"key":"Bird Faced Urn"},{"floor":13,"key":"Bottled Tornado"},{"floor":24,"key":"Tiny Chest"},{"floor":26,"key":"War Paint"},{"floor":28,"key":"Mercury Hourglass"},{"floor":30,"key":"Letter Opener"}],"event_choices":[{"damage_healed":0,"gold_gain":0,"player_choice":"Lose Max HP","damage_taken":0,"relics_obtained":["Golden Idol"],"max_hp_gain":0,"max_hp_loss":5,"event_name":"Golden Idol","floor":3,"gold_loss":0},{"damage_healed":0,"gold_gain":0,"player_choice":"Box","damage_taken":0,"relics_obtained":["Mango"],"max_hp_gain":0,"max_hp_loss":0,"event_name":"Big Fish","floor":4,"gold_loss":0,"cards_obtained":["Regret"]},{"cards_removed":["Regret"],"damage_healed":0,"gold_gain":0,"player_choice":"Removed Curses","damage_taken":0,"max_hp_gain":0,"max_hp_loss":0,"event_name":"Fountain of Cleansing","floor":12,"gold_loss":0},{"damage_healed":0,"gold_gain":75,"player_choice":"Touch","damage_taken":7,"max_hp_gain":0,"max_hp_loss":0,"event_name":"FaceTrader","floor":19,"gold_loss":0},{"damage_healed":0,"gold_gain":0,"player_choice":"Became a Ghost","damage_taken":0,"max_hp_gain":0,"max_hp_loss":40,"event_name":"Ghosts","floor":25,"gold_loss":0,"cards_obtained":["Ghostly","Ghostly","Ghostly","Ghostly","Ghostly"]},{"damage_healed":0,"gold_gain":0,"player_choice":"Read","damage_taken":0,"max_hp_gain":0,"max_hp_loss":0,"event_name":"The Library","floor":29,"gold_loss":0,"cards_obtained":["Caltrops"]},{"damage_healed":0,"gold_gain":0,"player_choice":"Took Portal","damage_taken":0,"max_hp_gain":0,"max_hp_loss":0,"event_name":"SecretPortal","floor":36,"gold_loss":0}],"is_beta":false,"boss_relics":[{"not_picked":["Ring of the Serpent","Tiny House"],"picked":"Cursed Key"},{"not_picked":["White Beast Statue","HoveringKite"],"picked":"Fusion Hammer"}],"items_purged_floors":[2,14],"is_endless":false,"potions_floor_spawned":[10,11,16,18,20,28,31,35],"killed_by":"Time Eater","ascension_level":7}