{"gold_per_floor":[110,126,139,153,171,171,196,196,220,220,220,220,231,241,241,316,316,329,12,0,10,10,10,29,29,103,103,103,118,129,54,54,54],"floor_reached":33,"playtime":1122,"items_purged":["Defend_B"],"score":461,"play_id":"5676b7d8-4926-4741-8125-93c0070057de","local_time":"20190202143402","is_ascension_mode":true,"campfire_choices":[{"floor":6,"key":"REST"},{"floor":8,"key":"REST"},{"floor":10,"key":"REST"},{"data":"Zap","floor":15,"key":"SMITH"},{"data":"Self Repair","floor":23,"key":"SMITH"},{"floor":25,"key":"REST"},{"floor":27,"key":"REST"},{"floor":32,"key":"REST"}],"neow_cost":"NONE","seed_source_timestamp":1403800261061824,"circlet_count":0,"master_deck":["AscendersBane","Strike_B","Strike_B","Strike_B","Defend_B","Defend_B","Defend_B","Zap+1","Dualcast","Gash","Conserve Battery","BootSequence","Machine Learning","Ball Lightning","Leap","Sunder+1","Chill","Leap","Core Surge","Self Repair+1","Ball Lightning"],"relics":["Cracked Core","Juzu Bracelet","Centennial Puzzle","Busted Crown","Art of War","Pen Nib","Bottled Flame","CultistMask"],"potions_floor_usage":[7,7,33],"damage_taken":[{"damage":0,"enemies":"Cultist","floor":1,"turns":3},{"damage":2,"enemies":"Jaw Worm","floor":2,"turns":3},{"damage":5,"enemies":"Small Slimes","floor":3,"turns":3},{"damage":2,"enemies":"2 Fungi Beasts","floor":4,"turns":5},{"damage":54,"enemies":"Gremlin Gang","floor":5,"turns":5},{"damage":15,"enemies":"Lagavulin","floor":7,"turns":5},{"damage":3,"enemies":"Exordium Wildlife","floor":13,"turns":4},{"damage":4,"enemies":"2 Fungi Beasts","floor":14,"turns":3},{"damage":23,"enemies":"Slime Boss","floor":16,"turns":11},{"damage":17,"enemies":"Chosen","floor":18,"turns":5},{"damage":7,"enemies":"Shell Parasite","floor":21,"turns":5},{"damage":46,"enemies":"Snake Plant","floor":24,"turns":7},{"damage":28,"enemies":"Shelled Parasite and Fungi","floor":29,"turns":6},{"damage":13,"enemies":"Sentry and Sphere","floor":30,"turns":4},{"damage":63,"enemies":"Champ","floor":33,"turns":7}],"seed_played":"-6297058936818739034","potions_obtained":[{"floor":1,"key":"SteroidPotion"},{"floor":3,"key":"Strength Potion"},{"floor":4,"key":"Dexterity Potion"},{"floor":18,"key":"FearPotion"},{"floor":24,"key":"Energy Potion"},{"floor":30,"key":"LiquidBronze"}],"is_trial":false,"path_per_floor":["M","M","M","M","M","R","E","R","T","R","?","?","M","M","R","B",null,"M","$","?","M","?","R","M","R","T","R","?","M","M","?","R","B"],"character_chosen":"DEFECT","items_purchased":["Art of War","Self Repair"],"campfire_rested":6,"item_purchase_floors":[19,19],"current_hp_per_floor":[64,62,57,55,1,22,7,28,28,49,49,71,68,64,64,41,64,47,47,47,47,47,47,11,32,32,53,53,35,32,32,53,0],"gold":54,"neow_bonus":"TRANSFORM_CARD","is_prod":false,"is_daily":false,"chose_seed":false,"campfire_upgraded":2,"win_rate":0,"timestamp":1549085642,"path_taken":["M","?","?","M","M","R","E","R","T","R","?","?","M","M","R","BOSS","M","$","?","M","?","R","M","R","T","R","?","M","M","?","R","BOSS"],"build_version":"2019-01-23","purchased_purges":1,"victory":false,"max_hp_per_floor":[71,71,71,71,71,71,71,71,71,71,71,71,71,71,71,71,71,71,71,71,71,71,71,71,71,71,71,71,71,71,71,71,71],"card_choices":[{"not_picked":["Aggregate","Go for the Eyes"],"picked":"Conserve Battery","floor":1},{"not_picked":["Hologram","Steam"],"picked":"BootSequence","floor":2},{"not_picked":["Gash","Recycle"],"picked":"Machine Learning","floor":3},{"not_picked":["Force Field","Beam Cell"],"picked":"Ball Lightning","floor":4},{"not_picked":["Doom and Gloom","Hologram"],"picked":"Leap","floor":5},{"not_picked":["Skim","Stack"],"picked":"Sunder","floor":7},{"not_picked":["Streamline","Steam"],"picked":"Chill","floor":13},{"not_picked":["Streamline","Turbo"],"picked":"Leap","floor":14},{"not_picked":["Machine Learning","Hyperbeam"],"picked":"Core Surge","floor":16},{"not_picked":["Storm"],"picked":"SKIP","floor":18},{"not_picked":[],"picked":"Ball Lightning","floor":21},{"not_picked":["Rebound"],"picked":"SKIP","floor":24},{"not_picked":["Compile Driver"],"picked":"SKIP","floor":29},{"not_picked":["Barrage"],"picked":"SKIP","floor":30}],"player_experience":590227,"relics_obtained":[{"floor":7,"key":"Juzu Bracelet"},{"floor":9,"key":"Centennial Puzzle"},{"floor":26,"key":"Bottled Flame"}],"event_choices":[{"damage_healed":0,"gold_gain":0,"player_choice":"Upgraded","damage_taken":0,"max_hp_gain":0,"max_hp_loss":0,"event_name":"Upgrade Shrine","floor":11,"gold_loss":0,"cards_upgraded":["Sunder"]},{"damage_healed":23,"gold_gain":0,"player_choice":"Banana","damage_taken":0,"max_hp_gain":0,"max_hp_loss":0,"event_name":"Big Fish","floor":12,"gold_loss":0},{"damage_healed":0,"gold_gain":0,"player_choice":"Paid Fearfully","damage_taken":0,"max_hp_gain":0,"max_hp_loss":0,"event_name":"Masked Bandits","floor":20,"gold_loss":12},{"damage_healed":0,"gold_gain":0,"player_choice":"Stole Relic","damage_taken":0,"relics_obtained":["Pen Nib"],"max_hp_gain":0,"max_hp_loss":0,"event_name":"Addict","floor":22,"gold_loss":0,"cards_obtained":["Shame"]},{"damage_healed":0,"gold_gain":0,"player_choice":"Trade","damage_taken":0,"relics_obtained":["CultistMask"],"max_hp_gain":0,"max_hp_loss":0,"event_name":"FaceTrader","floor":28,"gold_loss":0},{"cards_removed":["Shame"],"damage_healed":0,"gold_gain":0,"player_choice":"Gave Gold","damage_taken":0,"max_hp_gain":0,"max_hp_loss":0,"event_name":"Beggar","floor":31,"gold_loss":75}],"is_beta":false,"boss_relics":[{"not_picked":["Calling Bell","Philosopher\u0027s Stone"],"picked":"Busted Crown"}],"items_purged_floors":[19],"is_endless":false,"potions_floor_spawned":[1,3,4,18,24,30],"killed_by":"Champ","ascension_level":17}