{"path_per_floor":["M","?","M","$","?","R","E","R","T","M","M","$","R","M","R","B",null,"M","M","?","?","?","R","M","$","T","R","?","M","R","M","R","B",null,"M","$","M","?","M","R","M","?","T","R","M","M","R","M","R"],"character_chosen":"IRONCLAD","items_purchased":["Searing Blow","Battle Trance","Headbutt"],"gold_per_floor":[118,293,308,80,80,80,114,114,114,134,150,50,50,63,63,165,165,181,196,196,111,111,111,131,6,6,6,6,17,17,27,27,123,123,139,139,156,0,16,16,28,28,97,97,110,129,129,144,144,144],"floor_reached":50,"campfire_rested":3,"playtime":1650,"current_hp_per_floor":[35,35,40,40,33,33,7,31,31,25,25,25,25,30,30,18,65,79,79,79,79,79,79,73,73,83,83,83,65,65,71,71,34,76,69,69,34,34,14,41,35,79,79,79,68,64,64,45,68,0],"items_purged":["Doubt","Strike_R","Strike_R"],"gold":144,"score":704,"play_id":"ebd3b1b9-9e6a-41c4-a672-c0558771d4d2","local_time":"20180523031221","is_prod":false,"is_daily":false,"chose_seed":false,"is_ascension_mode":true,"campfire_upgraded":9,"timestamp":1527037941,"campfire_choices":[{"data":"Searing Blow","floor":6,"key":"SMITH"},{"floor":8,"key":"REST"},{"data":"Searing Blow+1","floor":13,"key":"SMITH"},{"data":"Searing Blow+2","floor":15,"key":"SMITH"},{"data":"Searing Blow+3","floor":23,"key":"SMITH"},{"data":"Searing Blow+4","floor":27,"key":"SMITH"},{"data":"Searing Blow+5","floor":30,"key":"SMITH"},{"data":"Searing Blow+6","floor":32,"key":"SMITH"},{"floor":40,"key":"REST"},{"data":"Searing Blow+7","floor":44,"key":"SMITH"},{"data":"Searing Blow+8","floor":47,"key":"SMITH"},{"floor":49,"key":"REST"}],"path_taken":["M","?","?","?","?","R","E","R","T","M","M","$","R","M","R","BOSS","M","M","?","?","?","R","?","$","T","R","?","M","R","M","R","BOSS","M","?","?","?","M","R","M","?","T","R","?","M","R","M","R","BOSS"],"build_version":"2018-05-17","seed_source_timestamp":279321812333020,"purchased_purges":3,"victory":false,"master_deck":["Strike_R","Strike_R","Defend_R","Defend_R","Defend_R","Defend_R","Bash","AscendersBane","Searing Blow+9","Battle Trance","Headbutt","Battle Trance","Twin Strike","Double Tap","Thunderclap"],"max_hp_per_floor":[80,80,80,80,80,80,80,80,80,80,80,80,80,80,80,80,80,80,80,80,80,80,80,80,80,90,90,90,90,90,90,90,90,90,90,90,90,90,90,90,90,79,79,79,79,79,79,79,79,79],"relics":["Burning Blood","Bronze Scales","Oddly Smooth Stone","Mark of Pain","Art of War","Pear","Runic Cube","Red Mask","Toolbox"],"card_choices":[{"not_picked":["Impervious","Reaper"],"picked":"Bludgeon","floor":0},{"not_picked":["Body Slam","Anger","Wild Strike"],"picked":"SKIP","floor":1},{"not_picked":["Anger","Warcry","Clash"],"picked":"SKIP","floor":3},{"not_picked":["Blood for Blood","Second Wind","Havoc"],"picked":"SKIP","floor":7},{"not_picked":["Anger","Body Slam","Uppercut"],"picked":"SKIP","floor":10},{"not_picked":["Iron Wave","Clash"],"picked":"Battle Trance","floor":11},{"not_picked":["Demon Form","Pummel","Body Slam"],"picked":"SKIP","floor":14},{"not_picked":["Sword Boomerang","Havoc"],"picked":"Twin Strike","floor":18},{"not_picked":["Twin Strike","Ghostly Armor","Fire Breathing"],"picked":"SKIP","floor":19},{"not_picked":["Sword Boomerang+1","Twin Strike+1","Rage"],"picked":"SKIP","floor":24},{"not_picked":["Warcry+1","Body Slam","Shrug It Off+1"],"picked":"SKIP","floor":29},{"not_picked":["Wild Strike","Perfected Strike+1","Inflame"],"picked":"SKIP","floor":31},{"not_picked":["Clash+1","Cleave+1"],"picked":"Thunderclap","floor":35},{"not_picked":["Perfected Strike+1","Warcry+1","Headbutt"],"picked":"SKIP","floor":37},{"not_picked":["Dual Wield+1","Hemokinesis","Feel No Pain+1"],"picked":"SKIP","floor":39},{"not_picked":["Bloodletting","Thunderclap+1","Reckless Charge"],"picked":"SKIP","floor":41},{"not_picked":["Entrench+1","Inflame","Bloodletting"],"picked":"SKIP","floor":45},{"not_picked":["Disarm","Carnage+1","Clash"],"picked":"SKIP","floor":46},{"not_picked":["Impervious","Entrench+1","Headbutt+1"],"picked":"SKIP","floor":48}],"player_experience":179741,"potions_floor_usage":[14,18,18,18,18,18,18,18,19,33,33,50,50],"damage_taken":[{"damage":7,"enemies":"Jaw Worm","floor":1,"turns":3},{"damage":1,"enemies":"Cultist","floor":3,"turns":3},{"damage":32,"enemies":"Gremlin Nob","floor":7,"turns":4},{"damage":12,"enemies":"Small Slimes","floor":10,"turns":4},{"damage":6,"enemies":"3 Louse","floor":11,"turns":4},{"damage":1,"enemies":"Blue Slaver","floor":14,"turns":2},{"damage":18,"enemies":"Slime Boss","floor":16,"turns":7},{"damage":0,"enemies":"Chosen","floor":18,"turns":3},{"damage":6,"enemies":"3 Byrds","floor":19,"turns":3},{"damage":12,"enemies":"Cultist and Chosen","floor":24,"turns":3},{"damage":24,"enemies":"Snake Plant","floor":29,"turns":3},{"damage":0,"enemies":"Snecko","floor":31,"turns":2},{"damage":43,"enemies":"Collector","floor":33,"turns":4},{"damage":13,"enemies":"3 Shapes","floor":35,"turns":6},{"damage":41,"enemies":"3 Darklings","floor":37,"turns":4},{"damage":26,"enemies":"Maw","floor":39,"turns":5},{"damage":12,"enemies":"4 Shapes","floor":41,"turns":7},{"damage":17,"enemies":"3 Darklings","floor":45,"turns":8},{"damage":10,"enemies":"Sphere and 2 Shapes","floor":46,"turns":4},{"damage":25,"enemies":"4 Shapes","floor":48,"turns":5},{"damage":70,"enemies":"Awakened One","floor":50,"turns":3}],"relics_obtained":[{"floor":7,"key":"Bronze Scales"},{"floor":9,"key":"Oddly Smooth Stone"},{"floor":26,"key":"Pear"},{"floor":43,"key":"Toolbox"}],"event_choices":[{"event_name":"Liars Game","player_choice":"agreed","floor":2,"damage_taken":0},{"event_name":"Golden Wing","player_choice":"Card Removal","floor":5,"damage_taken":0},{"event_name":"The Woman in Blue","player_choice":"Bought 0 Potions","floor":20,"damage_taken":0},{"event_name":"Addict","player_choice":"Obtained Relic","floor":21,"damage_taken":0},{"event_name":"The Library","player_choice":"Read","floor":22,"damage_taken":0},{"event_name":"Back to Basics","player_choice":"Elegance","floor":28,"damage_taken":0},{"event_name":"Tomb of Lord Red Mask","player_choice":"Paid","floor":38,"damage_taken":0},{"event_name":"The Moai Head","player_choice":"Heal","floor":42,"damage_taken":0}],"boss_relics":[{"not_picked":["Runic Pyramid","White Beast Statue"],"picked":"Mark of Pain"},{"not_picked":["Snecko Eye","Black Star"],"picked":"Runic Cube"}],"potions_floor_spawned":[3,10,11,14,16,18,31,35,41,45,48],"seed_played":"-3985518263190965474","killed_by":"Awakened One","ascension_level":10,"potions_obtained":[{"floor":3,"key":"SpeedPotion"},{"floor":10,"key":"Explosive Potion"},{"floor":11,"key":"Weak Potion"},{"floor":14,"key":"BloodPotion"},{"floor":16,"key":"EntropicBrew"},{"floor":18,"key":"SpeedPotion"},{"floor":31,"key":"PowerPotion"},{"floor":35,"key":"SpeedPotion"},{"floor":41,"key":"FearPotion"},{"floor":45,"key":"AttackPotion"},{"floor":48,"key":"Strength Potion"}],"is_trial":false}