{"path_per_floor":["M","?","M","M","M","R","$","?","T","M","R","M","?","T","R","B",null,"M","?","?","?","M","R"],"character_chosen":"IRONCLAD","items_purchased":[],"gold_per_floor":[113,113,131,141,152,152,77,77,101,121,121,138,138,138,138,233,233,244,244,244,244,255,255,255],"floor_reached":24,"campfire_rested":2,"playtime":958,"current_hp_per_floor":[64,64,58,55,44,44,44,41,41,24,48,51,51,51,51,16,67,41,41,32,32,12,38,0],"items_purged":["Decay"],"gold":255,"score":279,"play_id":"f9722578-7ddb-46d7-9bb4-ec22817ec2d1","local_time":"20180520221120","is_prod":false,"is_daily":false,"chose_seed":false,"is_ascension_mode":true,"campfire_upgraded":2,"timestamp":1526847080,"campfire_choices":[{"data":"Offering","floor":6.0,"key":"SMITH"},{"floor":11.0,"key":"REST"},{"data":"Pommel Strike","floor":15.0,"key":"SMITH"},{"floor":23,"key":"REST"}],"path_taken":["M","?","?","M","M","R","$","?","T","M","R","?","?","?","R","BOSS","M","?","?","?","M","R","M"],"build_version":"2018-05-17","seed_source_timestamp":0,"purchased_purges":1,"victory":false,"master_deck":["Strike_R","Strike_R","Strike_R","Strike_R","Strike_R","Defend_R","Defend_R","Defend_R","Bash","AscendersBane","Offering+1","Good Instincts","Pommel Strike+1","Burning Pact","Exhume","Offering+1"],"max_hp_per_floor":[80,80,80,80,80,80,80,80,80,82,82,84,84,84,84,84,84,86,86,86,86,88,88,88],"relics":["Burning Blood","Singing Bowl","Art of War","Bottled Flame","Runic Cube"],"card_choices":[{"not_picked":["Immolate","Fiend Fire"],"picked":"Offering","floor":0.0},{"not_picked":["True Grit","Sentinel","Body Slam"],"picked":"SKIP","floor":1.0},{"not_picked":["Heavy Blade","Cleave"],"picked":"Pommel Strike","floor":3.0},{"not_picked":["Metallicize","Blood for Blood","Sword Boomerang"],"picked":"SKIP","floor":4.0},{"not_picked":["Flex","Reckless Charge"],"picked":"Burning Pact","floor":5.0},{"not_picked":["Disarm","Flex","Searing Blow"],"picked":"Singing Bowl","floor":10.0},{"not_picked":["Clothesline","Pummel","Metallicize"],"picked":"Singing Bowl","floor":12.0},{"not_picked":["Juggernaut","Limit Break"],"picked":"Exhume","floor":16.0},{"not_picked":["Rupture","Shrug It Off","Cleave+1"],"picked":"Singing Bowl","floor":18},{"not_picked":["Metallicize","Cleave","Anger+1"],"picked":"Singing Bowl","floor":22}],"player_experience":137579,"potions_floor_usage":[],"damage_taken":[{"damage":14.0,"enemies":"Jaw Worm","floor":1.0,"turns":4.0},{"damage":12.0,"enemies":"Cultist","floor":3.0,"turns":3.0},{"damage":9.0,"enemies":"2 Louse","floor":4.0,"turns":3.0},{"damage":17.0,"enemies":"Exordium Wildlife","floor":5.0,"turns":4.0},{"damage":25.0,"enemies":"Exordium Thugs","floor":10.0,"turns":6.0},{"damage":5.0,"enemies":"Looter","floor":12.0,"turns":3.0},{"damage":41.0,"enemies":"The Guardian","floor":16.0,"turns":12.0},{"damage":34.0,"enemies":"Shell Parasite","floor":18.0,"turns":4.0},{"damage":28,"enemies":"Sentry and Sphere","floor":22,"turns":6},{"damage":50,"enemies":"3 Cultists","floor":24,"turns":5}],"relics_obtained":[{"floor":9.0,"key":"Art of War"},{"floor":14.0,"key":"Bottled Flame"}],"event_choices":[{"event_name":"Match and Keep!","player_choice":"1 cards matched","floor":2.0,"damage_taken":0.0},{"event_name":"Scrap Ooze","player_choice":"success","floor":8.0,"damage_taken":3.0},{"event_name":"Living Wall","player_choice":"Forget","floor":13.0,"damage_taken":0.0},{"event_name":"Ghosts","player_choice":"Ignored","floor":19,"damage_taken":0},{"event_name":"Cursed Tome","player_choice":"Stopped","floor":20,"damage_taken":0},{"event_name":"Duplicator","player_choice":"One dupe","floor":21,"damage_taken":0}],"boss_relics":[],"potions_floor_spawned":[4,5,10],"seed_played":"-7653258360610040821","killed_by":"3 Cultists","ascension_level":10,"potions_obtained":[{"floor":4.0,"key":"Explosive Potion"},{"floor":5.0,"key":"EntropicBrew"},{"floor":10.0,"key":"Poison Potion"}],"is_trial":false}