{"gold_per_floor":[140,152,114,141,176,188,214,226,285,472,0,14,37,0,0,0],"floor_reached":16,"playtime":1543,"items_purged":["Doubt"],"score":92,"play_id":"085642f4-6a4d-4394-8104-1d87454a59a5","local_time":"20181120205701","is_ascension_mode":false,"campfire_choices":[{"data":"Poisoned Stab","floor":6,"key":"SMITH"},{"data":"Crippling Poison","floor":8,"key":"SMITH"},{"data":"Leg Sweep","floor":15,"key":"SMITH"}],"neow_cost":"NONE","seed_source_timestamp":0,"circlet_count":0,"master_deck":["Defend_G","Defend_G","Defend_G","Defend_G+1","Defend_G","Strike_G","Strike_G","Strike_G","Strike_G","Strike_G","Survivor+1","Neutralize","Blade Dance","Dash","Poisoned Stab+1","Crippling Poison+1","Blind","Envenom","All Out Attack","Bane","Dodge and Roll","Leg Sweep+1"],"special_seed":0,"relics":["Ring of the Snake","MawBank","Golden Idol","War Paint","Blood Vial"],"potions_floor_usage":[13,16],"damage_taken":[{"damage":2.0,"enemies":"Small Slimes","floor":1.0,"turns":4.0},{"damage":2,"enemies":"Jaw Worm","floor":4,"turns":6},{"damage":0,"enemies":"2 Louse","floor":5,"turns":3},{"damage":1,"enemies":"Exordium Wildlife","floor":7,"turns":3},{"damage":0,"enemies":"Gremlin Gang","floor":12,"turns":2},{"damage":5,"enemies":"Exordium Thugs","floor":13,"turns":4},{"damage":71,"enemies":"Slime Boss","floor":16,"turns":12}],"seed_played":"715400292756431291","potions_obtained":[{"floor":1,"key":"Energy Potion"},{"floor":5,"key":"Explosive Potion"}],"is_trial":false,"path_per_floor":["M","M","?","?","M","M","R","M","R","T","?","$","M","M","$","R","B"],"character_chosen":"THE_SILENT","items_purchased":["Blind","Blood Vial","Envenom","All Out Attack","Leg Sweep"],"campfire_rested":0,"item_purchase_floors":[11,11,11,11,14],"current_hp_per_floor":[68,68,68,66,66,66,65,65,65,65,65,67,64,64,64,0],"gold":0,"neow_bonus":"RANDOM_COMMON_RELIC","is_prod":false,"is_daily":false,"chose_seed":false,"campfire_upgraded":3,"win_rate":0.0,"timestamp":1542747421,"path_taken":["M","?","?","M","M","R","?","R","T","?","?","?","M","$","R","BOSS"],"build_version":"2018-11-15","purchased_purges":1,"victory":false,"max_hp_per_floor":[70,70,70,70,70,70,70,70,70,70,70,70,70,70,70,70],"card_choices":[{"not_picked":["Calculated Gamble","Reflex"],"picked":"Blade Dance","floor":1},{"not_picked":["Dagger Spray","Outmaneuver"],"picked":"Dash","floor":4},{"not_picked":["Outmaneuver","Quick Slash"],"picked":"Poisoned Stab","floor":5},{"not_picked":["Terror","Well Laid Plans"],"picked":"Crippling Poison","floor":7},{"not_picked":["Bouncing Flask","Catalyst"],"picked":"Bane","floor":12},{"not_picked":["Dagger Spray","Outmaneuver"],"picked":"Dodge and Roll","floor":13}],"player_experience":21068,"relics_obtained":[{"floor":9,"key":"War Paint"}],"event_choices":[{"damage_healed":0,"gold_gain":0,"player_choice":"Take Wound","damage_taken":0,"relics_obtained":["Golden Idol"],"max_hp_gain":0,"max_hp_loss":0,"event_name":"Golden Idol","floor":2,"gold_loss":0,"cards_obtained":["Injury"]},{"cards_removed":["Injury"],"damage_healed":0,"gold_gain":0,"player_choice":"Card Removal","damage_taken":0,"max_hp_gain":0,"max_hp_loss":0,"event_name":"The Cleric","floor":3,"gold_loss":50},{"damage_healed":0,"gold_gain":175,"player_choice":"AGREE","damage_taken":0,"max_hp_gain":0,"max_hp_loss":0,"event_name":"Liars Game","floor":10,"gold_loss":0,"cards_obtained":["Doubt"]}],"is_beta":false,"boss_relics":[],"items_purged_floors":[11],"is_endless":false,"potions_floor_spawned":[1,5],"killed_by":"Slime Boss","ascension_level":0}