{"gold_per_floor":[109,120,120,195,195,195,222,222,222,222,239,239,239,269,269,368,368,378,63,82,7,7,7,7,7,7,35,53,64,93,93,93,93],"floor_reached":33,"playtime":2245,"items_purged":[],"score":343,"play_id":"0338d7f8-d9d1-4d8c-95aa-f4b95d4e500b","local_time":"20190219235833","is_ascension_mode":true,"campfire_choices":[{"floor":6,"key":"RECALL"},{"data":"Accuracy","floor":8,"key":"SMITH"},{"data":"Blade Dance","floor":10,"key":"SMITH"},{"data":"Neutralize","floor":12,"key":"SMITH"},{"floor":15,"key":"REST"},{"data":"Catalyst","floor":23,"key":"SMITH"},{"data":"Crippling Poison","floor":25,"key":"SMITH"},{"data":"Corpse Explosion","floor":32,"key":"SMITH"}],"neow_cost":"NONE","seed_source_timestamp":633169385264741,"circlet_count":0,"master_deck":["Survivor","Neutralize+1","Endless Agony","Blade Dance+1","Deep Breath","Accuracy+1","Dagger Spray","Backstab","Corpse Explosion+1","Concentrate","Outmaneuver","Infinite Blades","Crippling Poison+1","Doppelganger","Concentrate","Adrenaline","Quick Slash","Concentrate","Catalyst+1","Terror","Caltrops","Dodge and Roll","Cloak And Dagger+1","Underhanded Strike+1","Flying Knee+1","Bouncing Flask","Ghostly","Ghostly","Ghostly","Ghostly","Ghostly"],"relics":["Eternal Feather","Art of War","Mummified Hand","WarpedTongs","Bottled Lightning","Pandora\u0027s Box","MealTicket","Paper Crane","Question Card"],"potions_floor_usage":[16,30,33,33],"damage_taken":[{"damage":2,"enemies":"Cultist","floor":1,"turns":4},{"damage":9,"enemies":"Jaw Worm","floor":2,"turns":4},{"damage":35,"enemies":"3 Sentries","floor":7,"turns":11},{"damage":1,"enemies":"Small Slimes","floor":11,"turns":2},{"damage":15,"enemies":"Gremlin Nob","floor":14,"turns":4},{"damage":46,"enemies":"Slime Boss","floor":16,"turns":12},{"damage":28,"enemies":"Chosen","floor":18,"turns":4},{"damage":9,"enemies":"3 Byrds","floor":20,"turns":4},{"damage":31,"enemies":"Slavers","floor":27,"turns":4},{"damage":18,"enemies":"Snecko","floor":28,"turns":4},{"damage":7,"enemies":"Cultist and Chosen","floor":29,"turns":4},{"damage":2,"enemies":"Book of Stabbing","floor":30,"turns":4},{"damage":41,"enemies":"Champ","floor":33,"turns":10}],"seed_played":"-1262513440737688306","potions_obtained":[{"floor":1,"key":"Block Potion"},{"floor":11,"key":"Strength Potion"},{"floor":29,"key":"PowerPotion"},{"floor":30,"key":"Explosive Potion"}],"is_trial":false,"path_per_floor":["M","M","?","?","?","R","E","R","T","R","M","R","?","E","R","B",null,"M","$","M","?","$","R","?","R","T","E","M","M","E","?","R","B"],"character_chosen":"THE_SILENT","items_purchased":["MealTicket","Terror","Caltrops"],"campfire_rested":1,"item_purchase_floors":[19,19,19],"current_hp_per_floor":[68,59,59,48,48,57,22,31,31,40,39,48,48,33,63,17,70,42,42,33,33,48,60,70,70,70,39,21,14,12,12,30,0],"gold":93,"neow_bonus":"BOSS_RELIC","is_prod":false,"is_daily":false,"chose_seed":false,"campfire_upgraded":6,"win_rate":0,"timestamp":1550591913,"path_taken":["M","M","?","?","?","R","E","R","T","R","?","R","?","E","R","BOSS","M","?","M","?","$","R","?","R","T","E","?","M","E","?","R","BOSS"],"build_version":"2019-01-23","purchased_purges":0,"victory":false,"max_hp_per_floor":[70,70,70,70,70,70,70,70,70,70,70,70,70,70,70,70,70,70,70,70,70,70,70,70,70,70,70,70,70,70,35,35,35],"card_choices":[{"not_picked":["Calculated Gamble","Deflect"],"picked":"Endless Agony","floor":1},{"not_picked":["Dagger Throw","Well Laid Plans"],"picked":"Blade Dance","floor":2},{"not_picked":["Escape Plan","Heel Hook"],"picked":"Accuracy","floor":7},{"not_picked":["Terror","Eviscerate"],"picked":"Dagger Spray","floor":11},{"not_picked":["Backflip","Masterful Stab"],"picked":"Backstab","floor":14},{"not_picked":["Bullet Time","Venomology"],"picked":"Corpse Explosion","floor":16},{"not_picked":["Dagger Throw","Deadly Poison"],"picked":"Catalyst","floor":18},{"not_picked":["Quick Slash","Expertise+1"],"picked":"Dodge and Roll","floor":20},{"not_picked":["Well Laid Plans+1","Dagger Throw"],"picked":"Cloak And Dagger+1","floor":27},{"not_picked":["Quick Slash","Prepared"],"picked":"Underhanded Strike+1","floor":28},{"not_picked":["Backflip+1","Cloak And Dagger"],"picked":"Flying Knee+1","floor":29},{"not_picked":["Deadly Poison+1","Backflip"],"picked":"Bouncing Flask","floor":30}],"player_experience":119701,"relics_obtained":[{"floor":7,"key":"Art of War"},{"floor":9,"key":"Mummified Hand"},{"floor":14,"key":"Bottled Lightning"},{"floor":27,"key":"Paper Crane"},{"floor":30,"key":"Question Card"}],"event_choices":[{"damage_healed":0,"gold_gain":0,"player_choice":"Ignored","damage_taken":0,"max_hp_gain":0,"max_hp_loss":0,"event_name":"Golden Wing","floor":3,"gold_loss":0},{"damage_healed":0,"gold_gain":75,"player_choice":"Gather Gold","damage_taken":11,"max_hp_gain":0,"max_hp_loss":0,"event_name":"World of Goop","floor":4,"gold_loss":0},{"damage_healed":0,"gold_gain":0,"player_choice":"1 cards matched","damage_taken":0,"max_hp_gain":0,"max_hp_loss":0,"event_name":"Match and Keep!","floor":5,"gold_loss":0,"cards_obtained":["Deep Breath"]},{"damage_healed":0,"gold_gain":0,"player_choice":"Rummage","damage_taken":0,"relics_obtained":["WarpedTongs"],"max_hp_gain":0,"max_hp_loss":0,"event_name":"Accursed Blacksmith","floor":13,"gold_loss":0,"cards_obtained":["Pain"]},{"cards_removed":["Pain"],"damage_healed":0,"gold_gain":0,"player_choice":"Gave Gold","damage_taken":0,"max_hp_gain":0,"max_hp_loss":0,"event_name":"Beggar","floor":21,"gold_loss":75},{"cards_removed":["Expertise"],"damage_healed":10,"gold_gain":0,"player_choice":"Offered Uncommon","damage_taken":0,"max_hp_gain":0,"max_hp_loss":0,"event_name":"Bonfire Elementals","floor":24,"gold_loss":0},{"damage_healed":0,"gold_gain":0,"player_choice":"Became a Ghost","damage_taken":0,"max_hp_gain":0,"max_hp_loss":35,"event_name":"Ghosts","floor":31,"gold_loss":0,"cards_obtained":["Ghostly","Ghostly","Ghostly","Ghostly","Ghostly"]}],"is_beta":false,"boss_relics":[{"not_picked":["Empty Cage","Black Star"],"picked":"Pandora\u0027s Box"}],"items_purged_floors":[],"is_endless":false,"potions_floor_spawned":[1,11,29,30],"killed_by":"Champ","ascension_level":2}