{"path_per_floor":["M","M","?","?","$","R","E","R","T","E","M","M","M","?","R","B",null,"M","?","?","M","M","E","M","M","T","M","M","?"],"character_chosen":"THE_SILENT","items_purchased":[],"gold_per_floor":[109,129,129,129,54,54,82,82,105,134,151,171,189,189,189,288,288,302,227,177,189,205,231,242,255,255,272,285,208,208],"floor_reached":30,"campfire_rested":0,"playtime":1763,"current_hp_per_floor":[68,67,67,67,67,67,62,62,69,43,50,43,40,25,25,23,77,69,69,69,69,60,42,25,35,35,26,16,16,0],"items_purged":["Normality"],"gold":208,"score":264,"play_id":"2181c394-a74e-4167-a73c-871b38a5a20d","local_time":"20180512063726","is_prod":false,"is_daily":false,"chose_seed":false,"is_ascension_mode":false,"campfire_upgraded":3,"timestamp":1526099846,"path_taken":["M","M","?","?","$","R","E","R","T","E","M","M","M","?","R","BOSS","M","?","?","?","M","E","M","M","T","M","M","?","E"],"build_version":"2018-05-10","seed_source_timestamp":0,"purchased_purges":1,"victory":false,"master_deck":["Defend_G","Defend_G","Defend_G","Defend_G+1","Defend_G+1","Strike_G","Strike_G","Strike_G","Strike_G","Survivor","Neutralize","Endless Agony+1","Noxious Fumes+1","Infinite Blades+1","Noxious Fumes+1","Deadly Poison","Backflip","Adrenaline","Noxious Fumes+1","Masterful Stab+1","Corpse Explosion","Well Laid Plans","Footwork","Deadly Poison","Calculated Gamble","J.A.X."],"max_hp_per_floor":[70,70,70,70,70,70,70,70,77,77,77,77,77,77,77,77,77,77,77,77,77,77,77,77,77,77,77,77,77,77],"relics":["Ring of the Snake","Meat on the Bone","Bronze Scales","Strawberry","Regal Pillow","Eternal Feather","Torii","Sundial"],"card_choices":[{"not_picked":["Crippling Poison","Terror"],"picked":"Endless Agony","floor":1.0},{"not_picked":["All Out Attack","Sucker Punch"],"picked":"Noxious Fumes","floor":2.0},{"not_picked":["Masterful Stab","Acrobatics"],"picked":"Infinite Blades","floor":7.0},{"not_picked":["Footwork","Quick Slash"],"picked":"Noxious Fumes","floor":10.0},{"not_picked":["Prepared","Calculated Gamble"],"picked":"Deadly Poison","floor":11.0},{"not_picked":["Wraith Form v2","Flechettes"],"picked":"Backflip","floor":13.0},{"not_picked":["Corpse Explosion","Venomology"],"picked":"Adrenaline","floor":16.0},{"not_picked":["Prepared","Acrobatics"],"picked":"Noxious Fumes","floor":18},{"not_picked":["Flying Knee","Prepared"],"picked":"Masterful Stab","floor":21},{"not_picked":["Poisoned Stab","Crippling Poison"],"picked":"Corpse Explosion","floor":22},{"not_picked":["Blade Dance","Leg Sweep"],"picked":"Well Laid Plans","floor":24},{"not_picked":["Escape Plan","Outmaneuver"],"picked":"Footwork","floor":25},{"not_picked":["Sucker Punch","Choke"],"picked":"Deadly Poison","floor":27},{"not_picked":["Malaise","Quick Slash"],"picked":"Calculated Gamble","floor":28}],"player_experience":9171,"potions_floor_usage":[25,27,28,30],"damage_taken":[{"damage":2.0,"enemies":"Small Slimes","floor":1.0,"turns":5.0},{"damage":1.0,"enemies":"Cultist","floor":2.0,"turns":3.0},{"damage":5.0,"enemies":"3 Sentries","floor":7.0,"turns":6.0},{"damage":26.0,"enemies":"Gremlin Nob","floor":10.0,"turns":5.0},{"damage":5.0,"enemies":"Jaw Worm","floor":11.0,"turns":3.0},{"damage":7.0,"enemies":"2 Fungi Beasts","floor":12.0,"turns":3.0},{"damage":3.0,"enemies":"Red Slaver","floor":13.0,"turns":4.0},{"damage":14.0,"enemies":"Hexaghost","floor":16.0,"turns":8.0},{"damage":8,"enemies":"Shell Parasite","floor":18,"turns":4},{"damage":0,"enemies":"Chosen","floor":21,"turns":5},{"damage":9,"enemies":"Snake Plant","floor":22,"turns":4},{"damage":30,"enemies":"Slavers","floor":23,"turns":4},{"damage":29,"enemies":"Snecko","floor":24,"turns":7},{"damage":2,"enemies":"Centurion and Healer","floor":25,"turns":5},{"damage":21,"enemies":"Snake Plant","floor":27,"turns":4},{"damage":22,"enemies":"Slaver and Parasite","floor":28,"turns":6},{"damage":20,"enemies":"Book of Stabbing","floor":30,"turns":4}],"event_choices":[{"event_name":"Upgrade Shrine","player_choice":"Upgraded","floor":3.0,"damage_taken":0.0},{"event_name":"Accursed Blacksmith","player_choice":"Rummage","floor":4.0,"damage_taken":0.0},{"event_name":"Shining Light","player_choice":"Entered Light","floor":14.0,"damage_taken":0.0},{"event_name":"Beggar","player_choice":"Gave Gold","floor":19,"damage_taken":0},{"event_name":"The Joust","player_choice":"Bet on Murderer","floor":20,"damage_taken":0},{"event_name":"Drug Dealer","player_choice":"Got JAXXED","floor":29,"damage_taken":0}],"boss_relics":[{"not_picked":["Velvet Choker","White Beast Statue"],"picked":"Eternal Feather"}],"potions_floor_spawned":[1,2,10,13,18,22,24,25],"seed_played":"8493886707962675814","killed_by":"Book of Stabbing","ascension_level":0,"is_trial":false}