{"gold_per_floor":[215,234,234,69,88,88,120,132,185,199,216,216,232,232,232,306,306,332,344,356,175,175,175,204,218,218,218],"floor_reached":27,"playtime":1060,"items_purged":["Pain"],"score":431,"play_id":"8ca38d3a-a18d-415c-acaf-a058239419d9","local_time":"20190215002534","is_ascension_mode":true,"campfire_choices":[{"data":"Redo","floor":6,"key":"SMITH"},{"floor":12,"key":"REST"},{"data":"Defragment","floor":15,"key":"SMITH"},{"data":"Fission","floor":23,"key":"SMITH"}],"neow_cost":"NONE","seed_source_timestamp":2476156067066128,"circlet_count":0,"master_deck":["AscendersBane","Strike_B+1","Strike_B","Strike_B","Defend_B","Defend_B+1","Defend_B","Zap","Dualcast","Cold Snap","Redo+1","Seek","Defragment+1","Conserve Battery","FTL","Conserve Battery","Fission+1","Creative AI","Coolheaded","Compile Driver","Writhe","Blizzard+1"],"relics":["Cracked Core","Strawberry","Pear","Omamori","Calling Bell","Emotion Chip","The Courier","MawBank","Anchor","Regal Pillow","Dodecahedron","Pocketwatch"],"potions_floor_usage":[7,16,16,24,25],"damage_taken":[{"damage":2,"enemies":"Jaw Worm","floor":1,"turns":5},{"damage":0,"enemies":"Small Slimes","floor":2,"turns":3},{"damage":0,"enemies":"Cultist","floor":5,"turns":4},{"damage":29,"enemies":"Gremlin Nob","floor":7,"turns":4},{"damage":12,"enemies":"3 Louse","floor":8,"turns":4},{"damage":5,"enemies":"Looter","floor":10,"turns":3},{"damage":0,"enemies":"Gremlin Gang","floor":11,"turns":6},{"damage":1,"enemies":"Exordium Wildlife","floor":13,"turns":4},{"damage":25,"enemies":"Hexaghost","floor":16,"turns":8},{"damage":14,"enemies":"Spheric Guardian","floor":18,"turns":6},{"damage":54,"enemies":"Slavers","floor":24,"turns":7},{"damage":19,"enemies":"3 Byrds","floor":25,"turns":7},{"damage":10,"enemies":"Shelled Parasite and Fungi","floor":27,"turns":2}],"seed_played":"-1275217628480587441","potions_obtained":[{"floor":2,"key":"LiquidBronze"},{"floor":5,"key":"SteroidPotion"},{"floor":7,"key":"LiquidBronze"},{"floor":18,"key":"Regen Potion"},{"floor":24,"key":"SkillPotion"}],"is_trial":false,"path_per_floor":["M","M","?","$","M","R","E","M","T","M","M","R","M","?","R","B",null,"M","?","?","$","?","R","E","M","T","M"],"character_chosen":"DEFECT","items_purchased":["Strawberry","Anchor"],"campfire_rested":1,"item_purchase_floors":[4,21],"current_hp_per_floor":[62,62,41,48,48,48,29,17,17,12,12,38,37,66,66,41,76,62,62,62,62,62,62,23,4,4,0],"gold":218,"neow_bonus":"HUNDRED_GOLD","is_prod":false,"is_daily":false,"chose_seed":false,"campfire_upgraded":3,"win_rate":0,"timestamp":1550157934,"path_taken":["M","M","?","$","M","R","E","M","T","M","M","R","M","?","R","BOSS","M","?","?","$","?","R","E","M","T","M"],"build_version":"2019-01-23","purchased_purges":1,"victory":false,"max_hp_per_floor":[71,71,71,78,78,78,88,88,88,88,88,88,88,88,88,88,88,88,88,88,88,88,88,88,88,88,88],"card_choices":[{"not_picked":["Gash","Sweeping Beam"],"picked":"Cold Snap","floor":1},{"not_picked":["Barrage","Streamline"],"picked":"Redo","floor":2},{"not_picked":["Compile Driver","Cold Snap"],"picked":"Seek","floor":5},{"not_picked":["Force Field","Go for the Eyes"],"picked":"Defragment","floor":7},{"not_picked":["Steam Power","Rebound"],"picked":"Conserve Battery","floor":8},{"not_picked":["Go for the Eyes","Steam Power"],"picked":"FTL","floor":10},{"not_picked":["Sweeping Beam","Lockon","Hello World"],"picked":"SKIP","floor":11},{"not_picked":["Skim","Aggregate"],"picked":"Conserve Battery","floor":13},{"not_picked":["Multi-Cast","Rainbow"],"picked":"Fission","floor":16},{"not_picked":["Barrage","Steam","Aggregate+1"],"picked":"SKIP","floor":18},{"not_picked":["Fusion","Redo","Streamline"],"picked":"SKIP","floor":24},{"not_picked":["Sweeping Beam","Redo"],"picked":"Blizzard+1","floor":25}],"player_experience":622161,"relics_obtained":[{"floor":7,"key":"Pear"},{"floor":9,"key":"Omamori"},{"floor":17,"key":"Emotion Chip"},{"floor":17,"key":"The Courier"},{"floor":17,"key":"MawBank"},{"floor":24,"key":"Dodecahedron"},{"floor":26,"key":"Pocketwatch"}],"event_choices":[{"damage_healed":0,"gold_gain":0,"player_choice":"Entered Light","damage_taken":21,"max_hp_gain":0,"max_hp_loss":0,"event_name":"Shining Light","floor":3,"gold_loss":0,"cards_upgraded":["Defend_B","Strike_B"]},{"damage_healed":29,"gold_gain":0,"player_choice":"Banana","damage_taken":0,"max_hp_gain":0,"max_hp_loss":0,"event_name":"Big Fish","floor":14,"gold_loss":0},{"damage_healed":0,"gold_gain":0,"player_choice":"Read","damage_taken":0,"max_hp_gain":0,"max_hp_loss":0,"event_name":"The Library","floor":19,"gold_loss":0,"cards_obtained":["Creative AI"]},{"damage_healed":0,"gold_gain":0,"cards_transformed":["Strike_B","Defend_B"],"player_choice":"Became Test Subject","damage_taken":0,"max_hp_gain":0,"max_hp_loss":0,"event_name":"Drug Dealer","floor":20,"gold_loss":0,"cards_obtained":["Coolheaded","Compile Driver"]},{"damage_healed":0,"gold_gain":0,"player_choice":"Opened","damage_taken":0,"relics_obtained":["Regal Pillow"],"max_hp_gain":0,"max_hp_loss":0,"event_name":"The Mausoleum","floor":22,"gold_loss":0,"cards_obtained":["Writhe"]}],"is_beta":false,"boss_relics":[{"not_picked":["Pandora\u0027s Box","Orrery"],"picked":"Calling Bell"}],"items_purged_floors":[21],"is_endless":false,"potions_floor_spawned":[2,5,7,8,13,18,24],"killed_by":"Shelled Parasite and Fungi","ascension_level":17}