{"gold_per_floor":[118,128,144,144,161,161,186,361,361,0,0,13,13,39,39,142,142,160,160,75,75,75,75,75,75,75,85,85,100,100,116,116,116],"floor_reached":33,"playtime":1527,"items_purged":["Doubt"],"score":329,"play_id":"a2dbfb34-4154-492c-b976-75eec269cec1","local_time":"20181029194723","is_ascension_mode":true,"campfire_choices":[{"data":"Zap","floor":6,"key":"SMITH"},{"floor":13,"key":"REST"},{"floor":15,"key":"REST"},{"floor":23,"key":"REST"},{"floor":24,"key":"REST"},{"floor":28,"key":"REST"},{"floor":30,"key":"REST"},{"floor":32,"key":"REST"}],"neow_cost":"NONE","seed_source_timestamp":2063942548666922,"circlet_count":0,"master_deck":["Strike_B","Strike_B","Strike_B","Strike_B","Defend_B","Defend_B","Defend_B","Defend_B","Zap+1","Dualcast","Finesse","Go for the Eyes","FTL","Leap","Machine Learning","Ball Lightning","Flash of Steel","Gash","Redo","Leap","Thunder Strike","Decay","Injury","Doubt","Gash","Leap","Self Repair","Conserve Battery"],"relics":["Cracked Core","Bottled Tornado","Blue Candle","DataDisk","WingedGreaves","Singing Bowl","Calling Bell","Blood Vial","Dodecahedron","Calipers","CultistMask","Ornamental Fan","Molten Egg 2"],"potions_floor_usage":[14,31,31],"damage_taken":[{"damage":18,"enemies":"Small Slimes","floor":1,"turns":5},{"damage":0,"enemies":"2 Louse","floor":2,"turns":3},{"damage":0,"enemies":"Jaw Worm","floor":3,"turns":3},{"damage":0,"enemies":"3 Louse","floor":5,"turns":3},{"damage":31,"enemies":"Lagavulin","floor":7,"turns":8},{"damage":18,"enemies":"Exordium Wildlife","floor":12,"turns":4},{"damage":15,"enemies":"Gremlin Nob","floor":14,"turns":4},{"damage":17,"enemies":"Slime Boss","floor":16,"turns":7},{"damage":21,"enemies":"3 Byrds","floor":18,"turns":5},{"damage":37,"enemies":"Colosseum Slavers","floor":22,"turns":5},{"damage":15,"enemies":"2 Thieves","floor":27,"turns":4},{"damage":60,"enemies":"Centurion and Healer","floor":29,"turns":9},{"damage":24,"enemies":"Snake Plant","floor":31,"turns":6},{"damage":67,"enemies":"Champ","floor":33,"turns":13}],"seed_played":"2492989201254548879","potions_obtained":[{"floor":1,"key":"SteroidPotion"},{"floor":2,"key":"FairyPotion"},{"floor":7,"key":"Block Potion"},{"floor":16,"key":"Regen Potion"},{"floor":29,"key":"Dexterity Potion"}],"is_trial":false,"path_per_floor":["M","M","M","?","M","R","E","?","T","$","T","M","R","E","R","B",null,"M","?","?","$","?","R","R","$","T","M","R","M","R","M","R"],"character_chosen":"DEFECT","items_purchased":["DataDisk","Flash of Steel","Gash"],"campfire_rested":7,"item_purchase_floors":[10,10,10],"current_hp_per_floor":[50,50,50,75,75,75,44,44,44,44,44,26,48,33,55,38,66,47,47,47,47,12,34,56,56,56,43,65,7,29,19,41,0],"gold":116,"neow_bonus":"RANDOM_COLORLESS","is_prod":false,"is_daily":false,"chose_seed":false,"campfire_upgraded":1,"win_rate":0,"timestamp":1540810043,"path_taken":["M","M","M","?","M","R","E","?","T","$","?","M","R","E","R","BOSS","M","?","?","?","?","R","R","$","T","M","R","M","R","M","R","BOSS"],"build_version":"2018-10-25v2","purchased_purges":1,"victory":false,"max_hp_per_floor":[75,75,75,75,75,75,75,75,75,75,75,75,75,75,75,75,75,75,75,75,75,75,75,75,75,75,75,75,75,75,75,75,75],"card_choices":[{"not_picked":["Genetic Algorithm","Hologram"],"picked":"Go for the Eyes","floor":1},{"not_picked":["Reprogram","Conserve Battery"],"picked":"FTL","floor":2},{"not_picked":["Skim","Stack"],"picked":"Leap","floor":3},{"not_picked":["Rebound","BootSequence"],"picked":"Machine Learning","floor":5},{"not_picked":["Doom and Gloom","Cold Snap"],"picked":"Ball Lightning","floor":7},{"not_picked":["Compile Driver","Go for the Eyes"],"picked":"Redo","floor":12},{"not_picked":["Compile Driver","Sweeping Beam"],"picked":"Leap","floor":14},{"not_picked":["Biased Cognition","Buffer"],"picked":"Thunder Strike","floor":16},{"not_picked":["Turbo","Fusion"],"picked":"Gash","floor":18},{"not_picked":["Steam+1","Turbo"],"picked":"Leap","floor":27},{"not_picked":["Consume","Steam"],"picked":"Self Repair","floor":29},{"not_picked":["Darkness","Chill"],"picked":"Conserve Battery","floor":31}],"player_experience":284958,"relics_obtained":[{"floor":7,"key":"Bottled Tornado"},{"floor":9,"key":"Blue Candle"},{"floor":11,"key":"WingedGreaves"},{"floor":14,"key":"Singing Bowl"},{"floor":17,"key":"Blood Vial"},{"floor":17,"key":"Dodecahedron"},{"floor":17,"key":"Calipers"},{"floor":26,"key":"Molten Egg 2"}],"event_choices":[{"damage_healed":25,"gold_gain":0,"player_choice":"Banana","damage_taken":0,"max_hp_gain":0,"max_hp_loss":0,"event_name":"Big Fish","floor":4,"gold_loss":0},{"damage_healed":0,"gold_gain":175,"player_choice":"AGREE","damage_taken":0,"max_hp_gain":0,"max_hp_loss":0,"event_name":"Liars Game","floor":8,"gold_loss":0,"cards_obtained":["Doubt"]},{"damage_healed":0,"gold_gain":0,"player_choice":"Trade","damage_taken":0,"relics_obtained":["CultistMask"],"max_hp_gain":0,"max_hp_loss":0,"event_name":"FaceTrader","floor":19,"gold_loss":0},{"damage_healed":0,"gold_gain":0,"player_choice":"Obtained Relic","damage_taken":0,"relics_obtained":["Ornamental Fan"],"max_hp_gain":0,"max_hp_loss":0,"event_name":"Addict","floor":20,"gold_loss":85},{"damage_healed":0,"gold_gain":0,"player_choice":"Fight","damage_taken":0,"max_hp_gain":0,"max_hp_loss":0,"event_name":"Colosseum","floor":22,"gold_loss":0},{"damage_healed":0,"gold_gain":0,"player_choice":"Fled From Nobs","damage_taken":0,"max_hp_gain":0,"max_hp_loss":0,"event_name":"Colosseum","floor":22,"gold_loss":0}],"is_beta":false,"boss_relics":[{"not_picked":["Runic Pyramid","Snecko Eye"],"picked":"Calling Bell"}],"items_purged_floors":[10],"is_endless":false,"potions_floor_spawned":[1,2,7,16,22,29],"killed_by":"Champ","ascension_level":6}