{"gold_per_floor":[131,318,350,437,449,461,499,511,595,607,631,662,697,743,755,863,875,903,915,943,955,967,1008,1020,1064,1076,1099,1124,1147,1171,1183,1195,1207],"floor_reached":33,"playtime":935,"items_purged":[],"score":525,"play_id":"5f0de0c7-6f29-44a6-a93e-54aea259f9c0","local_time":"20190214004449","is_ascension_mode":true,"campfire_choices":[{"floor":6,"key":"REST"},{"data":"Glass Knife","floor":8,"key":"SMITH"},{"data":"Cloak And Dagger","floor":15,"key":"SMITH"},{"floor":24,"key":"REST"},{"data":"Blade Dance","floor":32,"key":"SMITH"}],"neow_cost":"NONE","seed_source_timestamp":44329929088600,"circlet_count":0,"master_deck":["Defend_G","Defend_G","Defend_G","Defend_G","Strike_G","Strike_G","Strike_G","Strike_G","Strike_G","Survivor","Neutralize","Injury","Decay","Clumsy","Dagger Throw","Doubt","Backflip","Glass Knife+1","Caltrops","Dagger Throw","Dagger Throw","Cloak And Dagger+1","Storm of Steel","Dagger Spray","Finisher","RitualDagger","Pain","Dagger Spray+1","Finisher","Slice","Blade Dance+1","Cloak And Dagger","Cloak And Dagger","Decay"],"relics":["Calling Bell","MawBank","Pantograph","Du-Vu Doll","Meat on the Bone","Singing Bowl","Sundial","Dream Catcher","Centennial Puzzle","Sozu","WarpedTongs","Oddly Smooth Stone","Happy Flower","Ninja Scroll"],"potions_floor_usage":[33],"damage_taken":[{"damage":7,"enemies":"Small Slimes","floor":1,"turns":3},{"damage":7,"enemies":"Jaw Worm","floor":3,"turns":3},{"damage":34,"enemies":"Gremlin Nob","floor":7,"turns":5},{"damage":0,"enemies":"2 Louse","floor":11,"turns":1},{"damage":0,"enemies":"2 Fungi Beasts","floor":12,"turns":2},{"damage":12,"enemies":"3 Sentries","floor":14,"turns":5},{"damage":29,"enemies":"Hexaghost","floor":16,"turns":6},{"damage":11,"enemies":"Spheric Guardian","floor":18,"turns":3},{"damage":7,"enemies":"2 Thieves","floor":20,"turns":2},{"damage":1,"enemies":"Gremlin Leader","floor":23,"turns":4},{"damage":26,"enemies":"Slavers","floor":25,"turns":3},{"damage":0,"enemies":"Shelled Parasite and Fungi","floor":27,"turns":2},{"damage":0,"enemies":"Snecko","floor":28,"turns":1},{"damage":0,"enemies":"Sentry and Sphere","floor":29,"turns":1},{"damage":3,"enemies":"Cultist and Chosen","floor":30,"turns":2},{"damage":77,"enemies":"Collector","floor":33,"turns":6}],"seed_played":"-4338112698257777791","potions_obtained":[{"floor":12,"key":"Ancient Potion"},{"floor":16,"key":"Poison Potion"}],"is_trial":false,"path_per_floor":["M","?","M","?","?","R","E","R","T","?","M","M","T","E","R","B",null,"M","?","M","?","?","E","R","E","T","M","M","M","M","?","R","B"],"character_chosen":"THE_SILENT","items_purchased":[],"campfire_rested":2,"item_purchase_floors":[],"current_hp_per_floor":[63,63,56,45,42,63,41,41,41,41,41,41,41,41,41,37,62,51,51,44,38,38,37,60,46,46,46,46,46,43,43,43,0],"gold":1207,"neow_bonus":"BOSS_RELIC","is_prod":false,"is_daily":false,"chose_seed":false,"campfire_upgraded":3,"win_rate":0,"timestamp":1550101489,"path_taken":["M","?","M","?","?","R","E","R","T","?","?","M","?","E","R","BOSS","M","?","M","?","?","E","R","E","T","M","?","M","?","?","R","BOSS"],"build_version":"2019-01-23","purchased_purges":0,"victory":false,"max_hp_per_floor":[70,70,70,70,70,70,70,70,70,70,70,70,70,70,70,70,70,70,70,70,70,70,70,72,72,72,72,72,72,72,72,72,72],"card_choices":[{"not_picked":["Flying Knee","Blur"],"picked":"Dagger Throw","floor":1},{"not_picked":["Prepared","Dodge and Roll"],"picked":"Backflip","floor":3},{"not_picked":["Finisher","Eviscerate"],"picked":"Glass Knife","floor":7},{"not_picked":["Bouncing Flask","Infinite Blades"],"picked":"Dagger Throw","floor":11},{"not_picked":["Choke","Blur"],"picked":"Dagger Throw","floor":12},{"not_picked":["Glass Knife","Predator"],"picked":"Cloak And Dagger","floor":14},{"not_picked":["Glass Knife","Die Die Die"],"picked":"Storm of Steel","floor":16},{"not_picked":["Distraction","Heel Hook"],"picked":"Dagger Spray","floor":18},{"not_picked":["Dagger Throw","Prepared"],"picked":"Finisher","floor":20},{"not_picked":["Caltrops","Prepared"],"picked":"Dagger Spray+1","floor":23},{"not_picked":["Escape Plan","Caltrops","Underhanded Strike"],"picked":"Singing Bowl","floor":24},{"not_picked":["Endless Agony","PiercingWail"],"picked":"Finisher","floor":25},{"not_picked":["Deadly Poison","Flying Knee"],"picked":"Slice","floor":27},{"not_picked":["Calculated Gamble","Sucker Punch"],"picked":"Blade Dance","floor":28},{"not_picked":["Escape Plan","Accuracy"],"picked":"Cloak And Dagger","floor":29},{"not_picked":["Underhanded Strike","Prepared"],"picked":"Cloak And Dagger","floor":30}],"player_experience":399801,"relics_obtained":[{"floor":0,"key":"MawBank"},{"floor":0,"key":"Pantograph"},{"floor":0,"key":"Du-Vu Doll"},{"floor":7,"key":"Singing Bowl"},{"floor":9,"key":"Sundial"},{"floor":13,"key":"Dream Catcher"},{"floor":14,"key":"Centennial Puzzle"},{"floor":23,"key":"Oddly Smooth Stone"},{"floor":25,"key":"Happy Flower"},{"floor":26,"key":"Ninja Scroll"}],"event_choices":[{"damage_healed":0,"gold_gain":175,"player_choice":"AGREE","damage_taken":0,"max_hp_gain":0,"max_hp_loss":0,"event_name":"Liars Game","floor":2,"gold_loss":0,"cards_obtained":["Doubt"]},{"damage_healed":0,"gold_gain":75,"player_choice":"Gather Gold","damage_taken":11,"max_hp_gain":0,"max_hp_loss":0,"event_name":"World of Goop","floor":4,"gold_loss":0},{"damage_healed":0,"gold_gain":0,"player_choice":"Success","damage_taken":3,"relics_obtained":["Meat on the Bone"],"max_hp_gain":0,"max_hp_loss":0,"event_name":"Scrap Ooze","floor":5,"gold_loss":0},{"damage_healed":0,"gold_gain":0,"cards_transformed":["Defend_G"],"player_choice":"Change","damage_taken":0,"max_hp_gain":0,"max_hp_loss":0,"event_name":"Living Wall","floor":10,"gold_loss":0,"cards_obtained":["Caltrops"]},{"damage_healed":0,"gold_gain":0,"player_choice":"Ignored","damage_taken":0,"max_hp_gain":0,"max_hp_loss":0,"event_name":"Vampires","floor":19,"gold_loss":0},{"damage_healed":0,"gold_gain":0,"player_choice":"Joined the Cult","damage_taken":6,"max_hp_gain":0,"max_hp_loss":0,"event_name":"Nest","floor":21,"gold_loss":0,"cards_obtained":["RitualDagger"]},{"damage_healed":0,"gold_gain":0,"player_choice":"Rummage","damage_taken":0,"relics_obtained":["WarpedTongs"],"max_hp_gain":0,"max_hp_loss":0,"event_name":"Accursed Blacksmith","floor":22,"gold_loss":0,"cards_obtained":["Pain"]},{"damage_healed":0,"gold_gain":0,"player_choice":"Smashed Altar","damage_taken":0,"max_hp_gain":0,"max_hp_loss":0,"event_name":"Forgotten Altar","floor":31,"gold_loss":0,"cards_obtained":["Decay"]}],"is_beta":false,"boss_relics":[{"not_picked":["Tiny House","Velvet Choker"],"picked":"Sozu"}],"items_purged_floors":[],"is_endless":false,"potions_floor_spawned":[12,16,18,25,27,28],"killed_by":"Collector","ascension_level":5}