{"path_per_floor":["M","M","$","M","?","M","R","M","T","M","M","$","E","M","R","B",null,"M","M","?","M","?","E","R","M","T","$"],"character_chosen":"THE_SILENT","items_purchased":["Dagger Spray","Footwork","Toolbox"],"gold_per_floor":[99,111,88,98,98,116,116,126,126,138,148,114,146,161,161,258,258,272,292,292,308,288,345,345,355,405,144],"floor_reached":28,"campfire_rested":2,"playtime":2148,"current_hp_per_floor":[63,58,58,52,52,52,52,52,52,52,52,52,30,26,47,13,70,68,40,40,7,7,1,22,16,16,16],"items_purged":[],"gold":144,"play_id":"c1415ed0-625f-4609-baa5-efc54052eb0a","is_prod":false,"is_daily":false,"campfire_rituals":0,"campfire_upgraded":1,"is_hardmode":false,"path_taken":["M","?","?","M","?","M","R","?","T","M","M","$","E","M","R","BOSS","M","M","?","M","?","E","R","?","T","$","M"],"build_version":"2018-01-11-PROD1","purchased_purges":0,"victory":false,"master_deck":["Defend_G","Defend_G","Defend_G","Defend_G","Defend_G","Strike_G","Strike_G","Strike_G","Strike_G","Strike_G","Survivor","Neutralize","Deflect","Dagger Spray","PiercingWail","Die Die Die","Eviscerate","Endless Agony","Flying Knee","Footwork","Poisoned Stab","Sucker Punch","Bullet Time","Backflip","Terror","Prepared","Dagger Throw","Malaise","Bouncing Flask"],"max_hp_per_floor":[70,70,70,70,70,70,70,70,70,70,70,70,70,70,70,70,70,70,70,70,70,70,70,70,70,70,70],"relics":["Ring of the Snake","Shuriken","Pantograph","Runic Pyramid","Tiny Chest","Molten Egg","Toolbox"],"campfire_meditates":0,"card_choices":[{"not_picked":["Bane","Underhanded Strike"],"picked":"Deflect"},{"not_picked":["Bane","Deflect"],"picked":"PiercingWail"},{"not_picked":["Deflect","Dash"],"picked":"Die Die Die"},{"not_picked":["Flechettes","Acrobatics"],"picked":"Eviscerate"},{"not_picked":["Dodge and Roll","Bane"],"picked":"Endless Agony"},{"not_picked":["Footwork","Predator"],"picked":"Flying Knee"},{"not_picked":["Underhanded Strike","Quick Slash"],"picked":"Poisoned Stab"},{"not_picked":["Prepared","Flechettes"],"picked":"Sucker Punch"},{"not_picked":["Tactician","Phantasmal Killer"],"picked":"Bullet Time"},{"not_picked":["Noxious Fumes","Masterful Stab"],"picked":"Backflip"},{"not_picked":["Poisoned Stab","Noxious Fumes"],"picked":"Terror"},{"not_picked":["Choke","Dodge and Roll"],"picked":"Dagger Throw"},{"not_picked":["Flechettes","Bane"],"picked":"Malaise"},{"not_picked":["Noxious Fumes","Deadly Poison"],"picked":"Bouncing Flask"}],"player_experience":29044,"potions_floor_usage":[16,16,23,23,23],"damage_taken":[{"damage":7.0,"enemies":"Blue Slaver","floor":1.0,"turns":8.0},{"damage":5,"enemies":"Small Slimes","floor":2,"turns":4},{"damage":6,"enemies":"Cultist","floor":4,"turns":3},{"damage":0,"enemies":"Lots of Slimes","floor":6,"turns":2},{"damage":0,"enemies":"3 Louse","floor":8,"turns":2},{"damage":0,"enemies":"2 Fungi Beasts","floor":10,"turns":2},{"damage":0,"enemies":"Exordium Wildlife","floor":11,"turns":2},{"damage":22,"enemies":"3 Sentries","floor":13,"turns":4},{"damage":4,"enemies":"Red Slaver","floor":14,"turns":4},{"damage":57,"enemies":"The Guardian","floor":16,"turns":9},{"damage":2,"enemies":"3 Byrds","floor":18,"turns":5},{"damage":28,"enemies":"Chosen","floor":19,"turns":7},{"damage":33,"enemies":"Centurion and Healer","floor":21,"turns":7},{"damage":6,"enemies":"Book of Stabbing","floor":23,"turns":5},{"damage":6,"enemies":"Snake Plant","floor":25,"turns":6},{"damage":21,"enemies":"Slaver and Parasite","floor":28,"turns":1}],"event_choices":[{"event_name":"Upgrade Shrine","player_choice":"Upgraded","floor":5,"damage_taken":0},{"event_name":"The Library","player_choice":"Read","floor":20,"damage_taken":0},{"event_name":"The Woman in Blue","player_choice":"Bought 1 Potion","floor":22,"damage_taken":0}],"boss_relics":[{"not_picked":["Snecko Eye","The Specimen"],"picked":"Runic Pyramid"}],"potions_floor_spawned":[2,8,14,21,23],"seed_played":"-876907655663021530","killed_by":"Slaver and Parasite","is_trial":false}