{"gold_per_floor":[111,111,36,36,49,49,83,96,123,137,151,151,169,169,169,288,288,306,327,57,57,57,100,100,121,121,121,121,144,221,24,24,150,150,171,21,21,354,370,370,370,380,380,396,396,408,233,233,233,233],"floor_reached":51,"playtime":3067,"items_purged":["Strike_G","Strike_G","Strike_G","Defend_G","Defend_G"],"score":840,"play_id":"a199674e-b6f2-4644-a1b6-aac05738aebd","local_time":"20190218213925","is_ascension_mode":true,"campfire_choices":[{"data":"Neutralize","floor":6.0,"key":"SMITH"},{"floor":12.0,"key":"REST"},{"floor":15.0,"key":"REST"},{"floor":28,"key":"REST"},{"data":"Footwork","floor":32,"key":"SMITH"},{"data":"Noxious Fumes","floor":40,"key":"SMITH"},{"floor":49,"key":"REST"}],"neow_cost":"NONE","seed_source_timestamp":0,"circlet_count":0,"master_deck":["Defend_G+1","Defend_G+1","Defend_G+1","Survivor+1","Neutralize+1","Backflip+1","Bouncing Flask+1","Noxious Fumes+1","Backflip+1","Footwork+1","Panache+1","Escape Plan+1","Blur+1","Acrobatics+1","Apotheosis+1"],"special_seed":0,"relics":["Ring of the Snake","Happy Flower","Ancient Tea Set","Philosopher\u0027s Stone","Vajra","Mummified Hand","Shuriken","WristBlade","Snake Skull","Mark of the Bloom"],"potions_floor_usage":[29,33,39,42,46,50,50,50],"damage_taken":[{"damage":0.0,"enemies":"Cultist","floor":1.0,"turns":5.0},{"damage":5.0,"enemies":"Jaw Worm","floor":5.0,"turns":8.0},{"damage":31.0,"enemies":"3 Sentries","floor":7.0,"turns":12.0},{"damage":0.0,"enemies":"Small Slimes","floor":8.0,"turns":4.0},{"damage":3.0,"enemies":"Looter","floor":10.0,"turns":3.0},{"damage":6.0,"enemies":"3 Louse","floor":11.0,"turns":4.0},{"damage":0.0,"enemies":"2 Fungi Beasts","floor":13.0,"turns":3.0},{"damage":8.0,"enemies":"The Guardian","floor":16.0,"turns":8.0},{"damage":12.0,"enemies":"Spheric Guardian","floor":18.0,"turns":4.0},{"damage":0.0,"enemies":"Shell Parasite","floor":19.0,"turns":5.0},{"damage":15.0,"enemies":"Book of Stabbing","floor":23.0,"turns":9.0},{"damage":11,"enemies":"Snake Plant","floor":25,"turns":5},{"damage":0,"enemies":"3 Cultists","floor":29,"turns":4},{"damage":12,"enemies":"Champ","floor":33,"turns":13},{"damage":0,"enemies":"3 Darklings","floor":35,"turns":5},{"damage":0,"enemies":"Orb Walker","floor":39,"turns":3},{"damage":1,"enemies":"Jaw Worm Horde","floor":42,"turns":4},{"damage":0,"enemies":"4 Shapes","floor":44,"turns":6},{"damage":0,"enemies":"Maw","floor":46,"turns":5},{"damage":0,"enemies":"Donu and Deca","floor":50,"turns":8}],"seed_played":"-8453059725993375970","potions_obtained":[{"floor":8.0,"key":"Weak Potion"},{"floor":11.0,"key":"GhostInAJar"},{"floor":13.0,"key":"Energy Potion"},{"floor":16.0,"key":"Fire Potion"},{"floor":18.0,"key":"FearPotion"},{"floor":25,"key":"Fire Potion"},{"floor":29,"key":"GhostInAJar"},{"floor":33,"key":"Ancient Potion"},{"floor":39,"key":"FearPotion"},{"floor":44,"key":"PowerPotion"},{"floor":46,"key":"Ancient Potion"}],"is_trial":false,"path_per_floor":["M","?","$","?","M","R","E","M","T","M","M","R","M","?","R","B",null,"M","M","$","?","?","E","?","M","T","?","R","M","T","$","R","B",null,"M","$","?","?","M","R","?","M","T","M","?","M","$","?","R","B",null],"character_chosen":"THE_SILENT","items_purchased":["Panache","Blur"],"campfire_rested":4,"item_purchase_floors":[20,31],"current_hp_per_floor":[70,70,70,70,65,65,34,34,34,31,25,46,46,29,50,42,70,58,58,58,58,58,43,43,32,32,32,53,53,53,53,53,41,70,70,70,70,70,70,70,70,69,69,69,69,69,69,69,69,69],"gold":233,"neow_bonus":"REMOVE_CARD","is_prod":false,"is_daily":false,"chose_seed":false,"campfire_upgraded":3,"win_rate":0,"timestamp":1550493565,"path_taken":["M","?","$","?","M","R","E","M","T","M","M","R","M","?","R","BOSS","M","M","$","?","?","E","?","M","T","?","R","?","?","$","R","BOSS","M","$","?","?","?","R","?","M","T","M","?","M","$","?","R","BOSS"],"build_version":"2019-01-23","purchased_purges":5,"victory":true,"max_hp_per_floor":[70,70,70,70,70,70,70,70,70,70,70,70,70,70,70,70,70,70,70,70,70,70,70,70,70,70,70,70,70,70,70,70,70,70,70,70,70,70,70,70,70,70,70,70,70,70,70,70,70,70],"card_choices":[{"not_picked":["Prepared","Finisher"],"picked":"Backflip","floor":1.0},{"not_picked":["Sucker Punch","Concentrate"],"picked":"Bouncing Flask","floor":5.0},{"not_picked":["Quick Slash","Acrobatics"],"picked":"Noxious Fumes","floor":7.0},{"not_picked":["Dagger Spray","Finisher","Skewer"],"picked":"SKIP","floor":8.0},{"not_picked":["Finisher","Distraction","Prepared"],"picked":"SKIP","floor":10.0},{"not_picked":["Blade Dance","Quick Slash"],"picked":"Backflip","floor":11.0},{"not_picked":["Malaise","Setup","Cloak And Dagger"],"picked":"SKIP","floor":13.0},{"not_picked":["Choke","Backstab"],"picked":"Footwork","floor":18.0},{"not_picked":["Dagger Throw","Cloak And Dagger+1","Dodge and Roll"],"picked":"SKIP","floor":19.0},{"not_picked":["Dagger Throw","Masterful Stab","Glass Knife"],"picked":"SKIP","floor":23.0},{"not_picked":["Slice","Expertise"],"picked":"Escape Plan","floor":25},{"not_picked":["Predator","Heel Hook+1","Poisoned Stab"],"picked":"SKIP","floor":29},{"not_picked":["Cloak And Dagger","Reflex+1","Concentrate+1"],"picked":"SKIP","floor":35},{"not_picked":["Dash+1","Dodge and Roll+1"],"picked":"Acrobatics+1","floor":39},{"not_picked":["Well Laid Plans","Crippling Poison","Sucker Punch"],"picked":"SKIP","floor":42},{"not_picked":["Concentrate","Reflex+1","Deflect+1"],"picked":"SKIP","floor":44},{"not_picked":["Master of Strategy","Trip"],"picked":"Apotheosis","floor":45},{"not_picked":["Deadly Poison","Flying Knee+1","Deflect+1"],"picked":"SKIP","floor":46}],"player_experience":117469,"relics_obtained":[{"floor":7.0,"key":"Happy Flower"},{"floor":9.0,"key":"Ancient Tea Set"},{"floor":23.0,"key":"Vajra"},{"floor":26,"key":"Mummified Hand"},{"floor":30,"key":"Shuriken"},{"floor":43,"key":"Snake Skull"}],"event_choices":[{"damage_healed":0.0,"max_hp_gain":0.0,"max_hp_loss":0.0,"gold_gain":0.0,"event_name":"Liars Game","player_choice":"Ignored","floor":2.0,"gold_loss":0.0,"damage_taken":0.0},{"damage_healed":0.0,"max_hp_gain":0.0,"max_hp_loss":0.0,"gold_gain":0.0,"event_name":"The Cleric","player_choice":"Leave","floor":4.0,"gold_loss":0.0,"damage_taken":0.0},{"damage_healed":0.0,"max_hp_gain":0.0,"max_hp_loss":0.0,"gold_gain":0.0,"event_name":"Golden Idol","player_choice":"Take Damage","floor":14.0,"gold_loss":0.0,"damage_taken":17.0,"relics_obtained":["Golden Idol"]},{"damage_healed":0.0,"max_hp_gain":0.0,"max_hp_loss":0.0,"gold_gain":0.0,"event_name":"Ghosts","player_choice":"Ignored","floor":21.0,"gold_loss":0.0,"damage_taken":0.0},{"damage_healed":0.0,"max_hp_gain":0.0,"max_hp_loss":0.0,"gold_gain":0.0,"event_name":"The Mausoleum","player_choice":"Ignored","floor":22.0,"gold_loss":0.0,"damage_taken":0.0},{"damage_healed":0,"gold_gain":0,"player_choice":"Ignored","damage_taken":0,"max_hp_gain":0,"max_hp_loss":0,"event_name":"Cursed Tome","floor":24,"gold_loss":0},{"damage_healed":0,"gold_gain":0,"player_choice":"Ignored","damage_taken":0,"max_hp_gain":0,"max_hp_loss":0,"event_name":"N\u0027loth","floor":27,"gold_loss":0},{"cards_removed":["Strike_G"],"damage_healed":0,"gold_gain":0,"player_choice":"Removed Attack","damage_taken":0,"max_hp_gain":0,"max_hp_loss":0,"event_name":"Falling","floor":37,"gold_loss":0},{"damage_healed":0,"gold_gain":333,"player_choice":"Gave Idol","damage_taken":0,"max_hp_gain":0,"max_hp_loss":0,"event_name":"The Moai Head","floor":38,"relics_lost":["Golden Idol"],"gold_loss":0},{"damage_healed":0,"gold_gain":0,"player_choice":"Ignored","damage_taken":0,"max_hp_gain":0,"max_hp_loss":0,"event_name":"Mysterious Sphere","floor":41,"gold_loss":0},{"damage_healed":0,"gold_gain":0,"player_choice":"Memory 1","damage_taken":0,"max_hp_gain":0,"max_hp_loss":0,"event_name":"SensoryStone","floor":45,"gold_loss":0},{"damage_healed":0,"gold_gain":0,"player_choice":"Upgrade","damage_taken":0,"relics_obtained":["Mark of the Bloom"],"max_hp_gain":0,"max_hp_loss":0,"event_name":"MindBloom","floor":48,"gold_loss":0,"cards_upgraded":["Defend_G","Defend_G","Defend_G","Survivor","Backflip","Bouncing Flask","Backflip","Panache","Escape Plan","Blur","Apotheosis"]}],"is_beta":false,"boss_relics":[{"not_picked":["Coffee Dripper","Astrolabe"],"picked":"Philosopher\u0027s Stone"},{"not_picked":["Fusion Hammer","Black Star"],"picked":"WristBlade"}],"items_purged_floors":[3,20,31,36,47],"is_endless":false,"potions_floor_spawned":[8,11,13,16,18,25,29,33,39,44,46],"ascension_level":3}