{"gold_per_floor":[369,385,310,329,339,339,352,368,368,307,51,62,62,74,74,148,148,167,92,39,39,39,49,49,49,49,49,61,78,78,78,78,78],"floor_reached":33,"playtime":1171,"items_purged":[],"score":430,"play_id":"b088a10f-9061-4de2-a7af-63b35f9e1276","local_time":"20190131214114","is_ascension_mode":true,"campfire_choices":[{"data":"White Noise","floor":6,"key":"SMITH"},{"floor":13,"key":"REST"},{"floor":15,"key":"REST"},{"floor":24,"key":"REST"},{"floor":27,"key":"DIG"},{"floor":30,"key":"REST"},{"floor":32,"key":"REST"}],"neow_cost":"TEN_PERCENT_HP_LOSS","seed_source_timestamp":1256575779054513,"circlet_count":0,"master_deck":["AscendersBane","Strike_B","Strike_B","Defend_B","Defend_B","Defend_B","Defend_B","Zap","Dualcast","Compile Driver","Double Energy","Redo","White Noise+1","FTL","Auto Shields","Apotheosis","Cold Snap","Defragment","Cold Snap","Electrodynamics","Leap","Defragment","Blizzard","Writhe"],"relics":["Cracked Core","Shovel","Sozu","Question Card","Dead Branch","Juzu Bracelet","Mercury Hourglass"],"potions_floor_usage":[16,33],"damage_taken":[{"damage":7,"enemies":"Jaw Worm","floor":1,"turns":3},{"damage":2,"enemies":"2 Louse","floor":2,"turns":3},{"damage":0,"enemies":"Small Slimes","floor":4,"turns":2},{"damage":13,"enemies":"3 Louse","floor":5,"turns":3},{"damage":12,"enemies":"Looter","floor":7,"turns":3},{"damage":20,"enemies":"Exordium Thugs","floor":8,"turns":4},{"damage":0,"enemies":"2 Fungi Beasts","floor":12,"turns":4},{"damage":4,"enemies":"Exordium Wildlife","floor":14,"turns":4},{"damage":6,"enemies":"Hexaghost","floor":16,"turns":10},{"damage":9,"enemies":"2 Thieves","floor":18,"turns":3},{"damage":21,"enemies":"Colosseum Slavers","floor":22,"turns":3},{"damage":0,"enemies":"Spheric Guardian","floor":23,"turns":4},{"damage":23,"enemies":"Centurion and Healer","floor":28,"turns":5},{"damage":16,"enemies":"Cultist and Chosen","floor":29,"turns":6},{"damage":50,"enemies":"Collector","floor":33,"turns":7}],"seed_played":"7893504877572289839","potions_obtained":[{"floor":1,"key":"Ancient Potion"},{"floor":2,"key":"Ancient Potion"},{"floor":12,"key":"LiquidBronze"},{"floor":16,"key":"EssenceOfSteel"}],"is_trial":false,"path_per_floor":["M","M","?","M","M","R","M","M","T","?","$","M","R","M","R","B",null,"M","?","$","?","?","M","R","T","T","R","M","M","R","?","R","B"],"character_chosen":"DEFECT","items_purchased":["Apotheosis","Cold Snap","Leap"],"campfire_rested":5,"item_purchase_floors":[11,11,20],"current_hp_per_floor":[57,55,55,55,42,42,30,10,10,10,10,10,29,25,44,38,58,49,49,49,49,28,28,47,47,47,47,24,8,27,27,46,0],"gold":78,"neow_bonus":"TWO_FIFTY_GOLD","is_prod":false,"is_daily":false,"chose_seed":false,"campfire_upgraded":1,"win_rate":0,"timestamp":1548938474,"path_taken":["M","M","?","M","M","R","M","M","T","?","?","M","R","M","R","BOSS","M","?","$","?","?","M","R","?","T","R","M","M","R","?","R","BOSS"],"build_version":"2019-01-23","purchased_purges":0,"victory":false,"max_hp_per_floor":[64,64,64,64,64,64,64,64,64,64,64,64,64,64,64,64,64,64,64,64,64,64,64,64,64,64,64,64,64,64,64,64,64],"card_choices":[{"not_picked":["Storm","Gash"],"picked":"Compile Driver","floor":1},{"not_picked":["Loop","Barrage"],"picked":"Double Energy","floor":2},{"not_picked":["Scrape","Hello World"],"picked":"Redo","floor":4},{"not_picked":["Rip and Tear","Loop"],"picked":"White Noise","floor":5},{"not_picked":["Gash","Leap"],"picked":"FTL","floor":7},{"not_picked":["Blizzard","Redo"],"picked":"Auto Shields","floor":8},{"not_picked":["Consume","Rebound"],"picked":"Defragment","floor":12},{"not_picked":["Ball Lightning","Steam"],"picked":"Cold Snap","floor":14},{"not_picked":["Reboot","Machine Learning"],"picked":"Electrodynamics","floor":16},{"not_picked":["Static Discharge","Ball Lightning","Barrage"],"picked":"SKIP","floor":18},{"not_picked":["Stack","Streamline","Turbo"],"picked":"SKIP","floor":23},{"not_picked":["Chill","FTL","Gash"],"picked":"Defragment","floor":28},{"not_picked":["Gash","Barrage+1","Cold Snap"],"picked":"Blizzard","floor":29}],"player_experience":574517,"relics_obtained":[{"floor":9,"key":"Shovel"},{"floor":25,"key":"Question Card"},{"floor":26,"key":"Dead Branch"},{"floor":27,"key":"Juzu Bracelet"}],"event_choices":[{"cards_removed":["Strike_B"],"damage_healed":0,"gold_gain":0,"player_choice":"Card Removal","damage_taken":0,"max_hp_gain":0,"max_hp_loss":0,"event_name":"The Cleric","floor":3,"gold_loss":75},{"damage_healed":0,"gold_gain":0,"player_choice":"Left Gold","damage_taken":0,"max_hp_gain":0,"max_hp_loss":0,"event_name":"World of Goop","floor":10,"gold_loss":61},{"cards_removed":["Strike_B"],"damage_healed":0,"gold_gain":0,"player_choice":"Gave Gold","damage_taken":0,"max_hp_gain":0,"max_hp_loss":0,"event_name":"Beggar","floor":19,"gold_loss":75},{"damage_healed":0,"gold_gain":0,"player_choice":"Ignored","damage_taken":0,"max_hp_gain":0,"max_hp_loss":0,"event_name":"Vampires","floor":21,"gold_loss":0},{"damage_healed":0,"gold_gain":0,"player_choice":"Fight","damage_taken":0,"max_hp_gain":0,"max_hp_loss":0,"event_name":"Colosseum","floor":22,"gold_loss":0},{"damage_healed":0,"gold_gain":0,"player_choice":"Fled From Nobs","damage_taken":0,"max_hp_gain":0,"max_hp_loss":0,"event_name":"Colosseum","floor":22,"gold_loss":0},{"damage_healed":0,"gold_gain":0,"player_choice":"Opened","damage_taken":0,"relics_obtained":["Mercury Hourglass"],"max_hp_gain":0,"max_hp_loss":0,"event_name":"The Mausoleum","floor":31,"gold_loss":0,"cards_obtained":["Writhe"]}],"is_beta":false,"boss_relics":[{"not_picked":["Cursed Key","Philosopher\u0027s Stone"],"picked":"Sozu"}],"items_purged_floors":[],"is_endless":false,"potions_floor_spawned":[1,2,12,16,22,23],"killed_by":"Collector","ascension_level":16}