{"path_per_floor":["M","?","M","M","M","E","R","E","T","R","M","$","M","?","R","B",null,"M","?","?","M","M","E","R","M","T","M","E","M","M","?","R"],"character_chosen":"IRONCLAD","items_purchased":["Offering"],"gold_per_floor":[118,118,138,156,169,195,195,220,295,295,308,96,106,130,130,234,234,250,165,90,101,117,146,146,158,185,205,236,253,267,267,267,267],"floor_reached":33,"campfire_rested":0,"playtime":2331,"current_hp_per_floor":[80,64,60,65,69,69,69,65,65,65,67,67,69,71,71,65,94,89,89,89,79,77,42,42,40,40,34,43,41,43,43,43,0],"items_purged":["Strike_R"],"gold":267,"score":376,"play_id":"31abfc91-80df-425f-8409-cf8e4a27a3b7","local_time":"20180512071639","is_prod":false,"is_daily":false,"chose_seed":false,"is_ascension_mode":false,"campfire_upgraded":5,"timestamp":1526102199,"path_taken":["M","?","?","M","M","E","R","E","T","R","M","$","M","?","R","BOSS","M","?","?","M","M","E","R","M","T","M","E","?","?","?","R","BOSS"],"build_version":"2018-05-10","seed_source_timestamp":145428828482788,"purchased_purges":1,"victory":false,"master_deck":["Strike_R+1","Strike_R","Strike_R","Strike_R+1","Defend_R","Defend_R+1","Defend_R","Defend_R+1","Bash","Body Slam+1","Shrug It Off+1","Flame Barrier","Headbutt","Offering+1","Double Tap","Clumsy","Writhe","Shrug It Off","Impervious","Pommel Strike+1","Body Slam","Entrench","Shrug It Off","Body Slam+1","Body Slam+1"],"max_hp_per_floor":[80,80,80,80,80,80,80,80,80,80,80,80,80,80,80,80,94,94,94,94,94,94,94,94,94,94,94,101,101,101,101,101,101],"relics":["Burning Blood","War Paint","Happy Flower","Charon\u0027s Ashes","Ornamental Fan","Odd Mushroom","Calling Bell","Mango","Centennial Puzzle","Bronze Scales","Omamori","Dream Catcher","Lantern","Strawberry"],"card_choices":[{"not_picked":["Armaments","Blood for Blood"],"picked":"Body Slam","floor":3},{"not_picked":["Body Slam","Iron Wave"],"picked":"Shrug It Off","floor":4},{"not_picked":["Fire Breathing","Flex"],"picked":"Flame Barrier","floor":5},{"not_picked":["Flame Barrier","Clash"],"picked":"Headbutt","floor":6},{"not_picked":["Limit Break","Juggernaut"],"picked":"Double Tap","floor":16},{"not_picked":["Iron Wave","Clash"],"picked":"Shrug It Off","floor":18},{"not_picked":["Iron Wave","Clothesline"],"picked":"Impervious","floor":22},{"not_picked":["Clothesline","Anger"],"picked":"Pommel Strike","floor":23},{"not_picked":["Anger","Iron Wave"],"picked":"Body Slam","floor":25},{"not_picked":["Armaments","Clothesline"],"picked":"Entrench","floor":27},{"not_picked":["Double Tap","Ghostly Armor"],"picked":"Shrug It Off","floor":28},{"not_picked":["Warcry","Cleave"],"picked":"Body Slam","floor":29},{"not_picked":["Clothesline","Heavy Blade"],"picked":"Body Slam","floor":30}],"player_experience":10934,"potions_floor_usage":[6,6,6,23,23,23,33],"damage_taken":[{"damage":0,"enemies":"2 Louse","floor":1,"turns":4},{"damage":10,"enemies":"Small Slimes","floor":3,"turns":4},{"damage":1,"enemies":"Cultist","floor":4,"turns":3},{"damage":2,"enemies":"Blue Slaver","floor":5,"turns":4},{"damage":6,"enemies":"Gremlin Nob","floor":6,"turns":4},{"damage":10,"enemies":"Lagavulin","floor":8,"turns":8},{"damage":4,"enemies":"3 Louse","floor":11,"turns":3},{"damage":4,"enemies":"Large Slime","floor":13,"turns":4},{"damage":4,"enemies":"The Mushroom Lair","floor":14,"turns":4},{"damage":12,"enemies":"Slime Boss","floor":16,"turns":11},{"damage":11,"enemies":"Chosen","floor":18,"turns":3},{"damage":16,"enemies":"2 Thieves","floor":21,"turns":3},{"damage":8,"enemies":"3 Cultists","floor":22,"turns":5},{"damage":41,"enemies":"Gremlin Leader","floor":23,"turns":7},{"damage":8,"enemies":"Sentry and Sphere","floor":25,"turns":5},{"damage":12,"enemies":"Centurion and Healer","floor":27,"turns":4},{"damage":4,"enemies":"Slavers","floor":28,"turns":4},{"damage":8,"enemies":"Snake Plant","floor":29,"turns":2},{"damage":4,"enemies":"3 Cultists","floor":30,"turns":4},{"damage":43,"enemies":"Collector","floor":33,"turns":5}],"event_choices":[{"event_name":"Shining Light","player_choice":"Entered Light","floor":2,"damage_taken":0},{"event_name":"Mushrooms","player_choice":"Fought Mushrooms","floor":14,"damage_taken":0},{"event_name":"Addict","player_choice":"Obtained Relic","floor":19,"damage_taken":0},{"event_name":"Beggar","player_choice":"Gave Gold","floor":20,"damage_taken":0},{"event_name":"Accursed Blacksmith","player_choice":"Forge","floor":31,"damage_taken":0}],"boss_relics":[{"not_picked":["Astrolabe","Runic Cube"],"picked":"Calling Bell"}],"potions_floor_spawned":[1,4,5,16,21,22,28],"seed_played":"-5421938819418251651","killed_by":"Collector","ascension_level":0,"is_trial":false}