{"gold_per_floor":[116,129,16,26,26,26,54,65,112,37,69,89,113,123,123,123],"floor_reached":16,"playtime":563,"items_purged":["Defend_R"],"score":196,"play_id":"5c8b113a-36db-4131-bb32-7cd719a939c1","local_time":"20190130132936","is_ascension_mode":true,"campfire_choices":[{"data":"Corruption","floor":6,"key":"SMITH"},{"floor":15,"key":"REST"}],"neow_cost":"NONE","seed_source_timestamp":157677476153000,"circlet_count":0,"master_deck":["AscendersBane","Strike_R","Strike_R","Strike_R","Strike_R","Strike_R","Defend_R","Defend_R","Bash","Iron Wave","Headbutt","Corruption+1","Clothesline","Shrug It Off","Shrug It Off","Spot Weakness","Offering"],"relics":["Burning Blood","NeowsBlessing","Dodecahedron","Bag of Marbles","Art of War","Odd Mushroom"],"potions_floor_usage":[8,11,14],"damage_taken":[{"damage":0,"enemies":"Cultist","floor":1,"turns":1},{"damage":0,"enemies":"Jaw Worm","floor":2,"turns":1},{"damage":0,"enemies":"2 Louse","floor":4,"turns":1},{"damage":39,"enemies":"Gremlin Nob","floor":7,"turns":6},{"damage":6,"enemies":"Lots of Slimes","floor":8,"turns":2},{"damage":26,"enemies":"Lagavulin","floor":11,"turns":8},{"damage":2,"enemies":"3 Louse","floor":12,"turns":3},{"damage":21,"enemies":"The Mushroom Lair","floor":13,"turns":5},{"damage":9,"enemies":"Exordium Thugs","floor":14,"turns":4},{"damage":30,"enemies":"The Guardian","floor":16,"turns":6}],"seed_played":"6528665079851125290","potions_obtained":[{"floor":1,"key":"Explosive Potion"},{"floor":8,"key":"AttackPotion"},{"floor":11,"key":"FearPotion"},{"floor":12,"key":"SkillPotion"}],"is_trial":false,"path_per_floor":["M","M","$","M","$","R","E","M","T","?","E","M","?","M","R","B"],"character_chosen":"IRONCLAD","items_purchased":["Corruption"],"campfire_rested":1,"item_purchase_floors":[3],"current_hp_per_floor":[74,75,75,75,75,75,42,42,42,42,22,26,11,8,30,0],"gold":123,"neow_bonus":"THREE_ENEMY_KILL","is_prod":false,"is_daily":false,"chose_seed":false,"campfire_upgraded":1,"win_rate":0,"timestamp":1548851376,"path_taken":["M","M","$","?","$","R","E","?","T","?","E","M","?","M","R","BOSS"],"build_version":"2019-01-23","purchased_purges":1,"victory":false,"max_hp_per_floor":[75,75,75,75,75,75,75,75,75,75,75,75,75,75,75,75],"card_choices":[{"not_picked":["Wild Strike","Heavy Blade"],"picked":"Iron Wave","floor":1},{"not_picked":["Twin Strike","Pommel Strike"],"picked":"Headbutt","floor":2},{"not_picked":["Exhume","Rupture"],"picked":"Clothesline","floor":4},{"not_picked":["Twin Strike","Thunderclap"],"picked":"Shrug It Off","floor":7},{"not_picked":["Clash","Corruption"],"picked":"Shrug It Off","floor":8},{"not_picked":["Inflame","Body Slam"],"picked":"Spot Weakness","floor":11},{"not_picked":["Clothesline","Corruption","Twin Strike"],"picked":"SKIP","floor":12},{"not_picked":["Bloodletting","Entrench"],"picked":"Offering","floor":13},{"not_picked":["Twin Strike","Warcry","Flex"],"picked":"SKIP","floor":14}],"player_experience":277349,"relics_obtained":[{"floor":7,"key":"Dodecahedron"},{"floor":9,"key":"Bag of Marbles"},{"floor":11,"key":"Art of War"},{"floor":13,"key":"Odd Mushroom"}],"event_choices":[{"cards_removed":["Defend_R"],"damage_healed":0,"gold_gain":0,"player_choice":"Card Removal","damage_taken":0,"max_hp_gain":0,"max_hp_loss":0,"event_name":"The Cleric","floor":10,"gold_loss":75},{"damage_healed":0,"gold_gain":0,"player_choice":"Fought Mushrooms","damage_taken":0,"max_hp_gain":0,"max_hp_loss":0,"event_name":"Mushrooms","floor":13,"gold_loss":0}],"is_beta":false,"boss_relics":[],"items_purged_floors":[3],"is_endless":false,"potions_floor_spawned":[1,8,11,12],"killed_by":"The Guardian","ascension_level":15}