{"gold_per_floor":[111,111,123,198,198,228,228,228,252,268,303,25,56,56,56,134,134,151,168,268,58,72,99,99,49,133,161,161,177,192,192],"floor_reached":31,"playtime":1200,"items_purged":[],"score":632,"play_id":"1575d3b6-be74-4b35-a49e-f5ea41ebca38","local_time":"20190210063742","is_ascension_mode":true,"campfire_choices":[{"data":"Pommel Strike","floor":7,"key":"SMITH"},{"floor":15,"key":"REST"},{"floor":24,"key":"REST"},{"floor":28,"key":"REST"}],"neow_cost":"NONE","seed_source_timestamp":299738002186800,"circlet_count":0,"master_deck":["AscendersBane","Strike_R","Strike_R+1","Strike_R","Strike_R","Strike_R+1","Defend_R","Defend_R+1","Defend_R","Bash","Iron Wave","Pommel Strike+1","Flame Barrier","Rage","Uppercut","Feed","Feel No Pain+1","Immolate","Havoc","Clothesline+1","Headbutt","Metallicize+1","Dark Embrace+1","Intimidate+1","Inflame+1","Evolve+1"],"relics":["Burning Blood","NeowsBlessing","WingedGreaves","Bronze Scales","Ancient Tea Set","Frozen Egg 2","Pen Nib","Sozu","StoneCalendar","The Courier","Lee\u0027s Waffle","Whetstone","Tiny Chest","Gremlin Horn"],"potions_floor_usage":[13,16,20],"damage_taken":[{"damage":0,"enemies":"Small Slimes","floor":1,"turns":1},{"damage":0,"enemies":"Jaw Worm","floor":3,"turns":1},{"damage":0,"enemies":"Lagavulin","floor":6,"turns":1},{"damage":0,"enemies":"Cultist","floor":10,"turns":3},{"damage":16,"enemies":"Gremlin Nob","floor":11,"turns":4},{"damage":31,"enemies":"Lagavulin","floor":13,"turns":7},{"damage":13,"enemies":"The Guardian","floor":16,"turns":13},{"damage":6,"enemies":"3 Byrds","floor":18,"turns":2},{"damage":13,"enemies":"Spheric Guardian","floor":19,"turns":3},{"damage":26,"enemies":"Colosseum Slavers","floor":20,"turns":3},{"damage":20,"enemies":"Colosseum Nobs","floor":20,"turns":4},{"damage":21,"enemies":"Cultist and Chosen","floor":22,"turns":4},{"damage":61,"enemies":"Gremlin Leader","floor":23,"turns":5},{"damage":37,"enemies":"Slavers","floor":27,"turns":6},{"damage":0,"enemies":"3 Cultists","floor":29,"turns":4},{"damage":14,"enemies":"Centurion and Healer","floor":30,"turns":7},{"damage":40,"enemies":"Book of Stabbing","floor":31,"turns":5}],"seed_played":"9096327624076475448","potions_obtained":[{"floor":1,"key":"Swift Potion"},{"floor":11,"key":"Poison Potion"},{"floor":13,"key":"SkillPotion"}],"is_trial":false,"path_per_floor":["M","?","M","?","?","E","R","?","T","M","E","$","E","$","R","B",null,"M","M","?","$","M","E","R","?","T","E","R","M","M","E"],"character_chosen":"IRONCLAD","items_purchased":["Frozen Egg 2","Lee\u0027s Waffle","Metallicize+1"],"campfire_rested":3,"item_purchase_floors":[12,21,21],"current_hp_per_floor":[74,67,73,62,39,45,45,45,45,51,41,41,16,16,38,31,64,64,57,23,82,70,15,40,40,40,12,38,44,39,0],"gold":192,"neow_bonus":"THREE_ENEMY_KILL","is_prod":false,"is_daily":false,"chose_seed":false,"campfire_upgraded":1,"win_rate":0,"timestamp":1549777062,"path_taken":["M","?","M","?","?","E","R","?","T","?","E","$","E","?","R","BOSS","M","M","?","$","M","E","R","?","T","E","R","M","M","E"],"build_version":"2019-01-23","purchased_purges":0,"victory":false,"max_hp_per_floor":[75,75,75,75,75,75,75,75,75,75,75,75,75,75,75,75,75,75,75,75,82,85,85,85,85,85,88,88,88,91,91],"card_choices":[{"not_picked":["Rupture","Disarm"],"picked":"Iron Wave","floor":1},{"not_picked":["True Grit","Thunderclap"],"picked":"Pommel Strike","floor":3},{"not_picked":["Pommel Strike","Battle Trance"],"picked":"Flame Barrier","floor":6},{"not_picked":["Second Wind","Flex"],"picked":"Uppercut","floor":10},{"not_picked":["Flex","Warcry"],"picked":"Feed","floor":11},{"not_picked":["Seeing Red","Carnage"],"picked":"Feel No Pain+1","floor":13},{"not_picked":["Fiend Fire","Offering"],"picked":"Immolate","floor":16},{"not_picked":["Warcry","Wild Strike"],"picked":"Havoc","floor":18},{"not_picked":["Reckless Charge","Anger"],"picked":"Clothesline","floor":19},{"not_picked":["Sentinel","Wild Strike"],"picked":"Headbutt","floor":20},{"not_picked":["Uppercut","Anger"],"picked":"Dark Embrace+1","floor":22},{"not_picked":["Clothesline","Perfected Strike"],"picked":"Intimidate+1","floor":23},{"not_picked":["True Grit","Intimidate"],"picked":"Inflame+1","floor":27},{"not_picked":["Wild Strike","Anger"],"picked":"Evolve+1","floor":29},{"not_picked":["Anger+1","Thunderclap","Armaments"],"picked":"SKIP","floor":30}],"player_experience":349910,"relics_obtained":[{"floor":6,"key":"WingedGreaves"},{"floor":9,"key":"Bronze Scales"},{"floor":11,"key":"Ancient Tea Set"},{"floor":13,"key":"Pen Nib"},{"floor":20,"key":"StoneCalendar"},{"floor":20,"key":"The Courier"},{"floor":23,"key":"Whetstone"},{"floor":26,"key":"Tiny Chest"},{"floor":27,"key":"Gremlin Horn"}],"event_choices":[{"cards_removed":["Defend_R"],"damage_healed":0,"gold_gain":0,"player_choice":"Card Removal","damage_taken":7,"max_hp_gain":0,"max_hp_loss":0,"event_name":"Golden Wing","floor":2,"gold_loss":0},{"damage_healed":0,"gold_gain":75,"player_choice":"Gather Gold","damage_taken":11,"max_hp_gain":0,"max_hp_loss":0,"event_name":"World of Goop","floor":4,"gold_loss":0},{"damage_healed":0,"gold_gain":0,"player_choice":"Entered Light","damage_taken":23,"max_hp_gain":0,"max_hp_loss":0,"event_name":"Shining Light","floor":5,"gold_loss":0,"cards_upgraded":["Strike_R","Defend_R"]},{"damage_healed":0,"gold_gain":0,"player_choice":"1 cards matched","damage_taken":0,"max_hp_gain":0,"max_hp_loss":0,"event_name":"Match and Keep!","floor":8,"gold_loss":0,"cards_obtained":["Rage"]},{"damage_healed":0,"gold_gain":0,"player_choice":"Fight","damage_taken":0,"max_hp_gain":0,"max_hp_loss":0,"event_name":"Colosseum","floor":20,"gold_loss":0},{"damage_healed":0,"gold_gain":0,"player_choice":"Fought Nobs","damage_taken":0,"max_hp_gain":0,"max_hp_loss":0,"event_name":"Colosseum","floor":20,"gold_loss":0},{"damage_healed":0,"gold_gain":0,"player_choice":"Bet on Owner","damage_taken":0,"max_hp_gain":0,"max_hp_loss":0,"event_name":"The Joust","floor":25,"gold_loss":50}],"is_beta":false,"boss_relics":[{"not_picked":["Busted Crown","Runic Cube"],"picked":"Sozu"}],"items_purged_floors":[],"is_endless":false,"potions_floor_spawned":[1,11,13,20,22,23,29,30],"killed_by":"Book of Stabbing","ascension_level":20}