{"path_per_floor":["M","?","?","$","M","E","M","M","T","M","E","?","$","M","R"],"character_chosen":"IRONCLAD","items_purchased":["Apotheosis"],"gold_per_floor":[368,368,368,90,102,129,147,161,161,171,202,202,102,115,115,115],"floor_reached":16,"campfire_rested":0,"playtime":535,"current_hp_per_floor":[72,65,65,65,64,38,37,32,32,34,16,2,2,8,8,0],"items_purged":["Strike_R","Defend_R"],"gold":115,"score":168,"play_id":"f76feb60-2368-4427-9e4c-46e27d6ec7aa","local_time":"20180525000437","is_prod":false,"is_daily":false,"chose_seed":false,"is_ascension_mode":true,"campfire_upgraded":1,"timestamp":1527199477,"campfire_choices":[{"data":"Searing Blow","floor":15,"key":"SMITH"}],"path_taken":["M","?","?","$","M","E","M","M","T","M","E","?","$","?","R","BOSS"],"build_version":"2018-05-17","seed_source_timestamp":441976422365823,"purchased_purges":2,"victory":false,"master_deck":["Strike_R+1","Strike_R","Strike_R+1","Strike_R","Defend_R","Defend_R","Bash","AscendersBane","Apotheosis","Searing Blow+1","Thunderclap","Headbutt"],"max_hp_per_floor":[72,72,72,72,72,72,72,72,72,72,72,72,72,72,72,72],"relics":["Burning Blood","Charon\u0027s Ashes","Frozen Egg 2","Letter Opener"],"card_choices":[{"not_picked":["Shrug It Off","Power Through","Metallicize"],"picked":"SKIP","floor":1},{"not_picked":["Clothesline","Perfected Strike"],"picked":"Searing Blow","floor":5},{"not_picked":["Pummel","Clothesline","Warcry"],"picked":"SKIP","floor":6},{"not_picked":["Intimidate","Twin Strike","Clash"],"picked":"SKIP","floor":7},{"not_picked":["Thunderclap","Pommel Strike","Rage"],"picked":"SKIP","floor":8},{"not_picked":["Pommel Strike","Rage"],"picked":"Thunderclap","floor":8},{"not_picked":["Second Wind","Shrug It Off"],"picked":"Headbutt","floor":10},{"not_picked":["Inflame+1","Flame Barrier","Sentinel"],"picked":"SKIP","floor":11},{"not_picked":["Blood for Blood","Seeing Red","Anger"],"picked":"SKIP","floor":14}],"player_experience":194703,"potions_floor_usage":[6,10,11,16],"damage_taken":[{"damage":0,"enemies":"Small Slimes","floor":1,"turns":3},{"damage":7,"enemies":"2 Louse","floor":5,"turns":3},{"damage":32,"enemies":"Gremlin Nob","floor":6,"turns":4},{"damage":7,"enemies":"Jaw Worm","floor":7,"turns":4},{"damage":11,"enemies":"Looter","floor":8,"turns":4},{"damage":16,"enemies":"Exordium Thugs","floor":10,"turns":4},{"damage":24,"enemies":"Lagavulin","floor":11,"turns":7},{"damage":0,"enemies":"Large Slime","floor":14,"turns":4},{"damage":12,"enemies":"Hexaghost","floor":16,"turns":4}],"relics_obtained":[{"floor":6,"key":"Charon\u0027s Ashes"},{"floor":9,"key":"Frozen Egg 2"},{"floor":11,"key":"Letter Opener"}],"event_choices":[{"event_name":"Golden Wing","player_choice":"Card Removal","floor":2,"damage_taken":0},{"event_name":"The Lab","player_choice":"Got Potions","floor":3,"damage_taken":0},{"event_name":"Shining Light","player_choice":"Entered Light","floor":12,"damage_taken":0}],"boss_relics":[],"potions_floor_spawned":[5,7,8],"seed_played":"7845006672583096073","killed_by":"Hexaghost","ascension_level":10,"potions_obtained":[{"floor":3,"key":"Energy Potion"},{"floor":3,"key":"Dexterity Potion"},{"floor":3,"key":"SneckoOil"},{"floor":5,"key":"Poison Potion"},{"floor":7,"key":"Energy Potion"},{"floor":8,"key":"Regen Potion"}],"is_trial":false}