{"gold_per_floor":[117,117,117,136,136,136,179,202,227,227,241,241,255,16,16,16],"floor_reached":16,"playtime":473,"items_purged":[],"score":100,"play_id":"02a526a2-37a9-4ead-8208-f706cc53eb3d","local_time":"20190112095711","is_ascension_mode":false,"campfire_choices":[{"floor":6,"key":"REST"},{"data":"Genetic Algorithm","floor":10,"key":"SMITH"},{"data":"Electrodynamics","floor":15,"key":"SMITH"}],"neow_cost":"NONE","seed_source_timestamp":260848373200081,"circlet_count":0,"master_deck":["Strike_B","Strike_B","Strike_B","Defend_B","Defend_B","Zap","Dualcast","Genetic Algorithm+1","Ball Lightning","Streamline","Streamline","Glacier","Parasite","Streamline","Electrodynamics+1","Redo","Beam Cell"],"relics":["Empty Cage","DataDisk","Golden Idol","Ancient Tea Set","Blood Vial"],"potions_floor_usage":[7,16],"damage_taken":[{"damage":11,"enemies":"2 Louse","floor":1,"turns":3},{"damage":0,"enemies":"Small Slimes","floor":4,"turns":3},{"damage":21,"enemies":"Lagavulin","floor":7,"turns":5},{"damage":3,"enemies":"Jaw Worm","floor":8,"turns":3},{"damage":1,"enemies":"2 Fungi Beasts","floor":11,"turns":2},{"damage":8,"enemies":"Blue Slaver","floor":13,"turns":4},{"damage":50,"enemies":"The Guardian","floor":16,"turns":6}],"seed_played":"5538215732812725686","potions_obtained":[{"floor":1,"key":"GamblersBrew"},{"floor":4,"key":"Block Potion"},{"floor":13,"key":"Energy Potion"}],"is_trial":false,"path_per_floor":["M","?","?","M","?","R","E","M","T","R","M","?","M","$","R","B"],"character_chosen":"DEFECT","items_purchased":["Electrodynamics","Redo","Beam Cell"],"campfire_rested":1,"item_purchase_floors":[14,14,14],"current_hp_per_floor":[64,61,43,43,36,58,37,34,34,34,35,53,47,47,47,0],"gold":16,"neow_bonus":"BOSS_RELIC","is_prod":false,"is_daily":false,"chose_seed":false,"campfire_upgraded":2,"win_rate":0.0,"timestamp":1547258231,"path_taken":["M","?","?","M","?","R","E","M","T","R","?","?","M","$","R","BOSS"],"build_version":"2019-01-10","purchased_purges":0,"victory":false,"max_hp_per_floor":[75,75,75,75,75,75,75,75,75,75,75,75,75,75,75,75],"card_choices":[{"not_picked":["Reprogram","Turbo"],"picked":"Genetic Algorithm","floor":1},{"not_picked":["Hello World","Capacitor"],"picked":"Ball Lightning","floor":4},{"not_picked":["Multi-Cast","FTL"],"picked":"Streamline","floor":7},{"not_picked":["Steam","Redo"],"picked":"Streamline","floor":8},{"not_picked":["Turbo","Go for the Eyes"],"picked":"Glacier","floor":11},{"not_picked":["Conserve Battery","Hologram"],"picked":"Streamline","floor":13}],"player_experience":50792,"relics_obtained":[{"floor":7,"key":"Ancient Tea Set"},{"floor":9,"key":"Blood Vial"}],"event_choices":[{"damage_healed":0,"gold_gain":0,"player_choice":"Success","damage_taken":3,"relics_obtained":["DataDisk"],"max_hp_gain":0,"max_hp_loss":0,"event_name":"Scrap Ooze","floor":2,"gold_loss":0},{"damage_healed":0,"gold_gain":0,"player_choice":"Take Damage","damage_taken":18,"relics_obtained":["Golden Idol"],"max_hp_gain":0,"max_hp_loss":0,"event_name":"Golden Idol","floor":3,"gold_loss":0},{"cards_removed":["Strike_B"],"damage_healed":0,"gold_gain":0,"player_choice":"Card Removal","damage_taken":7,"max_hp_gain":0,"max_hp_loss":0,"event_name":"Golden Wing","floor":5,"gold_loss":0},{"damage_healed":18,"gold_gain":0,"player_choice":"Healed and dodged fight","damage_taken":0,"max_hp_gain":0,"max_hp_loss":0,"event_name":"Mushrooms","floor":12,"gold_loss":0,"cards_obtained":["Parasite"]}],"is_beta":false,"boss_relics":[],"items_purged_floors":[],"is_endless":false,"potions_floor_spawned":[1,4,13],"killed_by":"The Guardian","ascension_level":0}