{"gold_per_floor":[110,285,297,308,324,324,351,412,412,412],"floor_reached":10,"playtime":432,"items_purged":[],"score":78,"play_id":"c4931134-cff8-4958-a88e-c226dc5a2ef1","local_time":"20181027123147","is_ascension_mode":true,"campfire_choices":[{"data":"Gash","floor":6,"key":"SMITH"}],"neow_cost":"NONE","seed_source_timestamp":1866101544182174,"circlet_count":0,"master_deck":["Strike_B","Strike_B","Strike_B","Strike_B","Defend_B","Defend_B","Defend_B","Defend_B","Zap+1","Dualcast","Gash+1","Doubt","Go for the Eyes","Conserve Battery","Go for the Eyes","Sunder","Glacier"],"relics":["Cracked Core","Oddly Smooth Stone","Dodecahedron","Anchor"],"potions_floor_usage":[],"damage_taken":[{"damage":4,"enemies":"Small Slimes","floor":1,"turns":4},{"damage":0,"enemies":"2 Louse","floor":3,"turns":3},{"damage":2,"enemies":"Jaw Worm","floor":4,"turns":4},{"damage":5,"enemies":"Blue Slaver","floor":5,"turns":3},{"damage":29,"enemies":"3 Sentries","floor":7,"turns":8},{"damage":22,"enemies":"3 Sentries","floor":8,"turns":8},{"damage":17,"enemies":"Gremlin Nob","floor":10,"turns":3}],"seed_played":"-3157771694014091869","potions_obtained":[{"floor":7,"key":"SpeedPotion"},{"floor":8,"key":"Ancient Potion"}],"is_trial":false,"path_per_floor":["M","?","M","M","M","R","E","?","T"],"character_chosen":"DEFECT","items_purchased":[],"campfire_rested":0,"item_purchase_floors":[],"current_hp_per_floor":[71,71,71,69,64,64,35,13,13,0],"gold":412,"neow_bonus":"UPGRADE_CARD","is_prod":false,"is_daily":false,"chose_seed":false,"campfire_upgraded":1,"win_rate":0,"timestamp":1540611107,"path_taken":["M","?","M","M","M","R","E","?","T","E"],"build_version":"2018-10-25v2","purchased_purges":0,"victory":false,"max_hp_per_floor":[75,75,75,75,75,75,75,75,75,75],"card_choices":[{"not_picked":["Sweeping Beam","Barrage"],"picked":"Gash","floor":1},{"not_picked":["Sweeping Beam","Rebound"],"picked":"Go for the Eyes","floor":3},{"not_picked":["Sweeping Beam","Steam"],"picked":"Conserve Battery","floor":4},{"not_picked":["Loop","Reprogram"],"picked":"Go for the Eyes","floor":5},{"not_picked":["Compile Driver","Cold Snap"],"picked":"Sunder","floor":7},{"not_picked":["Cold Snap","Recycle"],"picked":"Glacier","floor":8}],"player_experience":233153,"relics_obtained":[{"floor":7,"key":"Oddly Smooth Stone"},{"floor":8,"key":"Dodecahedron"},{"floor":9,"key":"Anchor"}],"event_choices":[{"damage_healed":0,"gold_gain":175,"player_choice":"AGREE","damage_taken":0,"max_hp_gain":0,"max_hp_loss":0,"event_name":"Liars Game","floor":2,"gold_loss":0,"cards_obtained":["Doubt"]},{"damage_healed":0,"gold_gain":0,"player_choice":"Searched \u00271\u0027 times","damage_taken":0,"max_hp_gain":0,"max_hp_loss":0,"event_name":"Dead Adventurer","floor":8,"gold_loss":0}],"is_beta":false,"boss_relics":[],"items_purged_floors":[],"is_endless":false,"potions_floor_spawned":[7,8],"killed_by":"Gremlin Nob","ascension_level":3}