{"path_per_floor":["M","?","M","M","M","R","M","?","T","?","T","R","M","M","R"],"character_chosen":"IRONCLAD","items_purchased":[],"gold_per_floor":[118,118,131,141,159,159,176,176,176,126,151,151,166,190,190,190],"floor_reached":16,"campfire_rested":0,"playtime":549,"item_purchase_floors":[],"current_hp_per_floor":[66,59,59,52,42,42,31,31,31,31,38,38,37,42,42,0],"items_purged":[],"gold":190,"score":141,"play_id":"7687945d-45ac-4a76-bbcf-7110e9d0f207","local_time":"20180525180937","is_prod":false,"is_daily":false,"chose_seed":false,"is_ascension_mode":true,"campfire_upgraded":3,"win_rate":0,"timestamp":1527264577,"campfire_choices":[{"data":"Metallicize","floor":6,"key":"SMITH"},{"data":"Headbutt","floor":12,"key":"SMITH"},{"data":"Bash","floor":15,"key":"SMITH"}],"path_taken":["BOSS","M","?","M","?","?","R","M","?","T","?","?","R","M","M","R","BOSS"],"build_version":"2018-05-24","seed_source_timestamp":0,"purchased_purges":0,"victory":false,"master_deck":["Strike_R","Strike_R","Strike_R","Strike_R","Strike_R","Defend_R","Defend_R","Bash+1","AscendersBane","Headbutt+1","Metallicize+1"],"max_hp_per_floor":[72,72,72,72,72,72,72,67,67,67,74,74,74,74,74,74],"relics":["Burning Blood","Sundial","Golden Idol","Happy Flower","Strawberry"],"card_choices":[{"not_picked":["Flex","Intimidate","Infernal Blade"],"picked":"SKIP","floor":1},{"not_picked":["Rage","Hemokinesis","Wild Strike"],"picked":"SKIP","floor":3},{"not_picked":["Rage","Hemokinesis","Wild Strike"],"picked":"SKIP","floor":3},{"not_picked":["Anger","Body Slam"],"picked":"Headbutt","floor":4},{"not_picked":["Fire Breathing","Wild Strike"],"picked":"Metallicize","floor":5},{"not_picked":["Clash","Shrug It Off","Cleave"],"picked":"SKIP","floor":7},{"not_picked":["Limit Break","True Grit","Clash"],"picked":"SKIP","floor":13},{"not_picked":["Anger","Body Slam","Sword Boomerang"],"picked":"SKIP","floor":14}],"player_experience":195238,"potions_floor_usage":[16,16,16],"damage_taken":[{"damage":12,"enemies":"Small Slimes","floor":1,"turns":3},{"damage":6,"enemies":"Cultist","floor":3,"turns":4},{"damage":13,"enemies":"Jaw Worm","floor":4,"turns":5},{"damage":16,"enemies":"Blue Slaver","floor":5,"turns":3},{"damage":17,"enemies":"2 Fungi Beasts","floor":7,"turns":4},{"damage":7,"enemies":"Looter","floor":13,"turns":3},{"damage":1,"enemies":"3 Louse","floor":14,"turns":4},{"damage":46,"enemies":"The Guardian","floor":16,"turns":9}],"relics_obtained":[{"floor":9,"key":"Happy Flower"},{"floor":11,"key":"Strawberry"}],"event_choices":[{"event_name":"Golden Wing","player_choice":"Card Removal","floor":2,"damage_taken":0},{"event_name":"Golden Idol","player_choice":"Lose Max HP","floor":8,"damage_taken":0},{"event_name":"The Cleric","player_choice":"Card Removal","floor":10,"damage_taken":0}],"boss_relics":[],"items_purged_floors":[],"potions_floor_spawned":[4,7,13,14],"seed_played":"2501991834860404454","killed_by":"The Guardian","ascension_level":10,"potions_obtained":[{"floor":4,"key":"LiquidBronze"},{"floor":7,"key":"AttackPotion"},{"floor":13,"key":"Poison Potion"}],"is_trial":false}