{"gold_per_floor":[110,110,24,24,40,40,105,119,173,206,225,237,237,266,266,266],"floor_reached":16,"playtime":659,"items_purged":[],"score":254,"play_id":"eb98eb50-7819-4e59-a62e-6e8d1d5169a0","local_time":"20190130175329","is_ascension_mode":true,"campfire_choices":[{"data":"Disarm","floor":6,"key":"SMITH"},{"data":"Uppercut","floor":15,"key":"SMITH"}],"neow_cost":"NONE","seed_source_timestamp":173413661646900,"circlet_count":0,"master_deck":["AscendersBane","Strike_R","Strike_R","Strike_R","Strike_R","Strike_R","Defend_R+1","Defend_R","Defend_R","Bash+1","Disarm+1","Flash of Steel","Iron Wave","Uppercut+1","Iron Wave","Flame Barrier","Battle Trance","Clothesline","Ghostly Armor"],"relics":["Burning Blood","NeowsBlessing","Tiny Chest","Vajra","PreservedInsect","Nunchaku","Self Forming Clay"],"potions_floor_usage":[10,16,16],"damage_taken":[{"damage":0,"enemies":"2 Louse","floor":1,"turns":1},{"damage":0,"enemies":"Small Slimes","floor":5,"turns":1},{"damage":0,"enemies":"Lagavulin","floor":7,"turns":1},{"damage":0,"enemies":"Jaw Worm","floor":8,"turns":3},{"damage":12,"enemies":"3 Sentries","floor":10,"turns":9},{"damage":4,"enemies":"3 Louse","floor":11,"turns":4},{"damage":0,"enemies":"2 Fungi Beasts","floor":12,"turns":4},{"damage":9,"enemies":"Lagavulin","floor":14,"turns":6},{"damage":66,"enemies":"Slime Boss","floor":16,"turns":12}],"seed_played":"-8513931818036832192","potions_obtained":[{"floor":1,"key":"SkillPotion"},{"floor":5,"key":"SkillPotion"},{"floor":11,"key":"Explosive Potion"},{"floor":14,"key":"Fire Potion"}],"is_trial":false,"path_per_floor":["M","?","$","?","M","R","E","M","T","E","M","M","T","E","R","B"],"character_chosen":"IRONCLAD","items_purchased":["Flash of Steel"],"campfire_rested":0,"item_purchase_floors":[3],"current_hp_per_floor":[74,51,51,44,50,50,56,62,62,56,58,64,64,61,61,0],"gold":266,"neow_bonus":"THREE_ENEMY_KILL","is_prod":false,"is_daily":false,"chose_seed":false,"campfire_upgraded":2,"win_rate":0,"timestamp":1548867209,"path_taken":["M","?","$","?","M","R","E","M","T","E","M","M","?","E","R","BOSS"],"build_version":"2019-01-23","purchased_purges":0,"victory":false,"max_hp_per_floor":[75,75,75,75,75,75,75,75,75,75,75,75,75,75,75,75],"card_choices":[{"not_picked":["Sword Boomerang","Twin Strike"],"picked":"Disarm","floor":1},{"not_picked":["Havoc","Headbutt"],"picked":"Iron Wave","floor":5},{"not_picked":["Second Wind","Infernal Blade"],"picked":"Uppercut","floor":7},{"not_picked":["Warcry","Brutality"],"picked":"Iron Wave","floor":8},{"not_picked":["Berserk","Sever Soul"],"picked":"Flame Barrier","floor":10},{"not_picked":["Disarm","Shockwave"],"picked":"Battle Trance","floor":11},{"not_picked":["Twin Strike","Perfected Strike"],"picked":"Clothesline","floor":12},{"not_picked":["Blood for Blood","Perfected Strike"],"picked":"Ghostly Armor","floor":14}],"player_experience":278380,"relics_obtained":[{"floor":7,"key":"Tiny Chest"},{"floor":9,"key":"Vajra"},{"floor":10,"key":"PreservedInsect"},{"floor":13,"key":"Nunchaku"},{"floor":14,"key":"Self Forming Clay"}],"event_choices":[{"damage_healed":0,"gold_gain":0,"player_choice":"Entered Light","damage_taken":23,"max_hp_gain":0,"max_hp_loss":0,"event_name":"Shining Light","floor":2,"gold_loss":0,"cards_upgraded":["Defend_R","Bash"]},{"cards_removed":["Defend_R"],"damage_healed":0,"gold_gain":0,"player_choice":"Card Removal","damage_taken":7,"max_hp_gain":0,"max_hp_loss":0,"event_name":"Golden Wing","floor":4,"gold_loss":0}],"is_beta":false,"boss_relics":[],"items_purged_floors":[],"is_endless":false,"potions_floor_spawned":[1,5,11,14],"killed_by":"Slime Boss","ascension_level":15}