{"gold_per_floor":[359,8,8,19,19,19,19,58,81,102,141,161,65,78,78,198,198,218,218,218,244,244,282,297,297,297,313,346,5,5,26,26,26],"floor_reached":33,"playtime":2451,"items_purged":["Regret","Defend_R","Strike_R+1"],"score":396,"play_id":"6c8cb846-2b24-4848-b6e1-c3400c6121c0","local_time":"20190215140148","is_ascension_mode":true,"campfire_choices":[{"data":"True Grit","floor":6,"key":"SMITH"},{"data":"Flex","floor":15,"key":"SMITH"},{"data":"Rupture","floor":25,"key":"SMITH"},{"floor":32,"key":"REST"}],"neow_cost":"CURSE","seed_source_timestamp":961771171691931,"circlet_count":0,"master_deck":["Strike_R+1","Strike_R+1","Defend_R+1","Defend_R+1","Defend_R+1","Bash","Metallicize","Battle Trance","True Grit+1","Armaments","Rupture+1","Flex+1","Flex","Feel No Pain","Dark Embrace","Pummel+1","Dropkick+1","Intimidate","Reckless Charge+1","Sword Boomerang+1"],"relics":["Burning Blood","OrangePellets","WarpedTongs","Golden Idol","Smiling Mask","Centennial Puzzle","Mummified Hand","Empty Cage","Kunai","Pen Nib","Oddly Smooth Stone","Prayer Wheel","Happy Flower","Gambling Chip"],"potions_floor_usage":[8,27],"damage_taken":[{"damage":12,"enemies":"2 Louse","floor":1,"turns":3},{"damage":3,"enemies":"Cultist","floor":4,"turns":3},{"damage":39,"enemies":"Gremlin Nob","floor":8,"turns":5},{"damage":0,"enemies":"Small Slimes","floor":10,"turns":5},{"damage":22,"enemies":"Lagavulin","floor":11,"turns":10},{"damage":3,"enemies":"Looter","floor":12,"turns":3},{"damage":9,"enemies":"Exordium Thugs","floor":14,"turns":5},{"damage":2,"enemies":"Hexaghost","floor":16,"turns":9},{"damage":0,"enemies":"Shell Parasite","floor":18,"turns":7},{"damage":18,"enemies":"Gremlin Leader","floor":23,"turns":7},{"damage":1,"enemies":"2 Thieves","floor":24,"turns":4},{"damage":0,"enemies":"Centurion and Healer","floor":27,"turns":3},{"damage":50,"enemies":"Slavers","floor":28,"turns":9},{"damage":0,"enemies":"Snake Plant","floor":31,"turns":1},{"damage":60,"enemies":"Collector","floor":33,"turns":5}],"seed_played":"1662381801486044630","potions_obtained":[{"floor":4,"key":"SteroidPotion"},{"floor":12,"key":"Energy Potion"},{"floor":16,"key":"Strength Potion"},{"floor":23,"key":"SkillPotion"}],"is_trial":false,"path_per_floor":["M","$","?","M","?","R","?","E","T","M","E","M","$","M","R","B",null,"M","T","?","T","?","E","M","R","T","M","E","$","$","M","R","B"],"character_chosen":"IRONCLAD","items_purchased":["OrangePellets","Battle Trance","Flex","Gambling Chip"],"campfire_rested":1,"item_purchase_floors":[2,2,13,29],"current_hp_per_floor":[66,66,66,69,62,62,62,29,29,35,19,22,22,19,19,23,61,67,67,67,67,67,55,60,60,60,66,22,22,22,28,50,0],"gold":26,"neow_bonus":"TWO_FIFTY_GOLD","is_prod":false,"is_daily":false,"chose_seed":false,"campfire_upgraded":3,"win_rate":0,"timestamp":1550217708,"path_taken":["M","$","?","?","?","R","?","E","T","M","E","?","$","?","R","BOSS","M","?","?","?","?","E","M","R","T","?","E","?","$","M","R","BOSS"],"build_version":"2019-01-23","purchased_purges":3,"victory":false,"max_hp_per_floor":[80,80,80,80,80,80,74,74,74,74,74,74,74,74,74,74,74,74,74,74,74,74,74,74,74,74,74,74,74,74,74,74,74],"card_choices":[{"not_picked":["True Grit","Twin Strike"],"picked":"Metallicize","floor":1},{"not_picked":["Sword Boomerang","Blood for Blood"],"picked":"True Grit","floor":4},{"not_picked":["Limit Break","Body Slam"],"picked":"Armaments","floor":8},{"not_picked":["Iron Wave","True Grit"],"picked":"Rupture","floor":10},{"not_picked":["Disarm","Battle Trance"],"picked":"Flex","floor":11},{"not_picked":["Carnage","Entrench","Clash"],"picked":"SKIP","floor":12},{"not_picked":["Carnage","Entrench","Clash"],"picked":"SKIP","floor":12},{"not_picked":["Thunderclap","Rage"],"picked":"Feel No Pain","floor":14},{"not_picked":["Barricade","Feed"],"picked":"Dark Embrace","floor":16},{"not_picked":["Pommel Strike+1","Thunderclap","Perfected Strike"],"picked":"SKIP","floor":18},{"not_picked":["Flex","Flame Barrier"],"picked":"Pummel+1","floor":23},{"not_picked":["Clothesline","Thunderclap"],"picked":"Dropkick+1","floor":24},{"not_picked":["Heavy Blade","Carnage"],"picked":"Intimidate","floor":27},{"not_picked":["Clash","Iron Wave","Hemokinesis+1"],"picked":"SKIP","floor":27},{"not_picked":["Clash+1","Sever Soul","Headbutt"],"picked":"SKIP","floor":28},{"not_picked":["Headbutt+1","Rage+1"],"picked":"Reckless Charge+1","floor":31},{"not_picked":["Headbutt+1","Clothesline+1"],"picked":"Sword Boomerang+1","floor":31}],"player_experience":807915,"relics_obtained":[{"floor":8,"key":"Smiling Mask"},{"floor":9,"key":"Centennial Puzzle"},{"floor":11,"key":"Mummified Hand"},{"floor":19,"key":"Kunai"},{"floor":21,"key":"Pen Nib"},{"floor":23,"key":"Oddly Smooth Stone"},{"floor":26,"key":"Prayer Wheel"},{"floor":28,"key":"Happy Flower"}],"event_choices":[{"damage_healed":0,"gold_gain":0,"player_choice":"Rummage","damage_taken":0,"relics_obtained":["WarpedTongs"],"max_hp_gain":0,"max_hp_loss":0,"event_name":"Accursed Blacksmith","floor":3,"gold_loss":0,"cards_obtained":["Pain"]},{"cards_removed":["Pain"],"damage_healed":0,"gold_gain":0,"player_choice":"Card Removal","damage_taken":7,"max_hp_gain":0,"max_hp_loss":0,"event_name":"Golden Wing","floor":5,"gold_loss":0},{"damage_healed":0,"gold_gain":0,"player_choice":"Lose Max HP","damage_taken":0,"relics_obtained":["Golden Idol"],"max_hp_gain":0,"max_hp_loss":6,"event_name":"Golden Idol","floor":7,"gold_loss":0},{"damage_healed":0,"gold_gain":0,"player_choice":"Simplicity","damage_taken":0,"max_hp_gain":0,"max_hp_loss":0,"event_name":"Back to Basics","floor":20,"gold_loss":0,"cards_upgraded":["Strike_R","Strike_R","Strike_R","Defend_R","Defend_R","Defend_R"]},{"damage_healed":0,"gold_gain":0,"player_choice":"Ignored","damage_taken":0,"max_hp_gain":0,"max_hp_loss":0,"event_name":"Ghosts","floor":22,"gold_loss":0}],"is_beta":false,"boss_relics":[{"not_picked":["Eternal Feather","Black Blood"],"picked":"Empty Cage"}],"items_purged_floors":[2,13,29],"is_endless":false,"potions_floor_spawned":[4,12,16,23],"killed_by":"Collector","ascension_level":7}