{"gold_per_floor":[369,16,36,56,56,91,113,125,198,216,234,234],"floor_reached":12,"playtime":592,"items_purged":["Strike_R"],"score":111,"play_id":"54058ad1-f1f5-4be1-b353-a68c3182b2bd","local_time":"20190126203422","is_ascension_mode":true,"campfire_choices":[],"neow_cost":"PERCENT_DAMAGE","seed_source_timestamp":147220399536011,"circlet_count":0,"master_deck":["Strike_R","Strike_R","Strike_R","Strike_R","Defend_R","Defend_R+1","Defend_R","Defend_R","Bash","Body Slam","True Grit+1","Thunderclap","Shockwave","Barricade+1","Armaments","Rampage"],"relics":["Burning Blood","HandDrill","Frozen Egg 2","War Paint","Odd Mushroom","Dodecahedron"],"potions_floor_usage":[6,10,11,12],"damage_taken":[{"damage":1,"enemies":"Cultist","floor":1,"turns":4},{"damage":3,"enemies":"2 Louse","floor":3,"turns":4},{"damage":13,"enemies":"Jaw Worm","floor":4,"turns":4},{"damage":36,"enemies":"Lagavulin","floor":6,"turns":10},{"damage":17,"enemies":"The Mushroom Lair","floor":7,"turns":5},{"damage":1,"enemies":"Blue Slaver","floor":8,"turns":6},{"damage":4,"enemies":"Red Slaver","floor":10,"turns":4},{"damage":11,"enemies":"Exordium Thugs","floor":11,"turns":4},{"damage":13,"enemies":"Lots of Slimes","floor":12,"turns":4}],"seed_played":"-6906416544515231447","potions_obtained":[{"floor":1,"key":"Block Potion"},{"floor":7,"key":"GamblersBrew"},{"floor":10,"key":"SteroidPotion"},{"floor":11,"key":"SteroidPotion"}],"is_trial":false,"path_per_floor":["M","$","M","M","T","E","?","M","T","M","M","M"],"character_chosen":"IRONCLAD","items_purchased":["HandDrill","Body Slam","True Grit"],"campfire_rested":0,"item_purchase_floors":[2,2,2],"current_hp_per_floor":[56,56,59,52,52,22,11,16,16,18,13,0],"gold":234,"neow_bonus":"TWO_FIFTY_GOLD","is_prod":false,"is_daily":false,"chose_seed":false,"campfire_upgraded":0,"win_rate":0,"timestamp":1548527662,"path_taken":["M","$","M","M","?","E","?","M","T","M","M","M"],"build_version":"2019-01-23","purchased_purges":1,"victory":false,"max_hp_per_floor":[80,80,80,80,80,80,80,80,80,80,80,80],"card_choices":[{"not_picked":["Bloodletting","Corruption","Sword Boomerang"],"picked":"SKIP","floor":1},{"not_picked":["Searing Blow","Perfected Strike"],"picked":"Thunderclap","floor":3},{"not_picked":["Pommel Strike","Corruption"],"picked":"Shockwave","floor":4},{"not_picked":["Rampage","Anger"],"picked":"Barricade+1","floor":6},{"not_picked":["Wild Strike","Clash"],"picked":"Armaments","floor":7},{"not_picked":["Sword Boomerang","Hemokinesis"],"picked":"Rampage","floor":8},{"not_picked":["Rampage","Reckless Charge","Rage"],"picked":"SKIP","floor":10},{"not_picked":["Twin Strike","Thunderclap","Fire Breathing+1"],"picked":"SKIP","floor":11}],"player_experience":145419,"relics_obtained":[{"floor":5,"key":"Frozen Egg 2"},{"floor":6,"key":"War Paint"},{"floor":7,"key":"Odd Mushroom"},{"floor":9,"key":"Dodecahedron"}],"event_choices":[{"damage_healed":0,"gold_gain":0,"player_choice":"Fought Mushrooms","damage_taken":0,"max_hp_gain":0,"max_hp_loss":0,"event_name":"Mushrooms","floor":7,"gold_loss":0}],"is_beta":false,"boss_relics":[],"items_purged_floors":[2],"is_endless":false,"potions_floor_spawned":[1,7,10,11],"killed_by":"Lots of Slimes","ascension_level":7}