{"gold_per_floor":[118,128,139,159,170,197,162,162,188,188,188,164,164,181,181,276,276,286,305,325,340,352,352,58,76,148,148,164,182,0,0,0,0],"floor_reached":33,"playtime":1960,"items_purged":[],"score":253,"play_id":"f9a50eb0-2053-4dc0-8242-db42044ecf70","local_time":"20180623233052","is_ascension_mode":false,"campfire_choices":[{"data":"Zap","floor":8,"key":"SMITH"},{"data":"Rip and Tear","floor":10,"key":"SMITH"},{"data":"Compile Driver","floor":13,"key":"SMITH"},{"data":"Doom and Gloom","floor":15,"key":"SMITH"},{"floor":23,"key":"REST"},{"floor":27,"key":"REST"},{"floor":32,"key":"REST"}],"neow_cost":"TEN_PERCENT_HP_LOSS","seed_source_timestamp":796493406084240,"circlet_count":0,"master_deck":["Strike_B","Strike_B","Strike_B","Strike_B","Defend_B+1","Defend_B+1","Defend_B","Defend_B","Zap+1","Dualcast","Double Energy","Compile Driver+1","Rip and Tear+1","Reinforced Body","BootSequence","Doom and Gloom+1","Stack","Redo","Multi-Cast","Streamline","Ball Lightning+1","BootSequence+1","Sweeping Beam","Redo","Melter","Redo","Rip and Tear+1","Auto Shields"],"relics":["Cracked Core","Ginger","Bronze Scales","Lantern","Nuclear Battery","Bottled Flame","Molten Egg 2","War Paint"],"potions_floor_usage":[29,33],"damage_taken":[{"damage":3,"enemies":"Jaw Worm","floor":1,"turns":4},{"damage":5,"enemies":"Small Slimes","floor":2,"turns":4},{"damage":5,"enemies":"2 Louse","floor":3,"turns":2},{"damage":2,"enemies":"Blue Slaver","floor":4,"turns":3},{"damage":10,"enemies":"Large Slime","floor":5,"turns":5},{"damage":33,"enemies":"Gremlin Nob","floor":6,"turns":4},{"damage":0,"enemies":"Exordium Wildlife","floor":14,"turns":3},{"damage":20,"enemies":"Slime Boss","floor":16,"turns":9},{"damage":7,"enemies":"Shell Parasite","floor":18,"turns":4},{"damage":11,"enemies":"2 Thieves","floor":19,"turns":3},{"damage":29,"enemies":"Snake Plant","floor":20,"turns":3},{"damage":0,"enemies":"Centurion and Healer","floor":21,"turns":6},{"damage":9,"enemies":"Chosen and Byrds","floor":22,"turns":5},{"damage":10,"enemies":"Snake Plant","floor":25,"turns":5},{"damage":28,"enemies":"Snecko","floor":28,"turns":6},{"damage":16,"enemies":"3 Cultists","floor":29,"turns":5},{"damage":68,"enemies":"Automaton","floor":33,"turns":6}],"seed_played":"2228912997388296730","potions_obtained":[{"floor":1,"key":"PowerPotion"},{"floor":2,"key":"Block Potion"},{"floor":6,"key":"EssenceOfSteel"},{"floor":21,"key":"FairyPotion"}],"is_trial":false,"path_per_floor":["M","M","M","M","M","E","?","R","T","R","?","$","R","M","R","B",null,"M","M","M","M","M","R","$","M","T","R","M","M","?","?","R"],"character_chosen":"DEFECT","items_purchased":["Stack","Bottled Flame","Melter"],"campfire_rested":3,"item_purchase_floors":[12,24,24],"current_hp_per_floor":[65,60,55,53,43,10,27,27,27,27,32,32,32,32,32,12,73,66,55,26,26,17,38,38,28,28,49,21,5,5,5,26,0],"gold":0,"neow_bonus":"ONE_RARE_RELIC","is_prod":false,"is_daily":false,"chose_seed":false,"campfire_upgraded":4,"win_rate":0.0,"timestamp":1529764252,"path_taken":["M","M","M","M","M","E","?","R","T","R","?","$","R","M","R","BOSS","M","M","M","M","M","R","$","M","T","R","M","M","?","?","R","BOSS"],"build_version":"2018-06-21v2","purchased_purges":0,"victory":false,"max_hp_per_floor":[68,68,68,68,68,68,68,68,68,68,73,73,73,73,73,73,73,73,73,73,73,73,73,73,73,73,73,73,73,73,73,73,73],"card_choices":[{"not_picked":["Darkness","Steam Power"],"picked":"Double Energy","floor":1},{"not_picked":["Coolheaded","Steam"],"picked":"Compile Driver","floor":2},{"not_picked":["Chaos","Leap"],"picked":"Rip and Tear","floor":3},{"not_picked":["Double Energy","Leap"],"picked":"Reinforced Body","floor":4},{"not_picked":["Capacitor","Coolheaded"],"picked":"BootSequence","floor":5},{"not_picked":["Leap","FTL"],"picked":"Doom and Gloom","floor":6},{"not_picked":["Defragment","Coolheaded"],"picked":"Redo","floor":14},{"not_picked":["Amplify","Thunder Strike"],"picked":"Multi-Cast","floor":16},{"not_picked":["Go for the Eyes+1","Compile Driver+1"],"picked":"Streamline","floor":18},{"not_picked":["Capacitor","Stack"],"picked":"Ball Lightning+1","floor":19},{"not_picked":["Chaos","Darkness"],"picked":"BootSequence+1","floor":20},{"not_picked":["Hologram+1","Beam Cell+1"],"picked":"Sweeping Beam","floor":21},{"not_picked":["Machine Learning","Doom and Gloom+1"],"picked":"Redo","floor":22},{"not_picked":["Compile Driver","Doom and Gloom"],"picked":"Redo","floor":25},{"not_picked":["Heatsinks","Aggregate"],"picked":"Rip and Tear+1","floor":28},{"not_picked":["Double Energy","Static Discharge+1"],"picked":"Auto Shields","floor":29}],"player_experience":6513,"relics_obtained":[{"floor":6,"key":"Bronze Scales"},{"floor":9,"key":"Lantern"},{"floor":26,"key":"Molten Egg 2"}],"event_choices":[{"event_name":"The Cleric","player_choice":"Healed","floor":7,"damage_taken":0},{"event_name":"Big Fish","player_choice":"Donut","floor":11,"damage_taken":0},{"event_name":"Masked Bandits","player_choice":"Paid Bandits 182 gold","floor":30,"damage_taken":0},{"event_name":"The Mausoleum","player_choice":"Yes","floor":31,"damage_taken":0}],"boss_relics":[{"not_picked":["Philosopher\u0027s Stone","Runic Pyramid"],"picked":"Nuclear Battery"}],"items_purged_floors":[],"is_endless":false,"potions_floor_spawned":[1,2,6,19,21,22,28],"killed_by":"Automaton","ascension_level":0}