{"gold_per_floor":[114,114,114,133,145,145,160,160,187,207,239,239,250,250,250,346,346,360,377,302,302],"floor_reached":21,"playtime":719,"items_purged":["Defend_B"],"score":208,"play_id":"3280cf87-2687-40ac-a3b5-cc4bddb01d48","local_time":"20181027012403","is_ascension_mode":true,"campfire_choices":[{"data":"Sunder","floor":6,"key":"SMITH"},{"data":"Recycle","floor":8,"key":"SMITH"},{"data":"Leap","floor":12,"key":"SMITH"},{"floor":15,"key":"REST"}],"neow_cost":"NONE","seed_source_timestamp":1825748764420801,"circlet_count":0,"master_deck":["Strike_B","Strike_B","Strike_B","Defend_B","Defend_B","Zap","Dualcast","Sunder+1","Leap","Recycle+1","Auto Shields","Auto Shields","Leap+1","Redo","Lockon","Amplify","Double Energy","Glacier+1"],"relics":["Cracked Core","GremlinMask","Bronze Scales","DataDisk","Inserter"],"potions_floor_usage":[18,21],"damage_taken":[{"damage":0,"enemies":"Cultist","floor":1,"turns":4},{"damage":2,"enemies":"2 Louse","floor":4,"turns":2},{"damage":0,"enemies":"Small Slimes","floor":5,"turns":2},{"damage":6,"enemies":"Looter","floor":7,"turns":2},{"damage":6,"enemies":"2 Fungi Beasts","floor":10,"turns":2},{"damage":14,"enemies":"3 Sentries","floor":11,"turns":5},{"damage":8,"enemies":"Blue Slaver","floor":13,"turns":4},{"damage":16,"enemies":"Slime Boss","floor":16,"turns":8},{"damage":17,"enemies":"2 Thieves","floor":18,"turns":2},{"damage":22,"enemies":"Spheric Guardian","floor":19,"turns":4},{"damage":43,"enemies":"Cultist and Chosen","floor":21,"turns":6}],"seed_played":"1410819954805499654","potions_obtained":[{"floor":1,"key":"LiquidBronze"},{"floor":5,"key":"Energy Potion"},{"floor":11,"key":"Ancient Potion"},{"floor":18,"key":"Block Potion"}],"is_trial":false,"path_per_floor":["M","?","?","M","M","R","M","R","T","M","E","R","M","?","R","B",null,"M","M","$"],"character_chosen":"DEFECT","items_purchased":[],"campfire_rested":1,"item_purchase_floors":[],"current_hp_per_floor":[82,82,82,80,80,80,74,74,74,68,54,54,46,46,70,54,82,65,43,43,0],"gold":302,"neow_bonus":"TEN_PERCENT_HP_BONUS","is_prod":false,"is_daily":false,"chose_seed":false,"campfire_upgraded":3,"win_rate":0,"timestamp":1540571043,"path_taken":["M","?","?","M","M","R","M","R","T","M","E","R","M","?","R","BOSS","M","M","$","M"],"build_version":"2018-10-25v2","purchased_purges":1,"victory":false,"max_hp_per_floor":[82,82,82,82,82,82,82,82,82,82,82,82,82,82,82,82,82,82,82,82,82],"card_choices":[{"not_picked":["Barrage","FTL"],"picked":"Sunder","floor":1},{"not_picked":["Redo","Scrape"],"picked":"Leap","floor":4},{"not_picked":["Ball Lightning","Barrage"],"picked":"Recycle","floor":5},{"not_picked":["Sweeping Beam","Melter"],"picked":"Auto Shields","floor":7},{"not_picked":["Turbo","Stack"],"picked":"Auto Shields","floor":10},{"not_picked":["Genetic Algorithm","Lockon"],"picked":"Leap","floor":11},{"not_picked":["Turbo","Barrage"],"picked":"Redo","floor":13},{"not_picked":["Meteor Strike","All For One"],"picked":"Amplify","floor":16},{"not_picked":["Reinforced Body","Stack"],"picked":"Double Energy","floor":18},{"not_picked":["Ball Lightning+1","Melter"],"picked":"Glacier+1","floor":19}],"player_experience":229200,"relics_obtained":[{"floor":9,"key":"Bronze Scales"},{"floor":11,"key":"DataDisk"}],"event_choices":[{"damage_healed":0,"gold_gain":0,"player_choice":"Trade","damage_taken":0,"relics_obtained":["GremlinMask"],"max_hp_gain":0,"max_hp_loss":0,"event_name":"FaceTrader","floor":2,"gold_loss":0},{"cards_removed":["Defend_B"],"damage_healed":0,"gold_gain":0,"player_choice":"Offered Basic","damage_taken":0,"max_hp_gain":0,"max_hp_loss":0,"event_name":"Bonfire Elementals","floor":3,"gold_loss":0},{"damage_healed":0,"gold_gain":0,"cards_transformed":["Strike_B"],"player_choice":"Change","damage_taken":0,"max_hp_gain":0,"max_hp_loss":0,"event_name":"Living Wall","floor":14,"gold_loss":0,"cards_obtained":["Lockon"]}],"is_beta":false,"boss_relics":[{"not_picked":["Sozu","Nuclear Battery"],"picked":"Inserter"}],"items_purged_floors":[20],"is_endless":false,"potions_floor_spawned":[1,5,11,13,18],"killed_by":"Cultist and Chosen","ascension_level":3}