{"gold_per_floor":[116,128,128,13,13,41,59,84,84,84,115,115,127,143,143,143],"floor_reached":16,"playtime":488,"items_purged":[],"score":290,"play_id":"7541cd68-e7fe-4dcd-8ebf-7d0c1b329fc7","local_time":"20190210191228","is_ascension_mode":true,"campfire_choices":[{"data":"Armaments","floor":10,"key":"SMITH"},{"floor":12,"key":"REST"},{"floor":15,"key":"REST"}],"neow_cost":"NONE","seed_source_timestamp":345738313515100,"circlet_count":0,"master_deck":["AscendersBane","Strike_R","Strike_R","Strike_R","Strike_R","Strike_R","Defend_R","Defend_R","Defend_R","Bash","Battle Trance","Barricade","Metallicize","Armaments+1","Headbutt","Whirlwind","Juggernaut","Dual Wield"],"relics":["Burning Blood","NeowsBlessing","Juzu Bracelet","Molten Egg 2","Lantern","Red Skull"],"potions_floor_usage":[11],"damage_taken":[{"damage":0,"enemies":"Cultist","floor":1,"turns":1},{"damage":0,"enemies":"2 Louse","floor":2,"turns":1},{"damage":0,"enemies":"Gremlin Nob","floor":6,"turns":1},{"damage":0,"enemies":"Small Slimes","floor":7,"turns":4},{"damage":43,"enemies":"3 Sentries","floor":8,"turns":11},{"damage":26,"enemies":"Gremlin Nob","floor":11,"turns":4},{"damage":9,"enemies":"Exordium Thugs","floor":13,"turns":4},{"damage":6,"enemies":"Looter","floor":14,"turns":3},{"damage":59,"enemies":"Hexaghost","floor":16,"turns":9}],"seed_played":"7999131289556399754","potions_obtained":[{"floor":8,"key":"FearPotion"},{"floor":11,"key":"SpeedPotion"}],"is_trial":false,"path_per_floor":["M","M","?","$","?","E","M","E","T","R","E","R","M","M","R","B"],"character_chosen":"IRONCLAD","items_purchased":["Metallicize","Armaments"],"campfire_rested":2,"item_purchase_floors":[4,4],"current_hp_per_floor":[74,75,75,75,75,75,75,38,38,38,18,40,37,37,59,0],"gold":143,"neow_bonus":"THREE_ENEMY_KILL","is_prod":false,"is_daily":false,"chose_seed":false,"campfire_upgraded":1,"win_rate":0,"timestamp":1549822348,"path_taken":["M","?","?","?","?","E","M","E","T","R","E","R","M","M","R","BOSS"],"build_version":"2019-01-23","purchased_purges":0,"victory":false,"max_hp_per_floor":[75,75,75,75,75,75,75,75,75,75,75,75,75,75,75,75],"card_choices":[{"not_picked":["Heavy Blade","Havoc","Thunderclap"],"picked":"SKIP","floor":1},{"not_picked":["Wild Strike","Intimidate"],"picked":"Battle Trance","floor":2},{"not_picked":["Exhume","Hemokinesis"],"picked":"Headbutt","floor":6},{"not_picked":["Thunderclap","Bloodletting"],"picked":"Whirlwind","floor":7},{"not_picked":["Armaments","Burning Pact","Flex"],"picked":"SKIP","floor":8},{"not_picked":["Hemokinesis+1","Combust","Spot Weakness"],"picked":"SKIP","floor":11},{"not_picked":["Thunderclap+1","Cleave+1"],"picked":"Juggernaut","floor":13},{"not_picked":["Heavy Blade+1","Power Through"],"picked":"Dual Wield","floor":14}],"player_experience":351794,"relics_obtained":[{"floor":6,"key":"Juzu Bracelet"},{"floor":8,"key":"Molten Egg 2"},{"floor":9,"key":"Lantern"},{"floor":11,"key":"Red Skull"}],"event_choices":[{"damage_healed":0,"gold_gain":0,"cards_transformed":["Defend_R"],"player_choice":"Transformed","damage_taken":0,"max_hp_gain":0,"max_hp_loss":0,"event_name":"Transmorgrifier","floor":3,"gold_loss":0,"cards_obtained":["Barricade"]},{"damage_healed":0,"gold_gain":0,"player_choice":"Leave","damage_taken":0,"max_hp_gain":0,"max_hp_loss":0,"event_name":"The Cleric","floor":5,"gold_loss":0}],"is_beta":false,"boss_relics":[],"items_purged_floors":[],"is_endless":false,"potions_floor_spawned":[8,11],"killed_by":"Hexaghost","ascension_level":20}