{"gold_per_floor":[119,69,69,79,79,113,113,131,178,203,216,229,244,282,282,406,406,420,440,453,59,79,115,115,64,91,129,129,143,159,177,177,177],"floor_reached":33,"playtime":1873,"items_purged":["Strike_R"],"score":449,"play_id":"de29a2eb-195c-4574-9c0e-c68223c22bad","local_time":"20190127001908","is_ascension_mode":true,"campfire_choices":[{"floor":7,"key":"REST"},{"data":"Spot Weakness","floor":15,"key":"SMITH"},{"data":"True Grit","floor":24,"key":"SMITH"},{"floor":28,"key":"REST"},{"data":"Armaments","floor":32,"key":"SMITH"}],"neow_cost":"NONE","seed_source_timestamp":157602775628472,"circlet_count":0,"master_deck":["Strike_R","Strike_R","Defend_R","Defend_R","Defend_R","Defend_R","Bash","Inflame","Clothesline","Reaper","Body Slam","Intimidate","Shrug It Off","Spot Weakness+1","Immolate","Seeing Red","True Grit+1","Warcry+1","Mayhem","Iron Wave+1","Battle Trance+1","Armaments","Feel No Pain","Headbutt+1","Warcry","Armaments+1"],"relics":["Burning Blood","Golden Idol","Bag of Marbles","Omamori","Strawberry","Philosopher\u0027s Stone","Regal Pillow","Art of War","Blood Vial","Molten Egg 2"],"potions_floor_usage":[6,16,16,19,23,23,33],"damage_taken":[{"damage":7,"enemies":"Small Slimes","floor":1,"turns":4},{"damage":13,"enemies":"Jaw Worm","floor":4,"turns":4},{"damage":34,"enemies":"3 Sentries","floor":6,"turns":11},{"damage":2,"enemies":"Cultist","floor":8,"turns":4},{"damage":8,"enemies":"Looter","floor":10,"turns":3},{"damage":11,"enemies":"Exordium Thugs","floor":11,"turns":5},{"damage":5,"enemies":"Red Slaver","floor":12,"turns":5},{"damage":15,"enemies":"Exordium Wildlife","floor":13,"turns":5},{"damage":32,"enemies":"Lagavulin","floor":14,"turns":6},{"damage":69,"enemies":"The Guardian","floor":16,"turns":16},{"damage":43,"enemies":"Chosen","floor":18,"turns":6},{"damage":0,"enemies":"3 Byrds","floor":19,"turns":2},{"damage":48,"enemies":"Shelled Parasite and Fungi","floor":20,"turns":7},{"damage":24,"enemies":"Cultist and Chosen","floor":22,"turns":7},{"damage":26,"enemies":"Slavers","floor":23,"turns":3},{"damage":28,"enemies":"Gremlin Leader","floor":27,"turns":7},{"damage":14,"enemies":"Snecko","floor":29,"turns":5},{"damage":8,"enemies":"3 Cultists","floor":30,"turns":4},{"damage":23,"enemies":"Shelled Parasite and Fungi","floor":31,"turns":5},{"damage":94,"enemies":"Champ","floor":33,"turns":11}],"seed_played":"1246739944194757810","potions_obtained":[{"floor":1,"key":"PowerPotion"},{"floor":6,"key":"FearPotion"},{"floor":13,"key":"SneckoOil"},{"floor":16,"key":"AttackPotion"},{"floor":19,"key":"EssenceOfSteel"},{"floor":22,"key":"Strength Potion"},{"floor":27,"key":"SmokeBomb"},{"floor":30,"key":"Swift Potion"}],"is_trial":false,"path_per_floor":["M","?","?","M","?","E","R","M","T","M","M","M","M","E","R","B",null,"M","M","M","$","M","E","R","$","T","E","R","M","M","M","R","B"],"character_chosen":"IRONCLAD","items_purchased":["Regal Pillow","Mayhem","Armaments"],"campfire_rested":2,"item_purchase_floors":[21,21,25],"current_hp_per_floor":[79,79,79,72,50,22,48,61,61,65,72,77,79,60,60,11,74,41,67,25,25,32,39,39,39,39,46,89,83,83,73,73,0],"gold":177,"neow_bonus":"TEN_PERCENT_HP_BONUS","is_prod":false,"is_daily":false,"chose_seed":false,"campfire_upgraded":3,"win_rate":0,"timestamp":1548541148,"path_taken":["M","?","?","M","?","E","R","M","T","M","?","M","M","E","R","BOSS","M","M","M","$","M","E","R","?","T","E","R","M","M","M","R","BOSS"],"build_version":"2019-01-23","purchased_purges":1,"victory":false,"max_hp_per_floor":[88,88,88,88,88,88,88,88,88,88,88,88,88,95,95,95,95,95,95,95,95,95,95,95,95,95,95,95,95,95,95,95,95],"card_choices":[{"not_picked":["Cleave","Iron Wave"],"picked":"Inflame","floor":1},{"not_picked":["Perfected Strike","Thunderclap"],"picked":"Clothesline","floor":4},{"not_picked":["Combust","Rupture"],"picked":"Reaper","floor":6},{"not_picked":["Shockwave","Havoc"],"picked":"Body Slam","floor":8},{"not_picked":["Headbutt","Cleave"],"picked":"Intimidate","floor":10},{"not_picked":["Clash","Heavy Blade"],"picked":"Shrug It Off","floor":11},{"not_picked":["Sword Boomerang","Warcry"],"picked":"Spot Weakness","floor":12},{"not_picked":["Heavy Blade","Sword Boomerang","Headbutt"],"picked":"SKIP","floor":13},{"not_picked":["Fiend Fire","Feel No Pain","Sword Boomerang"],"picked":"SKIP","floor":14},{"not_picked":["Brutality","Reaper"],"picked":"Immolate","floor":16},{"not_picked":["Rupture","Rage"],"picked":"Seeing Red","floor":18},{"not_picked":["Warcry+1","Perfected Strike"],"picked":"True Grit","floor":19},{"not_picked":["Hemokinesis","Havoc"],"picked":"Warcry+1","floor":20},{"not_picked":["Shrug It Off","Searing Blow"],"picked":"Iron Wave+1","floor":22},{"not_picked":["Rage","Searing Blow"],"picked":"Battle Trance+1","floor":23},{"not_picked":["Second Wind+1","Thunderclap"],"picked":"Feel No Pain","floor":27},{"not_picked":["Fire Breathing","Shockwave"],"picked":"Headbutt+1","floor":29},{"not_picked":["Rage+1","Dark Embrace"],"picked":"Warcry","floor":30},{"not_picked":["Sever Soul+1","Headbutt+1"],"picked":"Armaments","floor":31}],"player_experience":149861,"relics_obtained":[{"floor":6,"key":"Bag of Marbles"},{"floor":9,"key":"Omamori"},{"floor":14,"key":"Strawberry"},{"floor":23,"key":"Art of War"},{"floor":26,"key":"Blood Vial"},{"floor":27,"key":"Molten Egg 2"}],"event_choices":[{"cards_removed":["Strike_R"],"damage_healed":0,"gold_gain":0,"player_choice":"Card Removal","damage_taken":0,"max_hp_gain":0,"max_hp_loss":0,"event_name":"The Cleric","floor":2,"gold_loss":50},{"cards_removed":["Strike_R"],"damage_healed":0,"gold_gain":0,"player_choice":"Forget","damage_taken":0,"max_hp_gain":0,"max_hp_loss":0,"event_name":"Living Wall","floor":3,"gold_loss":0},{"damage_healed":0,"gold_gain":0,"player_choice":"Take Damage","damage_taken":22,"relics_obtained":["Golden Idol"],"max_hp_gain":0,"max_hp_loss":0,"event_name":"Golden Idol","floor":5,"gold_loss":0}],"is_beta":false,"boss_relics":[{"not_picked":["Cursed Key","Snecko Eye"],"picked":"Philosopher\u0027s Stone"}],"items_purged_floors":[21],"is_endless":false,"potions_floor_spawned":[1,6,13,16,19,22,27,30],"killed_by":"Champ","ascension_level":8}