{"gold_per_floor":[216,232,131,131,131,160,60,60,105,105,105,105,123,123,123,244,244,257,257,278,153,78,78,122,122,122,122,142,91,91,216,216,216],"floor_reached":33,"playtime":1954,"items_purged":["Defend_R","Defend_R","Defend_R"],"score":282,"play_id":"37a527b6-cbf2-4980-9926-f135f5b0a6dd","local_time":"20190215002123","is_ascension_mode":false,"campfire_choices":[{"floor":8,"key":"REST"},{"data":"Headbutt","floor":10,"key":"SMITH"},{"floor":12,"key":"REST"},{"data":"Warcry","floor":15,"key":"SMITH"},{"data":"Twin Strike","floor":23,"key":"SMITH"},{"floor":25,"key":"REST"},{"floor":32,"key":"REST"}],"neow_cost":"NONE","seed_source_timestamp":52942604422812,"circlet_count":0,"master_deck":["Strike_R","Strike_R","Strike_R","Strike_R","Strike_R","Headbutt+1","Twin Strike+1","Shrug It Off","Warcry+1","Shrug It Off","Twin Strike","Perfected Strike+1","Battle Trance+1","Warcry","Whirlwind"],"relics":["Burning Blood","Self Forming Clay","Orichalcum","Golden Idol","Velvet Choker","Ornamental Fan","Bottled Flame","Question Card","Bird Faced Urn","Mercury Hourglass"],"potions_floor_usage":[16,22],"damage_taken":[{"damage":3,"enemies":"2 Louse","floor":1,"turns":3},{"damage":8,"enemies":"Jaw Worm","floor":2,"turns":4},{"damage":34,"enemies":"Gremlin Nob","floor":6,"turns":6},{"damage":0,"enemies":"Cultist","floor":13,"turns":3},{"damage":54,"enemies":"Slime Boss","floor":16,"turns":17},{"damage":21,"enemies":"2 Thieves","floor":18,"turns":5},{"damage":2,"enemies":"Spheric Guardian","floor":20,"turns":3},{"damage":28,"enemies":"Book of Stabbing","floor":24,"turns":5},{"damage":12,"enemies":"Centurion and Healer","floor":28,"turns":4},{"damage":12,"enemies":"Colosseum Slavers","floor":31,"turns":3},{"damage":28,"enemies":"Colosseum Nobs","floor":31,"turns":5},{"damage":73,"enemies":"Automaton","floor":33,"turns":6}],"seed_played":"4518504602100567872","potions_obtained":[{"floor":6,"key":"BloodPotion"},{"floor":16,"key":"Fruit Juice"},{"floor":24,"key":"BloodPotion"}],"is_trial":false,"path_per_floor":["M","M","$","?","?","E","$","R","T","R","?","R","M","$","R","B",null,"M","?","M","$","?","R","E","R","T","?","M","$","?","?","R","B"],"character_chosen":"IRONCLAD","items_purchased":["Shrug It Off","Warcry"],"campfire_rested":4,"item_purchase_floors":[3,29],"current_hp_per_floor":[80,78,78,83,76,48,48,73,73,73,52,77,83,83,83,43,85,70,70,74,74,79,79,57,84,84,84,78,78,60,32,60,0],"gold":216,"neow_bonus":"HUNDRED_GOLD","is_prod":false,"is_daily":false,"chose_seed":false,"campfire_upgraded":3,"win_rate":0.0,"timestamp":1550157683,"path_taken":["M","M","$","?","?","E","$","R","T","R","?","R","M","?","R","BOSS","M","?","?","$","?","R","E","R","T","?","?","?","?","?","R","BOSS"],"build_version":"2019-01-23","purchased_purges":3,"victory":false,"max_hp_per_floor":[80,80,80,85,85,85,85,85,85,85,85,85,85,85,85,85,85,85,85,85,85,90,90,90,90,90,90,90,90,95,95,95,95],"card_choices":[{"not_picked":["Feel No Pain","Bloodletting"],"picked":"Headbutt","floor":1},{"not_picked":["Rampage","Body Slam"],"picked":"Twin Strike","floor":2},{"not_picked":["Reaper","Offering","Feed"],"picked":"SKIP","floor":6},{"not_picked":["Headbutt","Clash"],"picked":"Warcry","floor":13},{"not_picked":["Clothesline","Flame Barrier"],"picked":"Shrug It Off","floor":18},{"not_picked":["True Grit","Blood for Blood+1"],"picked":"Perfected Strike+1","floor":20},{"not_picked":["Anger","Uppercut","Feed"],"picked":"SKIP","floor":24},{"not_picked":["Blood for Blood+1","Cleave","Flex"],"picked":"Battle Trance+1","floor":28},{"not_picked":["Inflame","Uppercut+1","Dropkick"],"picked":"Whirlwind","floor":31}],"player_experience":8577,"relics_obtained":[{"floor":6,"key":"Self Forming Clay"},{"floor":9,"key":"Orichalcum"},{"floor":24,"key":"Ornamental Fan"},{"floor":26,"key":"Bottled Flame"},{"floor":31,"key":"Bird Faced Urn"},{"floor":31,"key":"Mercury Hourglass"}],"event_choices":[{"damage_healed":0,"gold_gain":0,"player_choice":"Donut","damage_taken":0,"max_hp_gain":5,"max_hp_loss":0,"event_name":"Big Fish","floor":4,"gold_loss":0},{"cards_removed":["Defend_R"],"damage_healed":0,"gold_gain":0,"player_choice":"Card Removal","damage_taken":7,"max_hp_gain":0,"max_hp_loss":0,"event_name":"Golden Wing","floor":5,"gold_loss":0},{"damage_healed":0,"gold_gain":0,"player_choice":"Take Damage","damage_taken":21,"relics_obtained":["Golden Idol"],"max_hp_gain":0,"max_hp_loss":0,"event_name":"Golden Idol","floor":11,"gold_loss":0},{"damage_healed":0,"gold_gain":0,"player_choice":"Copied","damage_taken":0,"max_hp_gain":0,"max_hp_loss":0,"event_name":"Duplicator","floor":19,"gold_loss":0,"cards_obtained":["Twin Strike"]},{"cards_removed":["Bash"],"damage_healed":0,"gold_gain":0,"player_choice":"Gave Gold","damage_taken":0,"max_hp_gain":0,"max_hp_loss":0,"event_name":"Beggar","floor":22,"gold_loss":75},{"damage_healed":0,"gold_gain":0,"player_choice":"Gave Potion","damage_taken":0,"relics_obtained":["Question Card"],"max_hp_gain":0,"max_hp_loss":0,"event_name":"WeMeetAgain","floor":27,"gold_loss":0},{"damage_healed":0,"gold_gain":0,"player_choice":"Shed Blood","damage_taken":23,"max_hp_gain":5,"max_hp_loss":0,"event_name":"Forgotten Altar","floor":30,"gold_loss":0},{"damage_healed":0,"gold_gain":0,"player_choice":"Fight","damage_taken":0,"max_hp_gain":0,"max_hp_loss":0,"event_name":"Colosseum","floor":31,"gold_loss":0},{"damage_healed":0,"gold_gain":0,"player_choice":"Fought Nobs","damage_taken":0,"max_hp_gain":0,"max_hp_loss":0,"event_name":"Colosseum","floor":31,"gold_loss":0}],"is_beta":false,"boss_relics":[{"not_picked":["Runic Dome","Calling Bell"],"picked":"Velvet Choker"}],"items_purged_floors":[3,7,21],"is_endless":false,"potions_floor_spawned":[6,16,24,31],"killed_by":"Automaton","ascension_level":0}