{"gold_per_floor":[118,41,58,71,88,119,119,16,16,35,35,35,51,51],"floor_reached":14,"playtime":764,"items_purged":[],"score":97,"play_id":"400467aa-1765-428c-8fba-cee3f4a098b3","local_time":"20190128214042","is_ascension_mode":true,"campfire_choices":[{"data":"Entrench","floor":12,"key":"SMITH"}],"neow_cost":"PERCENT_DAMAGE","seed_source_timestamp":199137021838294,"circlet_count":0,"master_deck":["Strike_R","Strike_R","Strike_R","Defend_R","Defend_R","Defend_R","Bash","Pummel","Entrench+1","Armaments","Metallicize","True Grit","Whirlwind","Seeing Red","Double Tap","Shrug It Off","Flex","Armaments","Body Slam"],"relics":["Burning Blood","Thread and Needle","Dead Branch"],"potions_floor_usage":[10],"damage_taken":[{"damage":10,"enemies":"Cultist","floor":1,"turns":4},{"damage":5,"enemies":"Small Slimes","floor":3,"turns":3},{"damage":11,"enemies":"Jaw Worm","floor":4,"turns":6},{"damage":11,"enemies":"Large Slime","floor":5,"turns":8},{"damage":20,"enemies":"3 Sentries","floor":6,"turns":7},{"damage":10,"enemies":"Red Slaver","floor":10,"turns":4},{"damage":4,"enemies":"Gremlin Gang","floor":13,"turns":7},{"damage":46,"enemies":"Gremlin Nob","floor":14,"turns":5}],"seed_played":"-5180594147596102424","potions_obtained":[{"floor":1,"key":"FairyPotion"},{"floor":5,"key":"PowerPotion"},{"floor":10,"key":"Energy Potion"},{"floor":13,"key":"SpeedPotion"}],"is_trial":false,"path_per_floor":["M","$","M","M","M","E","?","$","T","M","?","R","M","E"],"character_chosen":"IRONCLAD","items_purchased":["Metallicize","Shrug It Off","Flex"],"campfire_rested":0,"item_purchase_floors":[2,8,8],"current_hp_per_floor":[52,52,53,48,43,29,29,29,29,25,25,25,27,0],"gold":51,"neow_bonus":"TRANSFORM_TWO_CARDS","is_prod":false,"is_daily":false,"chose_seed":false,"campfire_upgraded":1,"win_rate":0,"timestamp":1548708042,"path_taken":["M","$","M","M","?","E","?","$","T","M","?","R","M","E"],"build_version":"2019-01-23","purchased_purges":0,"victory":false,"max_hp_per_floor":[80,80,80,80,80,80,80,80,80,80,80,80,80,80],"card_choices":[{"not_picked":["Carnage","True Grit"],"picked":"Armaments","floor":1},{"not_picked":["Perfected Strike","Sword Boomerang"],"picked":"True Grit","floor":3},{"not_picked":["Sword Boomerang","Reckless Charge"],"picked":"Whirlwind","floor":4},{"not_picked":["Fire Breathing","Body Slam"],"picked":"Seeing Red","floor":5},{"not_picked":["Cleave","Reckless Charge"],"picked":"Double Tap","floor":6},{"not_picked":["Rage","Headbutt"],"picked":"Armaments","floor":10},{"not_picked":["Cleave","Flex"],"picked":"Body Slam","floor":13}],"player_experience":84532,"relics_obtained":[{"floor":6,"key":"Thread and Needle"},{"floor":9,"key":"Dead Branch"}],"event_choices":[{"cards_removed":["Strike_R"],"damage_healed":0,"gold_gain":0,"player_choice":"Forget","damage_taken":0,"max_hp_gain":0,"max_hp_loss":0,"event_name":"Living Wall","floor":7,"gold_loss":0},{"damage_healed":0,"gold_gain":0,"player_choice":"Ignored","damage_taken":0,"max_hp_gain":0,"max_hp_loss":0,"event_name":"Shining Light","floor":11,"gold_loss":0}],"is_beta":false,"boss_relics":[],"items_purged_floors":[],"is_endless":false,"potions_floor_spawned":[1,5,10,13],"killed_by":"Gremlin Nob","ascension_level":1}