{"gold_per_floor":[109,126,138,63,63,95,95,123,123,123,149,49,67,67],"floor_reached":14,"playtime":544,"items_purged":["Strike_R","Strike_R"],"score":192,"play_id":"85c0a53b-765e-48b6-82f2-18cc22d3b43f","local_time":"20190206005357","is_ascension_mode":true,"campfire_choices":[{"floor":7,"key":"REST"},{"data":"Uppercut","floor":10,"key":"SMITH"}],"neow_cost":"NONE","seed_source_timestamp":331510708563828,"circlet_count":0,"master_deck":["AscendersBane","Strike_R","Strike_R","Strike_R","Defend_R","Defend_R","Defend_R","Defend_R","Bash","Warcry","Warcry","Double Tap","Uppercut+1","Battle Trance","Dropkick"],"relics":["Burning Blood","Pear","Ancient Tea Set","Matryoshka","Juzu Bracelet"],"potions_floor_usage":[11,14,14],"damage_taken":[{"damage":1,"enemies":"Cultist","floor":1,"turns":4},{"damage":4,"enemies":"Small Slimes","floor":2,"turns":4},{"damage":13,"enemies":"Jaw Worm","floor":3,"turns":7},{"damage":56,"enemies":"Gremlin Nob","floor":6,"turns":5},{"damage":25,"enemies":"Lagavulin","floor":8,"turns":5},{"damage":30,"enemies":"3 Sentries","floor":11,"turns":11},{"damage":10,"enemies":"Red Slaver","floor":13,"turns":3},{"damage":15,"enemies":"Gremlin Gang","floor":14,"turns":1}],"seed_played":"7524501508079385911","potions_obtained":[{"floor":6,"key":"SpeedPotion"},{"floor":8,"key":"SneckoOil"},{"floor":11,"key":"Poison Potion"}],"is_trial":false,"path_per_floor":["M","M","M","$","?","E","R","E","T","R","E","$","M","M"],"character_chosen":"IRONCLAD","items_purchased":[],"campfire_rested":1,"item_purchase_floors":[],"current_hp_per_floor":[85,87,80,80,78,28,57,38,38,38,14,14,10,0],"gold":67,"neow_bonus":"TEN_PERCENT_HP_BONUS","is_prod":false,"is_daily":false,"chose_seed":false,"campfire_upgraded":1,"win_rate":0,"timestamp":1549407237,"path_taken":["M","M","M","$","?","E","R","E","T","R","E","$","M","M"],"build_version":"2019-01-23","purchased_purges":2,"victory":false,"max_hp_per_floor":[88,88,88,88,98,98,98,98,98,98,98,98,98,98],"card_choices":[{"not_picked":["Heavy Blade","Rage"],"picked":"Warcry","floor":1},{"not_picked":["Cleave","Fire Breathing"],"picked":"Warcry","floor":2},{"not_picked":["Second Wind","Headbutt"],"picked":"Double Tap","floor":3},{"not_picked":["Evolve","Warcry"],"picked":"Uppercut","floor":6},{"not_picked":["Infernal Blade","Blood for Blood"],"picked":"Battle Trance","floor":8},{"not_picked":["Shockwave","Heavy Blade"],"picked":"Dropkick","floor":11},{"not_picked":["Clash","Heavy Blade","Perfected Strike"],"picked":"SKIP","floor":13}],"player_experience":171181,"relics_obtained":[{"floor":8,"key":"Ancient Tea Set"},{"floor":9,"key":"Matryoshka"},{"floor":11,"key":"Juzu Bracelet"}],"event_choices":[{"damage_healed":0,"gold_gain":0,"player_choice":"Success","damage_taken":12,"relics_obtained":["Pear"],"max_hp_gain":0,"max_hp_loss":0,"event_name":"Scrap Ooze","floor":5,"gold_loss":0}],"is_beta":false,"boss_relics":[],"items_purged_floors":[4,12],"is_endless":false,"potions_floor_spawned":[6,8,11],"killed_by":"Gremlin Gang","ascension_level":11}