{"gold_per_floor":[119,419,569,569,6,39,71,83,140,152,181,226,288,315,327,414,426,420,452,365,378,391,416,416,416],"floor_reached":25,"playtime":1228,"items_purged":["Doubt","Blind"],"score":517,"play_id":"c318a29b-5322-453d-bf74-0af333cb9b33","local_time":"20190130181409","is_ascension_mode":true,"campfire_choices":[{"floor":8,"key":"DIG"},{"floor":10,"key":"DIG"},{"floor":15,"key":"DIG"},{"data":"1","floor":24,"key":"LIFT"}],"neow_cost":"TEN_PERCENT_HP_LOSS","seed_source_timestamp":174085324133500,"circlet_count":0,"master_deck":["AscendersBane","Strike_R","Strike_R","Strike_R","Strike_R","Strike_R","Defend_R","Defend_R","Defend_R+1","Defend_R+1","Bash","Flash of Steel","Inflame","Demon Form","Heavy Blade","Sword Boomerang","Shrug It Off","Ghostly Armor","Shrug It Off","Offering","Shrug It Off","Impatience","Anger","Clash"],"relics":["Burning Blood","Old Coin","Membership Card","Shovel","Gambling Chip","MawBank","Red Skull","War Paint","Meat on the Bone","Girya","Dead Branch","Busted Crown","Du-Vu Doll"],"potions_floor_usage":[6,21],"damage_taken":[{"damage":2,"enemies":"Jaw Worm","floor":1,"turns":3},{"damage":20,"enemies":"3 Sentries","floor":6,"turns":7},{"damage":0,"enemies":"2 Louse","floor":7,"turns":3},{"damage":0,"enemies":"Cultist","floor":11,"turns":2},{"damage":11,"enemies":"Lagavulin","floor":12,"turns":6},{"damage":3,"enemies":"3 Louse","floor":14,"turns":4},{"damage":41,"enemies":"The Guardian","floor":16,"turns":9},{"damage":13,"enemies":"2 Thieves","floor":18,"turns":4},{"damage":6,"enemies":"Spheric Guardian","floor":19,"turns":3},{"damage":25,"enemies":"Centurion and Healer","floor":21,"turns":9},{"damage":29,"enemies":"Shelled Parasite and Fungi","floor":22,"turns":5},{"damage":15,"enemies":"Book of Stabbing","floor":23,"turns":2},{"damage":43,"enemies":"Slavers","floor":25,"turns":3}],"seed_played":"7945116389077634906","potions_obtained":[{"floor":16,"key":"GamblersBrew"},{"floor":22,"key":"SmokeBomb"}],"is_trial":false,"path_per_floor":["M","?","?","?","$","E","M","R","T","R","M","E","?","M","R","B",null,"M","M","$","M","M","E","R","E"],"character_chosen":"IRONCLAD","items_purchased":["Membership Card","Shovel","Gambling Chip","SkillPotion","Impatience"],"campfire_rested":0,"item_purchase_floors":[5,5,5,5,20],"current_hp_per_floor":[68,63,63,63,63,49,55,55,55,55,61,56,50,53,53,30,59,52,52,52,45,34,37,37,0],"gold":416,"neow_bonus":"RANDOM_COLORLESS_2","is_prod":false,"is_daily":false,"chose_seed":false,"campfire_upgraded":0,"win_rate":0,"timestamp":1548868449,"path_taken":["M","?","?","?","$","E","M","R","T","R","?","E","?","M","R","BOSS","M","M","$","M","?","E","R","E"],"build_version":"2019-01-23","purchased_purges":2,"victory":false,"max_hp_per_floor":[68,68,68,68,68,68,68,68,68,68,68,68,68,68,68,68,68,68,68,68,68,68,68,68,68],"card_choices":[{"not_picked":["Pummel","Sword Boomerang"],"picked":"Inflame","floor":1},{"not_picked":["Pommel Strike","Iron Wave"],"picked":"Heavy Blade","floor":6},{"not_picked":["Twin Strike","Body Slam"],"picked":"Sword Boomerang","floor":7},{"not_picked":["Warcry","Body Slam"],"picked":"Shrug It Off","floor":11},{"not_picked":["Entrench","Warcry"],"picked":"Ghostly Armor","floor":12},{"not_picked":["Corruption","Headbutt"],"picked":"Shrug It Off","floor":14},{"not_picked":["Juggernaut","Brutality"],"picked":"Offering","floor":16},{"not_picked":[],"picked":"Shrug It Off","floor":18},{"not_picked":["Perfected Strike"],"picked":"SKIP","floor":19},{"not_picked":[],"picked":"Anger","floor":21},{"not_picked":[],"picked":"Clash","floor":22},{"not_picked":["Uppercut"],"picked":"SKIP","floor":23}],"player_experience":279039,"relics_obtained":[{"floor":6,"key":"MawBank"},{"floor":8,"key":"Red Skull"},{"floor":9,"key":"War Paint"},{"floor":10,"key":"Meat on the Bone"},{"floor":12,"key":"Girya"},{"floor":15,"key":"Dead Branch"},{"floor":23,"key":"Du-Vu Doll"}],"event_choices":[{"damage_healed":0,"gold_gain":0,"player_choice":"Success","damage_taken":5,"relics_obtained":["Old Coin"],"max_hp_gain":0,"max_hp_loss":0,"event_name":"Scrap Ooze","floor":2,"gold_loss":0},{"damage_healed":0,"gold_gain":150,"player_choice":"AGREE","damage_taken":0,"max_hp_gain":0,"max_hp_loss":0,"event_name":"Liars Game","floor":3,"gold_loss":0,"cards_obtained":["Doubt"]},{"damage_healed":0,"gold_gain":0,"player_choice":"1 cards matched","damage_taken":0,"max_hp_gain":0,"max_hp_loss":0,"event_name":"Match and Keep!","floor":4,"gold_loss":0,"cards_obtained":["Demon Form"]},{"damage_healed":0,"gold_gain":50,"player_choice":"Touch","damage_taken":6,"max_hp_gain":0,"max_hp_loss":0,"event_name":"FaceTrader","floor":13,"gold_loss":0}],"is_beta":false,"boss_relics":[{"not_picked":["Black Star","Black Blood"],"picked":"Busted Crown"}],"items_purged_floors":[5,20],"is_endless":false,"potions_floor_spawned":[16,22],"killed_by":"Slavers","ascension_level":15}