{"gold_per_floor":[109,124,136,101,116,145,145,160,160,160,186,216,216,66,66,166,216,228,40,60,60,72,72,107,125,125,125,144,144,155,155,155,155],"floor_reached":33,"playtime":2149,"items_purged":[],"score":301,"play_id":"23a5d1e7-5577-4605-9a3c-f565157e3757","local_time":"20181024230224","is_ascension_mode":true,"campfire_choices":[{"floor":7,"key":"REST"},{"data":"A Thousand Cuts","floor":10,"key":"SMITH"},{"floor":13,"key":"REST"},{"floor":15,"key":"REST"},{"floor":23,"key":"REST"},{"floor":27,"key":"REST"},{"floor":32,"key":"REST"}],"neow_cost":"NONE","seed_source_timestamp":175369464275808,"circlet_count":0,"master_deck":["Defend_G","Defend_G","Defend_G","Defend_G","Defend_G+1","Strike_G","Strike_G","Strike_G","Strike_G","Strike_G","Survivor","Neutralize","A Thousand Cuts+1","Blade Dance","Slice","Cloak And Dagger","Slice","Backstab","Backflip+1","Deadly Poison+1","Backflip+1","Phantasmal Killer+1","All Out Attack","Quick Slash+1","Metamorphosis+1","Blade Dance+1","Choke","Distraction+1","Well Laid Plans","Dagger Throw+1","Dodge and Roll+1"],"relics":["Ring of the Snake","Toxic Egg 2","WingedGreaves","Peace Pipe","Question Card","Orichalcum","Tiny House","Smiling Mask","Paper Crane"],"potions_floor_usage":[11,16,18,25,25,30,33],"damage_taken":[{"damage":5,"enemies":"Jaw Worm","floor":1,"turns":5},{"damage":5,"enemies":"2 Louse","floor":2,"turns":2},{"damage":7,"enemies":"Cultist","floor":3,"turns":4},{"damage":6,"enemies":"Exordium Wildlife","floor":5,"turns":5},{"damage":32,"enemies":"Gremlin Nob","floor":6,"turns":5},{"damage":1,"enemies":"Gremlin Gang","floor":8,"turns":4},{"damage":5,"enemies":"3 Sentries","floor":11,"turns":6},{"damage":24,"enemies":"Gremlin Nob","floor":12,"turns":4},{"damage":3,"enemies":"Slime Boss","floor":16,"turns":8},{"damage":18,"enemies":"2 Thieves","floor":18,"turns":5},{"damage":12,"enemies":"Shell Parasite","floor":20,"turns":4},{"damage":16,"enemies":"Snecko","floor":22,"turns":4},{"damage":43,"enemies":"Slavers","floor":24,"turns":7},{"damage":9,"enemies":"Shelled Parasite and Fungi","floor":25,"turns":4},{"damage":15,"enemies":"Snake Plant","floor":28,"turns":4},{"damage":2,"enemies":"Snecko","floor":30,"turns":5},{"damage":37,"enemies":"Collector","floor":33,"turns":6}],"seed_played":"-4293349823571421676","potions_obtained":[{"floor":2,"key":"Strength Potion"},{"floor":11,"key":"AttackPotion"},{"floor":12,"key":"Swift Potion"},{"floor":17,"key":"Fruit Juice"},{"floor":24,"key":"Energy Potion"},{"floor":28,"key":"Block Potion"},{"floor":30,"key":"SpeedPotion"}],"is_trial":false,"path_per_floor":["M","M","M","?","M","E","R","M","T","R","E","E","R","$","R","B",null,"M","$","M","?","M","R","E","M","T","R","M","?","M","?","R"],"character_chosen":"THE_SILENT","items_purchased":["Orichalcum","Metamorphosis+1"],"campfire_rested":6,"item_purchase_floors":[14,19],"current_hp_per_floor":[65,60,53,70,64,32,53,52,52,52,47,23,44,44,65,62,75,62,62,50,50,34,58,15,6,6,30,15,15,13,13,37,0],"gold":155,"neow_bonus":"ONE_RANDOM_RARE_CARD","is_prod":false,"is_daily":false,"chose_seed":false,"campfire_upgraded":1,"win_rate":0,"timestamp":1540447344,"path_taken":["M","M","M","?","M","E","R","M","T","R","E","E","R","$","R","BOSS","M","$","M","?","M","R","E","M","T","R","?","?","M","?","R","BOSS"],"build_version":"2018-10-18","purchased_purges":0,"victory":false,"max_hp_per_floor":[70,70,70,70,70,70,70,70,70,70,70,70,70,70,70,70,75,80,80,80,80,80,80,80,80,80,80,80,80,80,80,80,80],"card_choices":[{"not_picked":["Quick Slash","Underhanded Strike"],"picked":"Blade Dance","floor":1},{"not_picked":["Bouncing Flask","Distraction"],"picked":"Slice","floor":2},{"not_picked":["Slice","Bouncing Flask"],"picked":"Cloak And Dagger","floor":3},{"not_picked":["Flechettes","Endless Agony"],"picked":"Slice","floor":5},{"not_picked":["Glass Knife","Prepared"],"picked":"Backstab","floor":6},{"not_picked":["Calculated Gamble+1","Underhanded Strike"],"picked":"Backflip+1","floor":8},{"not_picked":["Prepared+1","Acrobatics+1"],"picked":"Deadly Poison+1","floor":11},{"not_picked":["Acrobatics+1","Tactician+1"],"picked":"Backflip+1","floor":12},{"not_picked":["Doppelganger+1","Die Die Die","Night Terror+1"],"picked":"Phantasmal Killer+1","floor":16},{"not_picked":["Backflip+1","Slice","Dodge and Roll+1"],"picked":"All Out Attack","floor":17},{"not_picked":["Masterful Stab+1","All Out Attack","Dodge and Roll+1"],"picked":"Quick Slash+1","floor":18},{"not_picked":["Slice","Dagger Spray","Poisoned Stab"],"picked":"Blade Dance+1","floor":20},{"not_picked":["Acrobatics+1","Dagger Throw","Masterful Stab"],"picked":"Choke","floor":22},{"not_picked":["Underhanded Strike+1","Acrobatics+1","Outmaneuver+1"],"picked":"Distraction+1","floor":24},{"not_picked":["Eviscerate","Prepared+1","Dagger Throw"],"picked":"Well Laid Plans","floor":25},{"not_picked":["Caltrops","Underhanded Strike","Expertise+1"],"picked":"Dagger Throw+1","floor":28},{"not_picked":["Masterful Stab","Wraith Form v2","Poisoned Stab"],"picked":"Dodge and Roll+1","floor":30}],"player_experience":353541,"relics_obtained":[{"floor":6,"key":"Toxic Egg 2"},{"floor":9,"key":"WingedGreaves"},{"floor":11,"key":"Peace Pipe"},{"floor":12,"key":"Question Card"},{"floor":24,"key":"Smiling Mask"},{"floor":26,"key":"Paper Crane"}],"event_choices":[{"damage_healed":17,"gold_gain":0,"player_choice":"Healed","damage_taken":0,"max_hp_gain":0,"max_hp_loss":0,"event_name":"The Cleric","floor":4,"gold_loss":35},{"damage_healed":0,"gold_gain":0,"player_choice":"Ignored","damage_taken":0,"max_hp_gain":0,"max_hp_loss":0,"event_name":"Vampires","floor":21,"gold_loss":0},{"damage_healed":0,"gold_gain":0,"player_choice":"Ignored","damage_taken":0,"max_hp_gain":0,"max_hp_loss":0,"event_name":"Ghosts","floor":29,"gold_loss":0},{"damage_healed":0,"gold_gain":0,"player_choice":"Ignored","damage_taken":0,"max_hp_gain":0,"max_hp_loss":0,"event_name":"Beggar","floor":31,"gold_loss":0}],"is_beta":false,"boss_relics":[{"not_picked":["Philosopher\u0027s Stone","Empty Cage"],"picked":"Tiny House"}],"items_purged_floors":[],"is_endless":false,"potions_floor_spawned":[2,11,12,24,28,30],"killed_by":"Collector","ascension_level":1}