{"gold_per_floor":[144,14,14,59,59,149,149,149,149,149,3,3,48,93,93,393,393,438,388,19,64,64],"floor_reached":22,"playtime":1655,"items_purged":["Decay","Regret"],"score":207,"play_id":"774b1ec9-fba3-4c17-8dc8-e20b4ed9ef68","local_time":"20190119230635","daily_mods":["Specialized","Time Dilation","Midas"],"is_ascension_mode":false,"campfire_choices":[{"floor":8,"key":"REST"},{"floor":10,"key":"REST"},{"floor":15,"key":"REST"}],"neow_cost":"","seed_source_timestamp":0,"circlet_count":0,"master_deck":["Defend_G","Defend_G","Defend_G","Defend_G","Defend_G","Strike_G+1","Strike_G","Strike_G+1","Strike_G","Strike_G","Survivor","Neutralize","Reflex","Reflex","Reflex","Reflex","Reflex","Noxious Fumes","Bandage Up","Flechettes","Terror","Well Laid Plans","Storm of Steel","Endless Agony","Dodge and Roll","Corpse Explosion","Bane","Die Die Die","Poisoned Stab"],"special_seed":17915,"relics":["Ring of the Serpent","Bag of Marbles","Happy Flower","Blue Candle","PrismaticShard"],"potions_floor_usage":[6,16,16],"damage_taken":[{"damage":0,"enemies":"Cultist","floor":1,"turns":5},{"damage":14,"enemies":"Jaw Worm","floor":4,"turns":4},{"damage":38,"enemies":"Gremlin Nob","floor":6,"turns":5},{"damage":0,"enemies":"2 Louse","floor":13,"turns":1},{"damage":4,"enemies":"Blue Slaver","floor":14,"turns":3},{"damage":64,"enemies":"Hexaghost","floor":16,"turns":11},{"damage":15,"enemies":"3 Byrds","floor":18,"turns":3},{"damage":17,"enemies":"Spheric Guardian","floor":21,"turns":5},{"damage":46,"enemies":"Snecko","floor":22,"turns":5}],"seed_played":"-5772269408916860050","potions_obtained":[{"floor":1,"key":"SneckoOil"},{"floor":6,"key":"LiquidBronze"},{"floor":13,"key":"EssenceOfSteel"},{"floor":14,"key":"Regen Potion"},{"floor":21,"key":"Block Potion"}],"is_trial":false,"path_per_floor":["M","$","?","M","?","E","?","R","T","R","$","?","M","M","R","B",null,"M","?","$","M","M"],"character_chosen":"THE_SILENT","items_purchased":["Bandage Up","Flechettes","Storm of Steel","Die Die Die","PrismaticShard"],"campfire_rested":3,"item_purchase_floors":[2,2,11,20,20],"current_hp_per_floor":[70,70,70,56,56,22,8,29,29,50,50,50,54,54,70,25,70,59,59,59,46,0],"gold":64,"neow_bonus":"","is_prod":false,"is_daily":true,"chose_seed":false,"campfire_upgraded":0,"win_rate":0,"timestamp":1547910395,"path_taken":["M","?","?","?","?","E","?","R","T","R","$","?","M","M","R","BOSS","M","?","?","?","?"],"build_version":"2019-01-17v2","purchased_purges":2,"victory":false,"max_hp_per_floor":[70,70,70,70,70,70,70,70,70,70,70,70,70,70,70,70,70,70,70,70,70,70],"card_choices":[{"not_picked":["Choke","Masterful Stab"],"picked":"Noxious Fumes","floor":1},{"not_picked":["Infinite Blades","Acrobatics"],"picked":"Terror","floor":4},{"not_picked":["Leg Sweep","Deflect"],"picked":"Well Laid Plans","floor":6},{"not_picked":["Dagger Spray","Backflip"],"picked":"Endless Agony","floor":13},{"not_picked":["Dagger Spray","Deflect"],"picked":"Dodge and Roll","floor":14},{"not_picked":["Die Die Die","Venomology"],"picked":"Corpse Explosion","floor":16},{"not_picked":["Dodge and Roll","Footwork"],"picked":"Bane","floor":18},{"not_picked":["Bane","Blizzard"],"picked":"Poisoned Stab","floor":21}],"player_experience":54924,"relics_obtained":[{"floor":6,"key":"Happy Flower"},{"floor":9,"key":"Blue Candle"}],"event_choices":[{"damage_healed":0,"gold_gain":0,"player_choice":"Cursed","damage_taken":0,"max_hp_gain":0,"max_hp_loss":0,"event_name":"Wheel of Change","floor":3,"gold_loss":0,"cards_obtained":["Decay"]},{"damage_healed":0,"gold_gain":0,"player_choice":"Box","damage_taken":0,"relics_obtained":["Bag of Marbles"],"max_hp_gain":0,"max_hp_loss":0,"event_name":"Big Fish","floor":5,"gold_loss":0,"cards_obtained":["Regret"]},{"damage_healed":0,"gold_gain":0,"player_choice":"Entered Light","damage_taken":14,"max_hp_gain":0,"max_hp_loss":0,"event_name":"Shining Light","floor":7,"gold_loss":0,"cards_upgraded":["Strike_G","Strike_G"]},{"damage_healed":0,"gold_gain":0,"player_choice":"Leave","damage_taken":0,"max_hp_gain":0,"max_hp_loss":0,"event_name":"The Cleric","floor":12,"gold_loss":0},{"damage_healed":0,"gold_gain":0,"player_choice":"Bet on Owner","damage_taken":0,"max_hp_gain":0,"max_hp_loss":0,"event_name":"The Joust","floor":19,"gold_loss":50}],"is_beta":false,"boss_relics":[{"not_picked":["Cursed Key","Empty Cage"],"picked":"Ring of the Serpent"}],"items_purged_floors":[11,20],"is_endless":false,"potions_floor_spawned":[1,6,13,14,21],"killed_by":"Snecko","ascension_level":0}