{"path_per_floor":["M","?","M","$","M","R","M","E","T","R","E","?","M","M","R","B",null,"M","$","?","?","$","R","E","M","T","E","R","T","R","?","R"],"character_chosen":"IRONCLAD","items_purchased":["Mind Blast","Flex","Rampage"],"gold_per_floor":[115,115,132,28,45,45,56,90,90,90,116,146,159,172,172,274,274,287,212,212,212,10,10,41,59,59,85,85,85,85,114,114,114],"floor_reached":33,"campfire_rested":0,"playtime":1471,"current_hp_per_floor":[74,74,72,72,78,78,78,55,55,55,47,53,58,60,60,54,74,81,81,81,81,81,81,78,79,79,56,56,56,56,67,67,0],"items_purged":["Heavy Blade","Bash"],"gold":114,"score":476,"play_id":"1125ed31-604d-47a2-a472-d1979344283d","local_time":"20180519124234","is_prod":false,"is_daily":false,"chose_seed":false,"is_ascension_mode":true,"campfire_upgraded":7,"timestamp":1526726554,"campfire_choices":[{"data":"Mind Blast","floor":6,"key":"SMITH"},{"data":"Bloodletting","floor":10,"key":"SMITH"},{"data":"Disarm","floor":15,"key":"SMITH"},{"data":"Rampage","floor":23,"key":"SMITH"},{"data":"Flex","floor":28,"key":"SMITH"},{"data":"Flex","floor":30,"key":"SMITH"},{"data":"Dual Wield","floor":32,"key":"SMITH"}],"path_taken":["M","?","M","$","M","R","M","E","T","R","E","?","?","?","R","BOSS","M","$","?","?","$","R","E","M","T","E","R","?","R","?","R","BOSS"],"build_version":"2018-05-17","seed_source_timestamp":471753372872770,"purchased_purges":2,"victory":false,"master_deck":["Strike_R","Strike_R","Strike_R","Strike_R","Strike_R","Defend_R","Defend_R","Defend_R","Defend_R","Deep Breath","Disarm+1","Mind Blast+1","Bloodletting+1","Warcry","Feed","Inflame+1","Flex+1","Rampage+1","Flex+1","Spot Weakness+1","Dual Wield+1"],"max_hp_per_floor":[80,80,80,80,80,80,80,80,80,80,80,80,80,80,80,80,80,83,83,83,83,83,83,83,86,86,86,86,86,86,89,89,89],"relics":["Burning Blood","Unceasing Top","Thread and Needle","Letter Opener","Odd Mushroom","Philosopher\u0027s Stone","Anchor","Magic Flower","Prayer Wheel","Mummified Hand","Red Mask"],"card_choices":[{"not_picked":["Carnage","Shockwave","Armaments"],"picked":"SKIP","floor":1},{"not_picked":["Perfected Strike","Clash","Sever Soul"],"picked":"SKIP","floor":3},{"not_picked":["Feel No Pain","Sword Boomerang"],"picked":"Bloodletting","floor":5},{"not_picked":["Reaper","Wild Strike"],"picked":"Perfected Strike","floor":7},{"not_picked":["Rupture","Shrug It Off","Iron Wave"],"picked":"SKIP","floor":8},{"not_picked":["Iron Wave","Cleave","Shrug It Off"],"picked":"SKIP","floor":11},{"not_picked":["Clothesline","Rampage"],"picked":"Warcry","floor":12},{"not_picked":["Burning Pact","Shrug It Off","Flame Barrier"],"picked":"SKIP","floor":13},{"not_picked":["Entrench","Ghostly Armor","Headbutt"],"picked":"SKIP","floor":14},{"not_picked":["Double Tap","Barricade"],"picked":"Feed","floor":16},{"not_picked":["Shrug It Off","Armaments"],"picked":"Inflame+1","floor":18},{"not_picked":["Uppercut","Dropkick","Brutality"],"picked":"SKIP","floor":24},{"not_picked":["Warcry+1","Wild Strike"],"picked":"Flex","floor":25},{"not_picked":["Armaments","Whirlwind+1"],"picked":"Spot Weakness+1","floor":27},{"not_picked":["Wild Strike","Infernal Blade+1"],"picked":"Dual Wield","floor":31}],"player_experience":101147,"potions_floor_usage":[8,8,8,12,16,33],"damage_taken":[{"damage":4,"enemies":"Jaw Worm","floor":1,"turns":5},{"damage":8,"enemies":"Cultist","floor":3,"turns":5},{"damage":0,"enemies":"Small Slimes","floor":5,"turns":2},{"damage":6,"enemies":"Looter","floor":7,"turns":2},{"damage":29,"enemies":"Lagavulin","floor":8,"turns":4},{"damage":14,"enemies":"Gremlin Nob","floor":11,"turns":3},{"damage":0,"enemies":"The Mushroom Lair","floor":12,"turns":3},{"damage":1,"enemies":"Blue Slaver","floor":13,"turns":3},{"damage":4,"enemies":"3 Louse","floor":14,"turns":2},{"damage":12,"enemies":"The Guardian","floor":16,"turns":18},{"damage":2,"enemies":"Chosen","floor":18,"turns":5},{"damage":9,"enemies":"Gremlin Leader","floor":24,"turns":5},{"damage":8,"enemies":"2 Thieves","floor":25,"turns":3},{"damage":32,"enemies":"Book of Stabbing","floor":27,"turns":5},{"damage":3,"enemies":"Masked Bandits","floor":31,"turns":2},{"damage":68,"enemies":"Champ","floor":33,"turns":6}],"relics_obtained":[{"floor":8,"key":"Unceasing Top"},{"floor":9,"key":"Thread and Needle"},{"floor":11,"key":"Letter Opener"},{"floor":12,"key":"Odd Mushroom"},{"floor":24,"key":"Anchor"},{"floor":26,"key":"Magic Flower"},{"floor":27,"key":"Prayer Wheel"},{"floor":29,"key":"Mummified Hand"},{"floor":31,"key":"Red Mask"}],"event_choices":[{"event_name":"Match and Keep!","player_choice":"3 cards matched","floor":2,"damage_taken":0},{"event_name":"Mushrooms","player_choice":"Fought Mushrooms","floor":12,"damage_taken":0},{"event_name":"Vampires","player_choice":"Ignored","floor":20,"damage_taken":0},{"event_name":"Back to Basics","player_choice":"Elegance","floor":21,"damage_taken":0},{"event_name":"Masked Bandits","player_choice":"Fought over 85 gold","floor":31,"damage_taken":0}],"boss_relics":[{"not_picked":["Calling Bell","Cursed Key"],"picked":"Philosopher\u0027s Stone"}],"potions_floor_spawned":[1,7,8,12,16,18,25,31],"seed_played":"3794600373923865069","killed_by":"Champ","ascension_level":6,"potions_obtained":[{"floor":1,"key":"EntropicBrew"},{"floor":7,"key":"PowerPotion"},{"floor":8,"key":"Fire Potion"},{"floor":12,"key":"Energy Potion"},{"floor":16,"key":"Ancient Potion"},{"floor":18,"key":"Fire Potion"},{"floor":25,"key":"Strength Potion"}],"is_trial":false}