{"gold_per_floor":[115,115,115,59,134,159,159,84,84,111,111,145,88,103,103,177,177,190,190,190,203,203,237,237,7,7,7,19,45,65,84,84,163,163,182,182,201,201,217,217],"floor_reached":40,"playtime":1319,"items_purged":["Defend_R"],"score":1055,"play_id":"c1cbe9b6-7f22-4782-afe1-3854bbc628af","local_time":"20190212144442","is_ascension_mode":true,"campfire_choices":[{"data":"Perfected Strike","floor":7,"key":"SMITH"},{"data":"Metallicize","floor":11,"key":"SMITH"},{"data":"Pommel Strike","floor":15,"key":"SMITH"},{"data":"Bash","floor":24,"key":"SMITH"},{"floor":32,"key":"REST"}],"neow_cost":"NONE","seed_source_timestamp":501643589550900,"circlet_count":0,"master_deck":["AscendersBane","Strike_R","Strike_R","Strike_R","Strike_R","Strike_R","Bash+1","Pommel Strike+1","Perfected Strike+1","Metallicize+1","Uppercut+1","Thunderclap+1","Twin Strike+1","Exhume","Pommel Strike+1","Whirlwind+1","Perfected Strike+1","Reaper+1","Perfected Strike+1","Demon Form+1","Perfected Strike+1"],"relics":["Burning Blood","NeowsBlessing","Champion Belt","Molten Egg 2","Letter Opener","Calipers","Snecko Eye","Turnip","Toolbox","Dodecahedron","Omamori","Sozu"],"potions_floor_usage":[18,29,40],"damage_taken":[{"damage":0,"enemies":"2 Louse","floor":1,"turns":1},{"damage":0,"enemies":"Gremlin Nob","floor":6,"turns":1},{"damage":0,"enemies":"3 Sentries","floor":10,"turns":2},{"damage":6,"enemies":"Gremlin Nob","floor":12,"turns":3},{"damage":5,"enemies":"Jaw Worm","floor":14,"turns":2},{"damage":28,"enemies":"Hexaghost","floor":16,"turns":7},{"damage":34,"enemies":"3 Byrds","floor":18,"turns":6},{"damage":10,"enemies":"Shell Parasite","floor":21,"turns":2},{"damage":0,"enemies":"Gremlin Leader","floor":23,"turns":3},{"damage":0,"enemies":"Snake Plant","floor":28,"turns":2},{"damage":5,"enemies":"Slavers","floor":29,"turns":3},{"damage":0,"enemies":"Snecko","floor":30,"turns":2},{"damage":15,"enemies":"Sentry and Sphere","floor":31,"turns":4},{"damage":37,"enemies":"Champ","floor":33,"turns":6},{"damage":57,"enemies":"3 Shapes","floor":35,"turns":2},{"damage":2,"enemies":"Orb Walker","floor":37,"turns":2},{"damage":15,"enemies":"3 Darklings","floor":39,"turns":3},{"damage":39,"enemies":"Reptomancer","floor":40,"turns":2}],"seed_played":"-8562295179889566254","potions_obtained":[{"floor":6,"key":"Ancient Potion"},{"floor":12,"key":"AttackPotion"},{"floor":18,"key":"FearPotion"},{"floor":29,"key":"Weak Potion"},{"floor":30,"key":"GamblersBrew"},{"floor":33,"key":"PowerPotion"}],"is_trial":false,"path_per_floor":["M","?","?","$","?","E","R","$","T","E","R","E","$","M","R","B",null,"M","?","?","M","?","E","R","$","T","$","M","E","M","M","R","B",null,"M","?","M","?","M","E"],"character_chosen":"IRONCLAD","items_purchased":["Perfected Strike","Thunderclap+1","Toolbox"],"campfire_rested":1,"item_purchase_floors":[4,13,25],"current_hp_per_floor":[74,67,67,67,56,62,62,62,62,68,68,68,68,69,69,47,68,40,40,40,36,36,42,42,42,42,42,48,49,55,46,68,40,66,36,36,40,40,37,0],"gold":217,"neow_bonus":"THREE_ENEMY_KILL","is_prod":false,"is_daily":false,"chose_seed":false,"campfire_upgraded":4,"win_rate":0,"timestamp":1549979082,"path_taken":["M","?","?","$","?","E","R","$","T","E","R","E","?","?","R","BOSS","M","?","?","M","?","E","R","?","T","$","M","E","M","M","R","BOSS","M","?","?","?","M","E"],"build_version":"2019-01-23","purchased_purges":1,"victory":false,"max_hp_per_floor":[75,75,75,75,75,75,75,75,75,75,75,75,75,75,75,75,75,75,75,75,75,75,75,75,75,75,75,75,75,75,75,75,75,75,75,75,75,75,75,75],"card_choices":[{"not_picked":["Armaments","Sword Boomerang"],"picked":"Pommel Strike","floor":1},{"not_picked":["Anger","Headbutt"],"picked":"Metallicize","floor":6},{"not_picked":["Second Wind","Anger+1"],"picked":"Uppercut+1","floor":10},{"not_picked":["Carnage+1","Heavy Blade+1","Havoc"],"picked":"SKIP","floor":12},{"not_picked":["Havoc","Flex"],"picked":"Twin Strike+1","floor":14},{"not_picked":["Brutality","Limit Break"],"picked":"Exhume","floor":16},{"not_picked":["Shockwave","Twin Strike+1"],"picked":"Pommel Strike+1","floor":18},{"not_picked":["Inflame","Clash+1"],"picked":"Whirlwind+1","floor":21},{"not_picked":["Sword Boomerang+1","Hemokinesis+1","Anger+1"],"picked":"SKIP","floor":23},{"not_picked":["Clothesline+1","Twin Strike+1"],"picked":"Reaper+1","floor":28},{"not_picked":["Hemokinesis+1","Rupture"],"picked":"Perfected Strike+1","floor":29},{"not_picked":["Flex","Combust","Anger+1"],"picked":"SKIP","floor":30},{"not_picked":["Flex","Combust","Anger+1"],"picked":"SKIP","floor":30},{"not_picked":["Rage","Sentinel","Iron Wave+1"],"picked":"SKIP","floor":31},{"not_picked":["Exhume","Immolate+1"],"picked":"Demon Form","floor":33},{"not_picked":["Clothesline+1","Combust+1"],"picked":"Perfected Strike+1","floor":35},{"not_picked":["Anger+1","Sword Boomerang+1","Pummel+1"],"picked":"SKIP","floor":37},{"not_picked":["Wild Strike+1","Spot Weakness","Sentinel"],"picked":"SKIP","floor":39}],"player_experience":374962,"relics_obtained":[{"floor":6,"key":"Champion Belt"},{"floor":9,"key":"Molten Egg 2"},{"floor":10,"key":"Letter Opener"},{"floor":12,"key":"Calipers"},{"floor":23,"key":"Turnip"},{"floor":26,"key":"Dodecahedron"},{"floor":29,"key":"Omamori"}],"event_choices":[{"cards_removed":["Defend_R"],"damage_healed":0,"gold_gain":0,"player_choice":"Card Removal","damage_taken":7,"max_hp_gain":0,"max_hp_loss":0,"event_name":"Golden Wing","floor":2,"gold_loss":0},{"cards_removed":["Defend_R"],"damage_healed":0,"gold_gain":0,"player_choice":"Forget","damage_taken":0,"max_hp_gain":0,"max_hp_loss":0,"event_name":"Living Wall","floor":3,"gold_loss":0},{"damage_healed":0,"gold_gain":75,"player_choice":"Gather Gold","damage_taken":11,"max_hp_gain":0,"max_hp_loss":0,"event_name":"World of Goop","floor":5,"gold_loss":0},{"damage_healed":0,"gold_gain":0,"player_choice":"Ignored","damage_taken":0,"max_hp_gain":0,"max_hp_loss":0,"event_name":"Vampires","floor":19,"gold_loss":0},{"damage_healed":0,"gold_gain":0,"player_choice":"Ignored","damage_taken":0,"max_hp_gain":0,"max_hp_loss":0,"event_name":"Ghosts","floor":20,"gold_loss":0},{"damage_healed":0,"gold_gain":0,"player_choice":"Read","damage_taken":0,"max_hp_gain":0,"max_hp_loss":0,"event_name":"The Library","floor":22,"gold_loss":0,"cards_obtained":["Perfected Strike"]},{"damage_healed":0,"gold_gain":0,"player_choice":"Upgraded","damage_taken":0,"max_hp_gain":0,"max_hp_loss":0,"event_name":"Upgrade Shrine","floor":36,"gold_loss":0,"cards_upgraded":["Demon Form"]},{"cards_removed":["Defend_R"],"damage_healed":0,"gold_gain":0,"player_choice":"Removed Skill","damage_taken":0,"max_hp_gain":0,"max_hp_loss":0,"event_name":"Falling","floor":38,"gold_loss":0}],"is_beta":false,"boss_relics":[{"not_picked":["Runic Cube","Eternal Feather"],"picked":"Snecko Eye"},{"not_picked":["Pandora\u0027s Box","Runic Dome"],"picked":"Sozu"}],"items_purged_floors":[8],"is_endless":false,"potions_floor_spawned":[6,12,14,16,18,28,29,30,33,35,39],"killed_by":"Reptomancer","ascension_level":20}