{"path_per_floor":["M","M","?","?","M","E","?","R","T","$","E","T","E","$","R","B",null,"M","$","M","M","M","E"],"character_chosen":"THE_SILENT","items_purchased":["Pen Nib","Oddly Smooth Stone"],"gold_per_floor":[115,128,128,128,148,181,181,181,238,87,122,177,212,66,66,166,166,181,181,195,205,222,254],"floor_reached":24,"campfire_rested":2,"playtime":2894,"current_hp_per_floor":[68,59,59,64,61,24,29,66,66,66,44,44,25,25,65,34,85,69,69,57,46,27,9],"items_purged":[],"gold":254,"play_id":"3811aed2-070c-40fb-b7ae-9127ae947df0","is_prod":false,"is_daily":false,"campfire_rituals":0,"campfire_upgraded":0,"is_hardmode":false,"path_taken":["M","M","?","?","M","E","?","R","T","$","E","?","E","$","R","BOSS","M","$","M","M","M","E","M"],"build_version":"2018-01-11-PROD1","purchased_purges":0,"victory":false,"master_deck":["Defend_G","Defend_G","Defend_G","Defend_G","Defend_G","Strike_G","Strike_G","Strike_G","Strike_G","Strike_G","Survivor","Neutralize","Sucker Punch","Backflip","Dagger Throw","A Thousand Cuts","Well Laid Plans","Adrenaline","Prepared","Infinite Blades","Flying Knee","Acrobatics","Finisher"],"max_hp_per_floor":[70,70,70,75,75,75,75,75,75,75,85,85,85,85,85,85,85,85,85,85,85,85,85],"relics":["Ring of the Snake","Regal Pillow","Snake Skull","Tiny Chest","Pen Nib","Pear","Ancient Tea Set","Bottled Lightning","Oddly Smooth Stone","Sozu","Dodecahedron"],"campfire_meditates":0,"card_choices":[{"not_picked":["All Out Attack","Phantasmal Killer"],"picked":"Sucker Punch"},{"not_picked":["Slice","Acrobatics"],"picked":"Backflip"},{"not_picked":["Underhanded Strike","Slice"],"picked":"Dagger Throw"},{"not_picked":["Calculated Gamble","Skewer"],"picked":"Flying Knee"},{"not_picked":["Crippling Poison","Bullet Time"],"picked":"A Thousand Cuts"},{"not_picked":["Flechettes","Catalyst"],"picked":"Well Laid Plans"},{"not_picked":["Tools of the Trade","Doppelganger"],"picked":"Adrenaline"},{"not_picked":["Acrobatics","Bane"],"picked":"Prepared"},{"not_picked":["Calculated Gamble","Bane"],"picked":"Infinite Blades"},{"not_picked":["Malaise","Reflex"],"picked":"Flying Knee"},{"not_picked":["Prepared","All Out Attack"],"picked":"Acrobatics"},{"not_picked":["Deflect","PiercingWail"],"picked":"Finisher"}],"player_experience":60083,"potions_floor_usage":[6,13,16],"damage_taken":[{"damage":2,"enemies":"Small Slimes","floor":1,"turns":4},{"damage":9,"enemies":"Blue Slaver","floor":2,"turns":5},{"damage":3,"enemies":"Jaw Worm","floor":5,"turns":5},{"damage":37,"enemies":"Gremlin Nob","floor":6,"turns":6},{"damage":32,"enemies":"Lagavulin","floor":11,"turns":11},{"damage":34,"enemies":"3 Sentries","floor":13,"turns":8},{"damage":31,"enemies":"Slime Boss","floor":16,"turns":12},{"damage":16,"enemies":"Chosen","floor":18,"turns":6},{"damage":12,"enemies":"3 Byrds","floor":20,"turns":5},{"damage":11,"enemies":"Centurion and Healer","floor":21,"turns":6},{"damage":19,"enemies":"3 Cultists","floor":22,"turns":5},{"damage":18,"enemies":"Gremlin Leader","floor":23,"turns":9},{"damage":14,"enemies":"Snecko","floor":24,"turns":3}],"event_choices":[{"event_name":"The Lab","player_choice":"Got Potions","floor":3,"damage_taken":0},{"event_name":"Big Fish","player_choice":"Donut","floor":4,"damage_taken":0},{"event_name":"Bonfire Elementals","player_choice":"COMMON","floor":7,"damage_taken":0}],"boss_relics":[{"not_picked":["White Beast Statue","Black Star"],"picked":"Sozu"}],"potions_floor_spawned":[1,13,18,20],"seed_played":"4671065062372829515","killed_by":"Snecko","is_trial":false}