{"gold_per_floor":[115,265,265,265,190,219,32,32,32,50,50,82,102,129,129,206,206,225,225,239,262,262,262],"floor_reached":23,"playtime":469,"items_purged":["Doubt"],"score":426,"play_id":"0cb61d52-e79d-4e63-945e-f8712acb58ab","local_time":"20190202155017","is_ascension_mode":true,"campfire_choices":[{"data":"Heavy Blade","floor":11,"key":"SMITH"},{"data":"Heavy Blade","floor":15,"key":"SMITH"}],"neow_cost":"NONE","seed_source_timestamp":425414015837800,"circlet_count":0,"master_deck":["AscendersBane","Strike_R","Strike_R","Strike_R","Strike_R","Defend_R","Defend_R+1","Defend_R","Defend_R+1","Bash","Body Slam","Anger","Heavy Blade+1","Iron Wave","Heavy Blade+1","Heavy Blade","Inflame+1","Demon Form+1","Writhe","Clash+1"],"relics":["Burning Blood","NeowsBlessing","Lantern","Letter Opener","Red Skull","Mummified Hand","Charon\u0027s Ashes","Frozen Egg 2","Happy Flower","Sozu","Juzu Bracelet","PreservedInsect"],"potions_floor_usage":[12,14],"damage_taken":[{"damage":0,"enemies":"Small Slimes","floor":1,"turns":1},{"damage":0,"enemies":"Gremlin Nob","floor":6,"turns":1},{"damage":0,"enemies":"Jaw Worm","floor":10,"turns":1},{"damage":10,"enemies":"3 Sentries","floor":12,"turns":4},{"damage":0,"enemies":"2 Louse","floor":13,"turns":2},{"damage":6,"enemies":"Gremlin Nob","floor":14,"turns":3},{"damage":38,"enemies":"Slime Boss","floor":16,"turns":6},{"damage":25,"enemies":"Shell Parasite","floor":18,"turns":3},{"damage":34,"enemies":"2 Thieves","floor":20,"turns":3},{"damage":30,"enemies":"Gremlin Leader","floor":23,"turns":2}],"seed_played":"-5514355079982766816","potions_obtained":[{"floor":1,"key":"Energy Potion"},{"floor":6,"key":"Regen Potion"},{"floor":10,"key":"SkillPotion"},{"floor":14,"key":"FairyPotion"}],"is_trial":false,"path_per_floor":["M","?","?","?","$","E","$","?","T","M","R","E","M","E","R","B",null,"M","?","M","T","?","E"],"character_chosen":"IRONCLAD","items_purchased":["Red Skull","Heavy Blade"],"campfire_rested":0,"item_purchase_floors":[7,7],"current_hp_per_floor":[74,74,48,25,25,31,31,31,31,37,37,33,39,39,39,7,58,39,39,11,11,11,0],"gold":262,"neow_bonus":"THREE_ENEMY_KILL","is_prod":false,"is_daily":false,"chose_seed":false,"campfire_upgraded":2,"win_rate":0,"timestamp":1549119017,"path_taken":["M","?","?","?","?","E","$","?","T","?","R","E","M","E","R","BOSS","M","?","M","?","?","E"],"build_version":"2019-01-23","purchased_purges":1,"victory":false,"max_hp_per_floor":[75,75,75,75,75,75,75,75,75,75,75,75,75,75,75,75,75,75,75,75,75,75,75],"card_choices":[{"not_picked":["Combust","Havoc"],"picked":"Body Slam","floor":1},{"not_picked":["Shrug It Off","Power Through"],"picked":"Anger","floor":6},{"not_picked":["Rampage","Flex"],"picked":"Iron Wave","floor":10},{"not_picked":["Wild Strike","Body Slam"],"picked":"Heavy Blade","floor":12},{"not_picked":["Headbutt","Wild Strike"],"picked":"Heavy Blade","floor":13},{"not_picked":["Second Wind","Seeing Red"],"picked":"Inflame+1","floor":14},{"not_picked":["Juggernaut+1","Exhume"],"picked":"Demon Form+1","floor":16},{"not_picked":["Anger","Iron Wave","Clothesline"],"picked":"SKIP","floor":18},{"not_picked":["Shockwave","Hemokinesis"],"picked":"Clash+1","floor":20}],"player_experience":306884,"relics_obtained":[{"floor":6,"key":"Letter Opener"},{"floor":9,"key":"Charon\u0027s Ashes"},{"floor":12,"key":"Frozen Egg 2"},{"floor":14,"key":"Happy Flower"},{"floor":21,"key":"PreservedInsect"}],"event_choices":[{"damage_healed":0,"gold_gain":150,"player_choice":"AGREE","damage_taken":0,"max_hp_gain":0,"max_hp_loss":0,"event_name":"Liars Game","floor":2,"gold_loss":0,"cards_obtained":["Doubt"]},{"damage_healed":0,"gold_gain":0,"player_choice":"Success","damage_taken":26,"relics_obtained":["Lantern"],"max_hp_gain":0,"max_hp_loss":0,"event_name":"Scrap Ooze","floor":3,"gold_loss":0},{"damage_healed":0,"gold_gain":0,"player_choice":"Entered Light","damage_taken":23,"max_hp_gain":0,"max_hp_loss":0,"event_name":"Shining Light","floor":4,"gold_loss":0,"cards_upgraded":["Defend_R","Defend_R"]},{"damage_healed":0,"gold_gain":0,"player_choice":"Gave Potion","damage_taken":0,"relics_obtained":["Mummified Hand"],"max_hp_gain":0,"max_hp_loss":0,"event_name":"WeMeetAgain","floor":8,"gold_loss":0},{"damage_healed":0,"gold_gain":0,"player_choice":"Opened","damage_taken":0,"relics_obtained":["Juzu Bracelet"],"max_hp_gain":0,"max_hp_loss":0,"event_name":"The Mausoleum","floor":19,"gold_loss":0,"cards_obtained":["Writhe"]},{"cards_removed":["Strike_R"],"damage_healed":0,"gold_gain":0,"player_choice":"Elegance","damage_taken":0,"max_hp_gain":0,"max_hp_loss":0,"event_name":"Back to Basics","floor":22,"gold_loss":0}],"is_beta":false,"boss_relics":[{"not_picked":["Black Blood","Orrery"],"picked":"Sozu"}],"items_purged_floors":[5],"is_endless":false,"potions_floor_spawned":[1,6,10,14],"killed_by":"Gremlin Leader","ascension_level":17}