{"path_per_floor":["M","M","?","M","$","E","R","?","T","M","R","?","E","M","R"],"character_chosen":"THE_SILENT","items_purchased":["Backstab"],"gold_per_floor":[110,124,124,144,75,107,107,137,163,180,180,180,211,228,228],"floor_reached":16,"campfire_rested":3,"playtime":1212,"current_hp_per_floor":[70,68,68,68,68,33,54,54,54,38,59,59,35,31,52],"items_purged":[],"gold":228,"play_id":"c06663fc-4541-4903-b40c-d9ab278820c9","is_prod":false,"is_daily":false,"campfire_rituals":0,"campfire_upgraded":0,"is_hardmode":false,"path_taken":["M","M","?","M","$","E","R","?","T","M","R","?","E","M","R","BOSS"],"build_version":"2018-01-11-PROD1","purchased_purges":0,"victory":false,"master_deck":["Defend_G","Defend_G","Defend_G","Defend_G","Strike_G","Strike_G","Strike_G","Strike_G","Strike_G","Survivor","Neutralize","Infinite Blades","Crippling Poison","Blade Dance","Night Terror","Backstab","Slice","Poisoned Stab","Sucker Punch","PiercingWail","Quick Slash","Poisoned Stab"],"max_hp_per_floor":[70,70,70,70,70,70,70,70,70,70,70,70,70,70,70],"relics":["Ring of the Snake","Vajra","Dream Catcher","Darkstone Periapt"],"campfire_meditates":0,"card_choices":[{"not_picked":["Masterful Stab","Deflect"],"picked":"Infinite Blades"},{"not_picked":["Outmaneuver","Bane"],"picked":"Crippling Poison"},{"not_picked":["Dagger Throw","Riddle With Holes"],"picked":"Night Terror"},{"not_picked":["Crippling Poison","Flechettes"],"picked":"Slice"},{"not_picked":["Acrobatics","Blade Dance"],"picked":"Poisoned Stab"},{"not_picked":["Catalyst","Blade Dance"],"picked":"Sucker Punch"},{"not_picked":["Flechettes","Slice"],"picked":"PiercingWail"},{"not_picked":["Deadly Poison","Calculated Gamble"],"picked":"Quick Slash"},{"not_picked":["Quick Slash","Acrobatics"],"picked":"Poisoned Stab"}],"player_experience":15129,"potions_floor_usage":[],"damage_taken":[{"damage":0,"enemies":"Cultist","floor":1,"turns":4},{"damage":2,"enemies":"Blue Slaver","floor":2,"turns":4},{"damage":0,"enemies":"Small Slimes","floor":4,"turns":2},{"damage":35,"enemies":"Lagavulin","floor":6,"turns":7},{"damage":16,"enemies":"3 Louse","floor":10,"turns":4},{"damage":24,"enemies":"Gremlin Nob","floor":13,"turns":4},{"damage":4,"enemies":"2 Fungi Beasts","floor":14,"turns":3},{"damage":52,"enemies":"Hexaghost","floor":16,"turns":10}],"event_choices":[{"event_name":"Transmorgrifier","player_choice":"Transform","floor":3,"damage_taken":0},{"event_name":"Dead Adventurer","player_choice":"Searched \u00272\u0027 times","floor":8,"damage_taken":0},{"event_name":"Upgrade Shrine","player_choice":"Upgraded","floor":12,"damage_taken":0}],"boss_relics":[],"potions_floor_spawned":[1,10,13,14],"seed_played":"-8228474510148721927","killed_by":"Hexaghost","is_trial":false}