{"gold_per_floor":[115,125,50,50,60,74,101,1,1,276,296,312,312,322,322,322],"floor_reached":16,"playtime":877,"items_purged":["Defend_R","Defend_R"],"score":104,"play_id":"e25197c4-2006-45c1-9099-2ef3c75a4144","local_time":"20190215052910","is_ascension_mode":false,"campfire_choices":[{"floor":13,"key":"REST"},{"floor":15,"key":"REST"}],"neow_cost":"NONE","seed_source_timestamp":72486309292844,"circlet_count":0,"master_deck":["Strike_R","Strike_R","Strike_R","Strike_R","Strike_R","Defend_R","Headbutt","Cleave","Shrug It Off+1"],"relics":["Burning Blood","Omamori","Toxic Egg 2"],"potions_floor_usage":[12,12,16,16],"damage_taken":[{"damage":5,"enemies":"Jaw Worm","floor":1,"turns":4},{"damage":5,"enemies":"2 Louse","floor":2,"turns":3},{"damage":5,"enemies":"Cultist","floor":5,"turns":4},{"damage":10,"enemies":"Looter","floor":6,"turns":3},{"damage":56,"enemies":"3 Sentries","floor":7,"turns":11},{"damage":0,"enemies":"Large Slime","floor":11,"turns":5},{"damage":7,"enemies":"Blue Slaver","floor":12,"turns":4},{"damage":5,"enemies":"Looter","floor":14,"turns":3},{"damage":75,"enemies":"Slime Boss","floor":16,"turns":7}],"seed_played":"-6754664861649596827","potions_obtained":[{"floor":2,"key":"Block Potion"},{"floor":5,"key":"Dexterity Potion"},{"floor":11,"key":"SpeedPotion"},{"floor":14,"key":"Fire Potion"}],"is_trial":false,"path_per_floor":["M","M","$","?","M","M","E","$","T","?","M","M","R","M","R","B"],"character_chosen":"IRONCLAD","items_purchased":[],"campfire_rested":2,"item_purchase_floors":[],"current_hp_per_floor":[80,80,80,73,74,70,20,20,20,20,26,25,49,50,74,0],"gold":322,"neow_bonus":"REMOVE_CARD","is_prod":false,"is_daily":false,"chose_seed":false,"campfire_upgraded":0,"win_rate":0.0,"timestamp":1550176150,"path_taken":["M","M","$","?","M","M","E","$","T","?","M","M","R","M","R","BOSS"],"build_version":"2019-01-23","purchased_purges":2,"victory":false,"max_hp_per_floor":[80,80,80,80,80,80,80,80,80,80,80,80,80,80,80,80],"card_choices":[{"not_picked":["Armaments","Body Slam","Power Through"],"picked":"SKIP","floor":1},{"not_picked":["Clothesline","Anger","Hemokinesis"],"picked":"SKIP","floor":2},{"not_picked":["Body Slam","Spot Weakness"],"picked":"Headbutt","floor":5},{"not_picked":["Body Slam","Sever Soul","Thunderclap"],"picked":"SKIP","floor":6},{"not_picked":["Double Tap","Clash"],"picked":"Cleave","floor":7},{"not_picked":["Armaments+1","True Grit+1"],"picked":"Shrug It Off+1","floor":11},{"not_picked":["Anger","Shrug It Off+1","Iron Wave"],"picked":"SKIP","floor":12},{"not_picked":["Combust","Searing Blow","Evolve"],"picked":"SKIP","floor":14}],"player_experience":27461,"relics_obtained":[{"floor":7,"key":"Omamori"},{"floor":9,"key":"Toxic Egg 2"}],"event_choices":[{"cards_removed":["Bash"],"damage_healed":0,"gold_gain":0,"player_choice":"Card Removal","damage_taken":7,"max_hp_gain":0,"max_hp_loss":0,"event_name":"Golden Wing","floor":4,"gold_loss":0},{"damage_healed":0,"gold_gain":275,"player_choice":"Desecrate","damage_taken":0,"max_hp_gain":0,"max_hp_loss":0,"event_name":"Golden Shrine","floor":10,"gold_loss":0,"cards_obtained":["Regret"]}],"is_beta":false,"boss_relics":[],"items_purged_floors":[3,8],"is_endless":false,"potions_floor_spawned":[2,5,11,14],"killed_by":"Slime Boss","ascension_level":0}