{"gold_per_floor":[109,109,123,146,221,254,254,287,312,335,335],"floor_reached":11,"playtime":375,"items_purged":[],"score":100,"play_id":"01fe4fa7-817a-4dd0-9d62-34c74b3bdf18","local_time":"20190213143905","is_ascension_mode":true,"campfire_choices":[{"data":"Skewer","floor":7,"key":"SMITH"}],"neow_cost":"NONE","seed_source_timestamp":8543651922400,"circlet_count":0,"master_deck":["Defend_G","Defend_G","Defend_G","Defend_G","Defend_G","Strike_G","Strike_G","Strike_G","Strike_G","Strike_G","Survivor","Neutralize","Quick Slash","Skewer+1","Dodge and Roll","Bouncing Flask","Backflip","Escape Plan"],"relics":["Coffee Dripper","Golden Idol","Happy Flower","Bag of Marbles","Omamori"],"potions_floor_usage":[],"damage_taken":[{"damage":0,"enemies":"Small Slimes","floor":1,"turns":4},{"damage":0,"enemies":"2 Louse","floor":3,"turns":2},{"damage":0,"enemies":"Jaw Worm","floor":4,"turns":3},{"damage":30,"enemies":"Gremlin Nob","floor":6,"turns":5},{"damage":10,"enemies":"Lagavulin","floor":8,"turns":5},{"damage":0,"enemies":"Large Slime","floor":10,"turns":1},{"damage":0,"enemies":"3 Sentries","floor":11,"turns":4}],"seed_played":"-7791111556372607330","potions_obtained":[{"floor":6,"key":"Ancient Potion"},{"floor":8,"key":"Dexterity Potion"},{"floor":10,"key":"Weak Potion"}],"is_trial":false,"path_per_floor":["M","?","M","M","?","E","R","E","T","M","E"],"character_chosen":"THE_SILENT","items_purchased":[],"campfire_rested":0,"item_purchase_floors":[],"current_hp_per_floor":[70,53,53,53,42,12,12,2,2,2,2],"gold":335,"neow_bonus":"BOSS_RELIC","is_prod":false,"is_daily":false,"chose_seed":false,"campfire_upgraded":1,"win_rate":0,"timestamp":1550065145,"path_taken":["M","?","M","M","?","E","R","E","T","M","E"],"build_version":"2019-01-23","purchased_purges":0,"victory":false,"max_hp_per_floor":[70,70,70,70,70,70,70,70,70,70,70],"card_choices":[{"not_picked":["Prepared","Cloak And Dagger"],"picked":"Quick Slash","floor":1},{"not_picked":["Calculated Gamble","Riddle With Holes"],"picked":"Skewer","floor":3},{"not_picked":["Accuracy","Underhanded Strike"],"picked":"Dodge and Roll","floor":4},{"not_picked":["Slice","Well Laid Plans"],"picked":"Bouncing Flask","floor":6},{"not_picked":["Calculated Gamble","Concentrate"],"picked":"Backflip","floor":8},{"not_picked":["Predator","Acrobatics"],"picked":"Escape Plan","floor":10}],"player_experience":395465,"relics_obtained":[{"floor":6,"key":"Happy Flower"},{"floor":8,"key":"Bag of Marbles"},{"floor":9,"key":"Omamori"}],"event_choices":[{"damage_healed":0,"gold_gain":0,"player_choice":"Take Damage","damage_taken":17,"relics_obtained":["Golden Idol"],"max_hp_gain":0,"max_hp_loss":0,"event_name":"Golden Idol","floor":2,"gold_loss":0},{"damage_healed":0,"gold_gain":75,"player_choice":"Gather Gold","damage_taken":11,"max_hp_gain":0,"max_hp_loss":0,"event_name":"World of Goop","floor":5,"gold_loss":0}],"is_beta":false,"boss_relics":[],"items_purged_floors":[],"is_endless":false,"potions_floor_spawned":[6,8,10],"killed_by":"3 Sentries","ascension_level":4}