{"gold_per_floor":[116,191,205,224,178,194,194,25,48,48,59,70,96,165,165,270,270,289,7,7,24,36,36,49,49,49,64,84,100,116,130,130,235,235,247,247,11,11,28,40,40],"floor_reached":41,"playtime":6429,"items_purged":[],"score":451,"play_id":"1032bd37-8988-4186-af80-985b658f2874","local_time":"20181116224130","is_ascension_mode":false,"campfire_choices":[{"floor":7.0,"key":"REST"},{"data":"Poisoned Stab","floor":10.0,"key":"SMITH"},{"floor":15.0,"key":"REST"},{"floor":23.0,"key":"REST"},{"data":"Backflip","floor":25.0,"key":"SMITH"},{"floor":32.0,"key":"REST"}],"neow_cost":"NONE","seed_source_timestamp":0,"circlet_count":0,"master_deck":["Defend_G","Defend_G","Defend_G","Defend_G","Defend_G","Strike_G","Strike_G","Strike_G","Strike_G","Strike_G","Survivor","Neutralize","Sucker Punch","Poisoned Stab+1","Flying Knee","Blade Dance","Backstab","Blade Dance","Heel Hook","Predator","Poisoned Stab","Bullet Time","Distraction","Finisher","Bullet Time","Dagger Spray+1","Backflip+1","Bullet Time","Infinite Blades","Endless Agony","Poisoned Stab+1","Blur+1","Noxious Fumes+1","Well Laid Plans","Riddle With Holes+1","Endless Agony","Leg Sweep","Wraith Form v2","Outmaneuver+1","Leg Sweep","Venomology","Flying Knee+1","Madness","Madness","All Out Attack","Deep Breath","Backflip","Well Laid Plans","Tactician","Parasite","Noxious Fumes+1"],"special_seed":0,"relics":["Ring of the Snake","Bag of Marbles","Dream Catcher","Black Star","DollysMirror","Orichalcum","Eternal Feather"],"potions_floor_usage":[41],"damage_taken":[{"damage":0.0,"enemies":"2 Louse","floor":1.0,"turns":3.0},{"damage":0.0,"enemies":"Cultist","floor":3.0,"turns":4.0},{"damage":0.0,"enemies":"Small Slimes","floor":4.0,"turns":3.0},{"damage":0.0,"enemies":"Red Slaver","floor":6.0,"turns":4.0},{"damage":0.0,"enemies":"Gremlin Gang","floor":11.0,"turns":4.0},{"damage":0.0,"enemies":"Blue Slaver","floor":12.0,"turns":2.0},{"damage":9.0,"enemies":"3 Sentries","floor":13.0,"turns":6.0},{"damage":44.0,"enemies":"Slime Boss","floor":16.0,"turns":10.0},{"damage":21.0,"enemies":"Shell Parasite","floor":18.0,"turns":6.0},{"damage":5.0,"enemies":"Chosen","floor":21.0,"turns":4.0},{"damage":1.0,"enemies":"Shelled Parasite and Fungi","floor":22.0,"turns":4.0},{"damage":4.0,"enemies":"3 Cultists","floor":24.0,"turns":6.0},{"damage":10.0,"enemies":"Centurion and Healer","floor":27.0,"turns":7.0},{"damage":12.0,"enemies":"Snake Plant","floor":28.0,"turns":5.0},{"damage":17.0,"enemies":"3 Cultists","floor":29.0,"turns":5.0},{"damage":11.0,"enemies":"Shelled Parasite and Fungi","floor":30.0,"turns":6.0},{"damage":0.0,"enemies":"Centurion and Healer","floor":31.0,"turns":2.0},{"damage":32.0,"enemies":"Automaton","floor":33.0,"turns":9.0},{"damage":5,"enemies":"Orb Walker","floor":35,"turns":3},{"damage":0,"enemies":"3 Shapes","floor":39,"turns":5},{"damage":48,"enemies":"Writhing Mass","floor":40,"turns":7},{"damage":29,"enemies":"4 Shapes","floor":41,"turns":2}],"seed_played":"8549924987937107015","potions_obtained":[{"floor":1.0,"key":"Weak Potion"},{"floor":3.0,"key":"PowerPotion"},{"floor":4.0,"key":"SteroidPotion"},{"floor":22.0,"key":"Regen Potion"},{"floor":30.0,"key":"Swift Potion"},{"floor":31.0,"key":"PowerPotion"},{"floor":35,"key":"FairyPotion"}],"is_trial":false,"path_per_floor":["M","?","M","M","$","M","R","$","T","R","M","M","E","?","R","B",null,"M","$","?","M","M","R","M","R","T","M","M","M","M","M","R","B",null,"M","?","$","?","M","M","M"],"character_chosen":"THE_SILENT","items_purchased":["Blade Dance","Blade Dance","Heel Hook","Predator","Backflip","DollysMirror","Infinite Blades","All Out Attack","Deep Breath","Backflip","Well Laid Plans"],"campfire_rested":4,"item_purchase_floors":[5,8,8,8,19,19,19,37,37,37,37],"current_hp_per_floor":[77,70,70,70,70,70,77,77,77,77,77,77,68,68,77,33,77,56,56,56,51,50,73,69,69,69,74,62,45,34,34,57,25,77,72,62,62,62,62,14,0],"gold":40,"neow_bonus":"TEN_PERCENT_HP_BONUS","is_prod":false,"is_daily":false,"chose_seed":false,"campfire_upgraded":2,"win_rate":0.0,"timestamp":1542408090,"path_taken":["M","?","M","?","$","M","R","?","T","R","M","M","E","?","R","BOSS","M","$","?","M","M","R","?","R","T","?","M","M","M","M","R","BOSS","M","?","$","?","M","M","?"],"build_version":"2018-11-15","purchased_purges":0,"victory":false,"max_hp_per_floor":[77,77,77,77,77,77,77,77,77,77,77,77,77,77,77,77,77,77,77,77,77,77,77,77,77,77,77,77,77,77,77,77,77,77,77,77,77,77,77,77,77],"card_choices":[{"not_picked":["Expertise","Well Laid Plans"],"picked":"Sucker Punch","floor":1.0},{"not_picked":["Footwork","Slice"],"picked":"Poisoned Stab","floor":3.0},{"not_picked":["Flechettes","Escape Plan"],"picked":"Flying Knee","floor":4.0},{"not_picked":["Dagger Throw","Flying Knee"],"picked":"Backstab","floor":6.0},{"not_picked":["Outmaneuver","Flying Knee"],"picked":"Poisoned Stab","floor":11.0},{"not_picked":["Flying Knee","Distraction"],"picked":"Bullet Time","floor":12.0},{"not_picked":["Deflect","Acrobatics"],"picked":"Distraction","floor":13.0},{"not_picked":["Acrobatics","Deflect"],"picked":"Finisher","floor":15.0},{"not_picked":["Tools of the Trade","Unload"],"picked":"Bullet Time","floor":16.0},{"not_picked":["Endless Agony","Backflip"],"picked":"Dagger Spray+1","floor":18.0},{"not_picked":["Escape Plan","Leg Sweep"],"picked":"Poisoned Stab+1","floor":21.0},{"not_picked":["Well Laid Plans","Dagger Spray"],"picked":"Blur+1","floor":22.0},{"not_picked":["Prepared","Outmaneuver"],"picked":"Noxious Fumes+1","floor":23.0},{"not_picked":["Dagger Throw+1","Die Die Die"],"picked":"Well Laid Plans","floor":24.0},{"not_picked":["Quick Slash","Underhanded Strike"],"picked":"Riddle With Holes+1","floor":27.0},{"not_picked":["Underhanded Strike","Flying Knee"],"picked":"Endless Agony","floor":28.0},{"not_picked":["Backflip+1","Quick Slash"],"picked":"Leg Sweep","floor":29.0},{"not_picked":["Poisoned Stab","Slice"],"picked":"Wraith Form v2","floor":30.0},{"not_picked":["Caltrops","Tactician"],"picked":"Outmaneuver+1","floor":31.0},{"not_picked":["Well Laid Plans+1","Footwork"],"picked":"Leg Sweep","floor":32.0},{"not_picked":["After Image","Unload"],"picked":"Venomology","floor":33.0},{"not_picked":["Dodge and Roll","Backstab"],"picked":"Flying Knee+1","floor":35},{"not_picked":["Skewer","Well Laid Plans+1"],"picked":"Tactician","floor":39},{"not_picked":["All Out Attack+1","Deflect"],"picked":"Noxious Fumes+1","floor":40}],"player_experience":7920,"relics_obtained":[{"floor":9.0,"key":"Bag of Marbles"},{"floor":13.0,"key":"Dream Catcher"},{"floor":26.0,"key":"Orichalcum"}],"event_choices":[{"damage_healed":0.0,"max_hp_gain":0.0,"max_hp_loss":0.0,"gold_gain":75.0,"event_name":"FaceTrader","player_choice":"Touch","floor":2.0,"gold_loss":0.0,"damage_taken":7.0},{"damage_healed":0.0,"max_hp_gain":0.0,"max_hp_loss":0.0,"gold_gain":69.0,"event_name":"Golden Wing","player_choice":"Gained Gold","floor":14.0,"gold_loss":0.0,"damage_taken":0.0},{"damage_healed":0.0,"max_hp_gain":0.0,"max_hp_loss":0.0,"gold_gain":0.0,"event_name":"Match and Keep!","player_choice":"1 cards matched","floor":20.0,"gold_loss":0.0,"damage_taken":0.0,"cards_obtained":["Endless Agony"]},{"damage_healed":0,"gold_gain":0,"player_choice":"Embrace Madness","damage_taken":10,"max_hp_gain":0,"max_hp_loss":0,"event_name":"Winding Halls","floor":36,"gold_loss":0,"cards_obtained":["Madness","Madness"]},{"damage_healed":0,"gold_gain":0,"player_choice":"Ignored","damage_taken":0,"max_hp_gain":0,"max_hp_loss":0,"event_name":"Purifier","floor":38,"gold_loss":0}],"is_beta":false,"boss_relics":[{"not_picked":["Sozu","Fusion Hammer"],"picked":"Black Star"},{"not_picked":["Runic Dome","Coffee Dripper"],"picked":"Eternal Feather"}],"items_purged_floors":[],"is_endless":false,"potions_floor_spawned":[1,3,4,13,22,29,30,31,35],"killed_by":"4 Shapes","ascension_level":0}