{"gold_per_floor":[118,118,136,136,56,84,100,129,129,140,174,191,220,235,235,313,313,288,288,47,47,70,96,116,126,151,57,57,87,87,120,120,120],"floor_reached":33,"playtime":1568,"items_purged":["Writhe"],"score":679,"play_id":"c558444b-2a41-41ce-b6b5-47baf09ef352","local_time":"20190218232155","is_ascension_mode":true,"campfire_choices":[{"floor":15,"key":"REST"},{"floor":28,"key":"REST"},{"floor":32,"key":"REST"}],"neow_cost":"NONE","seed_source_timestamp":0,"circlet_count":0,"master_deck":["AscendersBane","Survivor","Neutralize+1","Neutralize+1","Masterful Stab+1","Backstab","Well Laid Plans","Backstab","Glass Knife","Crippling Poison","Leg Sweep","Wraith Form v2","Leg Sweep","Poisoned Stab","PiercingWail","Night Terror","Prepared","Bullet Time","Venomology","Deflect","Riddle With Holes","Bullet Time","Backflip","RitualDagger","Cloak And Dagger+1","Backstab","PiercingWail+1","Impatience+1","Terror+1"],"special_seed":0,"relics":["Ring of the Snake","NeowsBlessing","Strawberry","Question Card","Vajra","Letter Opener","Odd Mushroom","Pandora\u0027s Box","Toxic Egg 2","Centennial Puzzle","Whetstone","Blue Candle","Bag of Marbles","Potion Belt","MutagenicStrength","Prayer Wheel"],"potions_floor_usage":[11,14,16,23,25],"damage_taken":[{"damage":0,"enemies":"2 Louse","floor":1,"turns":1},{"damage":0,"enemies":"Cultist","floor":3,"turns":1},{"damage":0,"enemies":"Lagavulin","floor":6,"turns":1},{"damage":0,"enemies":"Small Slimes","floor":7,"turns":2},{"damage":22,"enemies":"3 Sentries","floor":8,"turns":8},{"damage":0,"enemies":"Blue Slaver","floor":10,"turns":1},{"damage":9,"enemies":"Lagavulin","floor":11,"turns":5},{"damage":0,"enemies":"2 Fungi Beasts","floor":12,"turns":2},{"damage":10,"enemies":"The Mushroom Lair","floor":13,"turns":3},{"damage":0,"enemies":"Gremlin Gang","floor":14,"turns":4},{"damage":23,"enemies":"Slime Boss","floor":16,"turns":12},{"damage":8,"enemies":"2 Thieves","floor":18,"turns":4},{"damage":13,"enemies":"Gremlin Leader","floor":23,"turns":8},{"damage":2,"enemies":"Shell Parasite","floor":24,"turns":5},{"damage":14,"enemies":"Snake Plant","floor":25,"turns":4},{"damage":12,"enemies":"Slavers","floor":29,"turns":5},{"damage":5,"enemies":"Gremlin Leader","floor":31,"turns":2},{"damage":43,"enemies":"Champ","floor":33,"turns":9}],"seed_played":"-4777050228054317015","potions_obtained":[{"floor":7,"key":"Strength Potion"},{"floor":8,"key":"SpeedPotion"},{"floor":11,"key":"LiquidBronze"},{"floor":12,"key":"SteroidPotion"},{"floor":13,"key":"GhostInAJar"},{"floor":23,"key":"Ancient Potion"}],"is_trial":false,"path_per_floor":["M","?","M","?","$","E","M","E","T","M","E","M","?","M","R","B",null,"M","?","$","?","T","E","M","M","T","$","R","E","?","E","R","B"],"character_chosen":"THE_SILENT","items_purchased":["Well Laid Plans","Centennial Puzzle","Impatience+1"],"campfire_rested":3,"item_purchase_floors":[5,20,27],"current_hp_per_floor":[59,59,59,39,39,46,46,24,24,24,15,15,5,5,26,3,56,48,48,48,42,42,29,27,13,13,13,34,22,22,17,38,0],"gold":120,"neow_bonus":"THREE_ENEMY_KILL","is_prod":false,"is_daily":false,"chose_seed":false,"campfire_upgraded":0,"win_rate":0,"timestamp":1550528515,"path_taken":["M","?","?","?","$","E","M","E","T","M","E","M","?","M","R","BOSS","M","?","$","?","?","E","M","?","T","?","R","E","?","E","R","BOSS"],"build_version":"2019-01-23","purchased_purges":1,"victory":false,"max_hp_per_floor":[66,66,66,66,66,73,73,73,73,73,73,73,73,73,73,73,73,73,73,73,73,73,73,73,73,73,73,73,73,73,73,73,73],"card_choices":[{"not_picked":["Prepared","Acrobatics","Dodge and Roll"],"picked":"SKIP","floor":1},{"not_picked":["Calculated Gamble","Crippling Poison"],"picked":"Backstab","floor":3},{"not_picked":["Deadly Poison","Eviscerate"],"picked":"Backstab","floor":6},{"not_picked":["Outmaneuver","Expertise"],"picked":"Glass Knife","floor":7},{"not_picked":["Dash","Dagger Throw"],"picked":"Crippling Poison","floor":8},{"not_picked":["Dagger Throw","Blade Dance","Cloak And Dagger"],"picked":"Leg Sweep","floor":10},{"not_picked":["Poisoned Stab","Underhanded Strike","Flechettes","Blade Dance"],"picked":"SKIP","floor":11},{"not_picked":["Prepared","Blade Dance","Expertise","All Out Attack"],"picked":"SKIP","floor":12},{"not_picked":["Slice","Poisoned Stab","Infinite Blades","Bane"],"picked":"SKIP","floor":14},{"not_picked":["Tools of the Trade","Grand Finale","Venomology"],"picked":"Wraith Form v2","floor":16},{"not_picked":["Dagger Throw","Dagger Spray","Flying Knee"],"picked":"Backflip","floor":18},{"not_picked":["Unload","Night Terror+1","Underhanded Strike"],"picked":"Cloak And Dagger+1","floor":23},{"not_picked":["Outmaneuver+1","Endless Agony","Bane"],"picked":"Backstab","floor":24},{"not_picked":["Well Laid Plans","Slice","Bouncing Flask+1"],"picked":"PiercingWail+1","floor":25},{"not_picked":["Quick Slash","Caltrops","Sucker Punch"],"picked":"Terror+1","floor":29},{"not_picked":["Choke","Flechettes","Dash+1","Flying Knee"],"picked":"SKIP","floor":31}],"player_experience":497720,"relics_obtained":[{"floor":6,"key":"Strawberry"},{"floor":8,"key":"Question Card"},{"floor":9,"key":"Vajra"},{"floor":11,"key":"Letter Opener"},{"floor":13,"key":"Odd Mushroom"},{"floor":22,"key":"Whetstone"},{"floor":23,"key":"Blue Candle"},{"floor":26,"key":"Bag of Marbles"},{"floor":29,"key":"Potion Belt"},{"floor":31,"key":"Prayer Wheel"}],"event_choices":[{"damage_healed":0,"gold_gain":0,"player_choice":"2 cards matched","damage_taken":0,"max_hp_gain":0,"max_hp_loss":0,"event_name":"Match and Keep!","floor":2,"gold_loss":0,"cards_obtained":["Neutralize","Masterful Stab"]},{"damage_healed":0,"gold_gain":0,"player_choice":"Entered Light","damage_taken":20,"max_hp_gain":0,"max_hp_loss":0,"event_name":"Shining Light","floor":4,"gold_loss":0,"cards_upgraded":["Masterful Stab","Strike_G"]},{"damage_healed":0,"gold_gain":0,"player_choice":"Fought Mushrooms","damage_taken":0,"max_hp_gain":0,"max_hp_loss":0,"event_name":"Mushrooms","floor":13,"gold_loss":0},{"damage_healed":0,"gold_gain":0,"player_choice":"Opened","damage_taken":0,"relics_obtained":["Toxic Egg 2"],"max_hp_gain":0,"max_hp_loss":0,"event_name":"The Mausoleum","floor":19,"gold_loss":0,"cards_obtained":["Writhe"]},{"damage_healed":0,"gold_gain":0,"player_choice":"Joined the Cult","damage_taken":6,"max_hp_gain":0,"max_hp_loss":0,"event_name":"Nest","floor":21,"gold_loss":0,"cards_obtained":["RitualDagger"]},{"damage_healed":0,"gold_gain":0,"player_choice":"Inject Mutagens","damage_taken":0,"relics_obtained":["MutagenicStrength"],"max_hp_gain":0,"max_hp_loss":0,"event_name":"Drug Dealer","floor":30,"gold_loss":0}],"is_beta":false,"boss_relics":[{"not_picked":["Empty Cage","Velvet Choker"],"picked":"Pandora\u0027s Box"}],"items_purged_floors":[20],"is_endless":false,"potions_floor_spawned":[7,8,11,12,13,23,24],"killed_by":"Champ","ascension_level":19}