{"path_per_floor":["M","M","M","M","$","E","M","?","T","M","R","M","E","M","R","B",null,"M","M","$","?","?","R","E","M","T","M","R","M","R","?","R","B",null,"M","M","M","M","M","E","R","E","T","$","R","?","T","M","R","B"],"character_chosen":"THE_SILENT","items_purchased":["Noxious Fumes","Poisoned Stab","Lantern","Juzu Bracelet","Footwork","Escape Plan","Madness","Secret Technique","Backflip"],"gold_per_floor":[313,331,346,366,24,59,73,323,323,341,341,356,384,403,403,506,506,516,529,11,39,39,39,67,82,82,98,98,118,118,118,118,216,216,230,248,259,273,285,313,313,341,341,76,76,298,298,311,311,311],"floor_reached":51,"campfire_rested":4,"playtime":7794,"current_hp_per_floor":[68,67,67,55,55,57,53,53,53,46,46,25,12,6,30,13,80,70,41,41,1,1,25,17,14,14,8,32,32,32,38,38,63,86,86,77,55,39,38,16,41,39,39,39,39,39,39,39,39,40],"items_purged":["Strike_G","Regret","Writhe"],"gold":311,"score":893,"play_id":"8db1e6bb-9cea-4e1c-b935-0047884611c7","local_time":"20180513013751","is_prod":false,"is_daily":false,"chose_seed":false,"is_ascension_mode":false,"campfire_upgraded":5,"timestamp":1526168271,"path_taken":["M","M","M","M","$","E","M","?","T","M","R","M","E","M","R","BOSS","M","M","$","?","?","R","E","M","T","M","R","M","R","?","R","BOSS","M","M","M","M","M","E","R","E","T","$","R","?","?","M","R","BOSS"],"build_version":"2018-05-10","seed_source_timestamp":0,"purchased_purges":3,"victory":true,"master_deck":["Defend_G","Defend_G","Defend_G","Defend_G","Defend_G","Strike_G","Strike_G","Strike_G","Strike_G","Survivor","Neutralize","Backflip","Bouncing Flask+1","Noxious Fumes","Poisoned Stab","Prepared","Catalyst+1","Backflip","Poisoned Stab","Catalyst","Adrenaline+1","Bane","Prepared","Bouncing Flask","Backflip","Deadly Poison","Footwork","Escape Plan","Madness+1","Deadly Poison","Deadly Poison+1","Catalyst+1","Escape Plan","Acrobatics","Adrenaline+1","Acrobatics","Deflect+1","Deflect+1","Poisoned Stab","Prepared+1","Secret Technique","Backflip","Prepared"],"max_hp_per_floor":[70,70,70,70,70,80,80,80,80,80,80,80,80,80,80,80,80,80,80,80,80,80,80,80,80,80,80,80,80,80,86,86,86,86,86,86,86,86,86,86,86,86,86,86,86,86,86,86,86,86],"relics":["Ring of the Snake","Old Coin","Lantern","Pear","Bottled Lightning","Dream Catcher","Orrery","Juzu Bracelet","Red Mask","Pantograph","Darkstone Periapt","Smiling Mask","Sozu","Bronze Scales","Snake Skull","Peace Pipe","Toolbox"],"card_choices":[{"not_picked":["Blur","Quick Slash"],"picked":"Backflip","floor":2.0},{"not_picked":["Prepared","Slice"],"picked":"Bouncing Flask","floor":3.0},{"not_picked":["Crippling Poison","Predator"],"picked":"Prepared","floor":6.0},{"not_picked":["Riddle With Holes","Escape Plan"],"picked":"Catalyst","floor":7.0},{"not_picked":["Eviscerate","Prepared"],"picked":"Backflip","floor":10.0},{"not_picked":["Outmaneuver","Dodge and Roll"],"picked":"Poisoned Stab","floor":13.0},{"not_picked":["Distraction","Unload"],"picked":"Catalyst","floor":14.0},{"not_picked":["Tools of the Trade","Glass Knife"],"picked":"Adrenaline","floor":16.0},{"not_picked":["Terror","Acrobatics"],"picked":"Bane","floor":17},{"not_picked":["Sucker Punch","Underhanded Strike"],"picked":"Prepared","floor":17},{"not_picked":["Dagger Throw","Dodge and Roll"],"picked":"Bouncing Flask","floor":17},{"not_picked":["Reflex","Quick Slash"],"picked":"Backflip","floor":17},{"not_picked":["After Image","Dagger Spray"],"picked":"Deadly Poison","floor":19},{"not_picked":["Phantasmal Killer","Flying Knee"],"picked":"Deadly Poison","floor":24},{"not_picked":["Flying Knee","Slice"],"picked":"Deadly Poison","floor":25},{"not_picked":["Die Die Die","Heel Hook"],"picked":"Catalyst","floor":27},{"not_picked":["Caltrops","Dagger Throw"],"picked":"Escape Plan","floor":28},{"not_picked":["Quick Slash","Endless Agony"],"picked":"Acrobatics","floor":29},{"not_picked":["Unload","Tactician"],"picked":"Adrenaline","floor":33},{"not_picked":["Eviscerate","Flying Knee"],"picked":"Acrobatics","floor":35},{"not_picked":["Outmaneuver","Underhanded Strike"],"picked":"Deflect","floor":37},{"not_picked":["Reflex","Caltrops"],"picked":"Deflect","floor":39},{"not_picked":["PiercingWail","Expertise"],"picked":"Poisoned Stab","floor":41},{"not_picked":["Quick Slash","Caltrops"],"picked":"Prepared","floor":42},{"not_picked":["Flechettes","Blade Dance"],"picked":"Prepared","floor":48}],"player_experience":17439,"potions_floor_usage":[24,50,50],"damage_taken":[{"damage":2.0,"enemies":"Small Slimes","floor":1.0,"turns":4.0},{"damage":1.0,"enemies":"Cultist","floor":2.0,"turns":4.0},{"damage":0.0,"enemies":"Jaw Worm","floor":3.0,"turns":5.0},{"damage":12.0,"enemies":"Exordium Wildlife","floor":4.0,"turns":6.0},{"damage":8.0,"enemies":"Lagavulin","floor":6.0,"turns":6.0},{"damage":4.0,"enemies":"Lots of Slimes","floor":7.0,"turns":5.0},{"damage":7.0,"enemies":"3 Louse","floor":10.0,"turns":6.0},{"damage":21.0,"enemies":"Gremlin Gang","floor":12.0,"turns":6.0},{"damage":13.0,"enemies":"3 Sentries","floor":13.0,"turns":7.0},{"damage":6.0,"enemies":"Red Slaver","floor":14.0,"turns":3.0},{"damage":17.0,"enemies":"Hexaghost","floor":16.0,"turns":4.0},{"damage":10,"enemies":"Spheric Guardian","floor":18,"turns":3},{"damage":29,"enemies":"2 Thieves","floor":19,"turns":4},{"damage":40,"enemies":"Masked Bandits","floor":21,"turns":8},{"damage":8,"enemies":"Book of Stabbing","floor":24,"turns":5},{"damage":3,"enemies":"Snake Plant","floor":25,"turns":4},{"damage":6,"enemies":"Cultist and Chosen","floor":27,"turns":5},{"damage":0,"enemies":"Chosen and Byrds","floor":29,"turns":4},{"damage":0,"enemies":"Automaton","floor":33,"turns":5},{"damage":0,"enemies":"Orb Walker","floor":35,"turns":1},{"damage":9,"enemies":"3 Shapes","floor":36,"turns":3},{"damage":22,"enemies":"Maw","floor":37,"turns":5},{"damage":16,"enemies":"4 Shapes","floor":38,"turns":7},{"damage":1,"enemies":"3 Darklings","floor":39,"turns":4},{"damage":22,"enemies":"2 Orb Walkers","floor":40,"turns":5},{"damage":2,"enemies":"Giant Head","floor":42,"turns":4},{"damage":0,"enemies":"Sphere and 2 Shapes","floor":48,"turns":3},{"damage":24,"enemies":"Donu and Deca","floor":50,"turns":6}],"event_choices":[{"event_name":"Golden Shrine","player_choice":"Desecrate","floor":8.0,"damage_taken":0.0},{"event_name":"Masked Bandits","player_choice":"Fought over 11 gold","floor":21,"damage_taken":0},{"event_name":"Upgrade Shrine","player_choice":"Upgraded","floor":22,"damage_taken":0},{"event_name":"The Mausoleum","player_choice":"Yes","floor":31,"damage_taken":0},{"event_name":"Tomb of Lord Red Mask","player_choice":"Wore Mask","floor":46,"damage_taken":0}],"boss_relics":[{"not_picked":["White Beast Statue","Runic Dome"],"picked":"Orrery"},{"not_picked":["Calling Bell","Philosopher\u0027s Stone"],"picked":"Sozu"}],"potions_floor_spawned":[2,4,13,14,16,18,27,33,36,38,42,48],"seed_played":"-5327020024871294469","ascension_level":0,"is_trial":false}