{"gold_per_floor":[113,127,127,145,164,164,181,181,181,194,194,225,241,206,206,309,309,324,324,239,33,53,53,53],"floor_reached":24,"playtime":938,"items_purged":["Writhe"],"score":248,"play_id":"071c6850-5a93-4404-b8fd-c4c35154a094","local_time":"20181028010708","is_ascension_mode":true,"campfire_choices":[{"data":"Zap","floor":6,"key":"SMITH"},{"data":"Redo","floor":8,"key":"SMITH"},{"data":"Go for the Eyes","floor":11,"key":"SMITH"},{"data":"Sunder","floor":15,"key":"SMITH"},{"floor":23,"key":"REST"}],"neow_cost":"NONE","seed_source_timestamp":1910910832759697,"circlet_count":0,"master_deck":["Strike_B","Strike_B","Defend_B","Defend_B","Defend_B","Zap+1","Dualcast","BootSequence","Go for the Eyes+1","Blizzard","Echo Form","Redo+1","Undo","Sunder+1","Reboot","Meteor Strike+1","Loop+1","Self Repair+1","Defragment+1","FTL","Leap"],"relics":["Cracked Core","Art of War","Bag of Preparation","Astrolabe","Gremlin Horn","Ornamental Fan"],"potions_floor_usage":[16,24,24,24],"damage_taken":[{"damage":2,"enemies":"Jaw Worm","floor":1,"turns":3},{"damage":1,"enemies":"2 Louse","floor":2,"turns":3},{"damage":1,"enemies":"Cultist","floor":4,"turns":3},{"damage":0,"enemies":"2 Fungi Beasts","floor":5,"turns":3},{"damage":5,"enemies":"3 Louse","floor":7,"turns":3},{"damage":9,"enemies":"Exordium Thugs","floor":10,"turns":4},{"damage":17,"enemies":"3 Sentries","floor":12,"turns":7},{"damage":0,"enemies":"2 Fungi Beasts","floor":13,"turns":3},{"damage":27,"enemies":"The Guardian","floor":16,"turns":8},{"damage":28,"enemies":"Spheric Guardian","floor":18,"turns":5},{"damage":17,"enemies":"3 Byrds","floor":22,"turns":5},{"damage":71,"enemies":"Slavers","floor":24,"turns":5}],"seed_played":"398688145539447326","potions_obtained":[{"floor":2,"key":"Weak Potion"},{"floor":4,"key":"Dexterity Potion"},{"floor":12,"key":"LiquidBronze"},{"floor":18,"key":"SkillPotion"}],"is_trial":false,"path_per_floor":["M","M","?","M","M","R","M","R","T","M","R","E","M","?","R","B",null,"M","?","?","$","M","R"],"character_chosen":"DEFECT","items_purchased":["FTL","Leap"],"campfire_rested":1,"item_purchase_floors":[21,21],"current_hp_per_floor":[80,79,79,78,78,78,73,73,73,64,64,47,47,67,67,40,72,54,54,54,54,37,61,0],"gold":53,"neow_bonus":"TEN_PERCENT_HP_BONUS","is_prod":false,"is_daily":false,"chose_seed":false,"campfire_upgraded":4,"win_rate":0,"timestamp":1540656428,"path_taken":["M","M","?","M","M","R","M","R","T","M","R","E","M","?","R","BOSS","M","?","?","?","M","R","E"],"build_version":"2018-10-25v2","purchased_purges":1,"victory":false,"max_hp_per_floor":[82,82,82,82,82,82,82,82,82,82,82,82,82,82,82,82,82,82,82,82,82,82,82,82],"card_choices":[{"not_picked":["Steam","Hologram"],"picked":"BootSequence","floor":1},{"not_picked":["Stack","Genetic Algorithm"],"picked":"Go for the Eyes","floor":2},{"not_picked":["Loop","Hologram"],"picked":"Blizzard","floor":4},{"not_picked":["Conserve Battery","Gash"],"picked":"Echo Form","floor":5},{"not_picked":["Stack","Fusion"],"picked":"Redo","floor":7},{"not_picked":["Hello World","Skim"],"picked":"Undo","floor":10},{"not_picked":["Lockon","Beam Cell","Fusion"],"picked":"SKIP","floor":12},{"not_picked":["Rip and Tear","Reinforced Body"],"picked":"Sunder","floor":13},{"not_picked":["Thunder Strike","Amplify"],"picked":"Reboot","floor":16},{"not_picked":["Barrage+1","Streamline+1"],"picked":"Defragment+1","floor":18},{"not_picked":["Gash+1","Lockon","Compile Driver"],"picked":"SKIP","floor":22}],"player_experience":267901,"relics_obtained":[{"floor":9,"key":"Art of War"},{"floor":12,"key":"Bag of Preparation"}],"event_choices":[{"damage_healed":0,"gold_gain":0,"cards_transformed":["Strike_B"],"player_choice":"Change","damage_taken":0,"max_hp_gain":0,"max_hp_loss":0,"event_name":"Living Wall","floor":3,"gold_loss":0,"cards_obtained":["Beam Cell"]},{"damage_healed":20,"gold_gain":0,"player_choice":"Healed","damage_taken":0,"max_hp_gain":0,"max_hp_loss":0,"event_name":"The Cleric","floor":14,"gold_loss":35},{"damage_healed":0,"gold_gain":0,"player_choice":"Opened","damage_taken":0,"relics_obtained":["Gremlin Horn"],"max_hp_gain":0,"max_hp_loss":0,"event_name":"The Mausoleum","floor":19,"gold_loss":0,"cards_obtained":["Writhe"]},{"damage_healed":0,"gold_gain":0,"player_choice":"Obtained Relic","damage_taken":0,"relics_obtained":["Ornamental Fan"],"max_hp_gain":0,"max_hp_loss":0,"event_name":"Addict","floor":20,"gold_loss":85}],"is_beta":false,"boss_relics":[{"not_picked":["Black Star","Busted Crown"],"picked":"Astrolabe"}],"items_purged_floors":[21],"is_endless":false,"potions_floor_spawned":[2,4,12,13,18],"killed_by":"Slavers","ascension_level":5}