{"gold_per_floor":[116,291,291,291,316,316,359,374,374,50,50,50,94,107,107,230,230,243,102,123,146,146,146,66,66,66,66,90,90,130,153,153,153],"floor_reached":33,"playtime":1851,"items_purged":["Doubt","Injury"],"score":352,"play_id":"865d5892-5824-424f-bf61-6ee12a5abef2","local_time":"20181028232031","is_ascension_mode":true,"campfire_choices":[{"data":"Reinforced Body","floor":6,"key":"SMITH"},{"floor":11,"key":"REST"},{"floor":15,"key":"REST"},{"floor":23,"key":"REST"},{"data":"Sunder","floor":25,"key":"SMITH"},{"floor":32,"key":"REST"}],"neow_cost":"NONE","seed_source_timestamp":1990003274652678,"circlet_count":0,"master_deck":["Strike_B","Strike_B+1","Strike_B","Strike_B","Defend_B+1","Defend_B","Defend_B","Defend_B","Zap+1","Dualcast","Reinforced Body+1","Redo","Cold Snap","Defragment","Sunder+1","Recycle","Seek","Scrape","Doubt","Glacier","Doom and Gloom","Undo"],"relics":["Cracked Core","Golden Idol","Anchor","Bag of Marbles","Thread and Needle","Incense Burner","The Courier","Snecko Eye","Regal Pillow","Ice Cream"],"potions_floor_usage":[13,21,30,33,33],"damage_taken":[{"damage":2,"enemies":"2 Louse","floor":1,"turns":3},{"damage":41,"enemies":"Gremlin Nob","floor":7,"turns":5},{"damage":0,"enemies":"Jaw Worm","floor":8,"turns":2},{"damage":9,"enemies":"3 Sentries","floor":13,"turns":10},{"damage":0,"enemies":"Small Slimes","floor":14,"turns":3},{"damage":29,"enemies":"Slime Boss","floor":16,"turns":13},{"damage":5,"enemies":"Shell Parasite","floor":18,"turns":7},{"damage":11,"enemies":"Chosen","floor":20,"turns":5},{"damage":9,"enemies":"Centurion and Healer","floor":21,"turns":11},{"damage":0,"enemies":"Colosseum Slavers","floor":22,"turns":3},{"damage":0,"enemies":"3 Cultists","floor":28,"turns":5},{"damage":50,"enemies":"Book of Stabbing","floor":30,"turns":8},{"damage":0,"enemies":"Snecko","floor":31,"turns":3},{"damage":55,"enemies":"Champ","floor":33,"turns":17}],"seed_played":"-3136653974355498496","potions_obtained":[{"floor":7,"key":"Swift Potion"},{"floor":13,"key":"EssenceOfSteel"},{"floor":18,"key":"FearPotion"},{"floor":21,"key":"SteroidPotion"},{"floor":29,"key":"Energy Potion"},{"floor":29,"key":"Poison Potion"}],"is_trial":false,"path_per_floor":["M","?","?","?","T","R","E","M","T","$","R","$","E","M","R","B",null,"M","$","M","M","?","R","$","R","T","?","M","?","E","M","R"],"character_chosen":"DEFECT","items_purchased":["Incense Burner","Defragment","Fruit Juice"],"campfire_rested":4,"item_purchase_floors":[10,10,19],"current_hp_per_floor":[66,66,66,51,51,51,10,10,10,10,32,32,23,23,45,16,60,55,55,44,40,40,64,64,64,64,64,64,64,14,14,53,0],"gold":153,"neow_bonus":"UPGRADE_CARD","is_prod":false,"is_daily":false,"chose_seed":false,"campfire_upgraded":2,"win_rate":0,"timestamp":1540736431,"path_taken":["M","?","?","?","?","R","E","M","T","?","R","$","E","?","R","BOSS","M","$","?","?","?","R","$","R","T","?","?","?","E","M","R","BOSS"],"build_version":"2018-10-25v2","purchased_purges":2,"victory":false,"max_hp_per_floor":[75,75,75,75,75,75,75,75,75,75,75,75,75,75,75,75,75,75,75,75,80,80,80,80,80,80,80,80,80,80,80,80,80],"card_choices":[{"not_picked":["Steam","Reinforced Body","Chill"],"picked":"SKIP","floor":1},{"not_picked":["Steam","Chill"],"picked":"Reinforced Body","floor":1},{"not_picked":["Streamline","Doom and Gloom"],"picked":"Redo","floor":7},{"not_picked":["Reinforced Body","Leap"],"picked":"Cold Snap","floor":8},{"not_picked":["Redo","Blizzard"],"picked":"Sunder","floor":13},{"not_picked":["Hello World","Sweeping Beam"],"picked":"Recycle","floor":14},{"not_picked":["Buffer","Multi-Cast"],"picked":"Seek","floor":16},{"not_picked":["Stack","Gash","Go for the Eyes"],"picked":"SKIP","floor":18},{"not_picked":["Beam Cell","Reprogram","Go for the Eyes"],"picked":"SKIP","floor":20},{"not_picked":["Compile Driver+1","Barrage+1"],"picked":"Scrape","floor":21},{"not_picked":["Barrage","Ball Lightning"],"picked":"Glacier","floor":28},{"not_picked":["Recycle","Glacier"],"picked":"Doom and Gloom","floor":30},{"not_picked":["Sweeping Beam","Go for the Eyes"],"picked":"Undo","floor":31}],"player_experience":282142,"relics_obtained":[{"floor":5,"key":"Anchor"},{"floor":7,"key":"Bag of Marbles"},{"floor":9,"key":"Thread and Needle"},{"floor":13,"key":"The Courier"},{"floor":26,"key":"Regal Pillow"},{"floor":30,"key":"Ice Cream"}],"event_choices":[{"damage_healed":0,"gold_gain":175,"player_choice":"AGREE","damage_taken":0,"max_hp_gain":0,"max_hp_loss":0,"event_name":"Liars Game","floor":2,"gold_loss":0,"cards_obtained":["Doubt"]},{"damage_healed":0,"gold_gain":0,"player_choice":"Take Wound","damage_taken":0,"relics_obtained":["Golden Idol"],"max_hp_gain":0,"max_hp_loss":0,"event_name":"Golden Idol","floor":3,"gold_loss":0,"cards_obtained":["Injury"]},{"damage_healed":0,"gold_gain":0,"player_choice":"Entered Light","damage_taken":15,"max_hp_gain":0,"max_hp_loss":0,"event_name":"Shining Light","floor":4,"gold_loss":0,"cards_upgraded":["Defend_B","Strike_B"]},{"damage_healed":0,"gold_gain":0,"player_choice":"Fight","damage_taken":0,"max_hp_gain":0,"max_hp_loss":0,"event_name":"Colosseum","floor":22,"gold_loss":0},{"damage_healed":0,"gold_gain":0,"player_choice":"Fled From Nobs","damage_taken":0,"max_hp_gain":0,"max_hp_loss":0,"event_name":"Colosseum","floor":22,"gold_loss":0},{"damage_healed":0,"gold_gain":0,"player_choice":"1 cards matched","damage_taken":0,"max_hp_gain":0,"max_hp_loss":0,"event_name":"Match and Keep!","floor":27,"gold_loss":0,"cards_obtained":["Doubt"]},{"damage_healed":0,"gold_gain":0,"player_choice":"Got Potions","damage_taken":0,"max_hp_gain":0,"max_hp_loss":0,"event_name":"The Lab","floor":29,"gold_loss":0}],"is_beta":false,"boss_relics":[{"not_picked":["Busted Crown","Black Star"],"picked":"Snecko Eye"}],"items_purged_floors":[19,24],"is_endless":false,"potions_floor_spawned":[7,13,18,21],"killed_by":"Champ","ascension_level":6}