{"gold_per_floor":[364,439,453,24,40,68,68,93,93,120,135,135,162,162,162,241,241,255,286,201,301,301,328,328,78,132,163,0,0,18,51,51,124,124,140,362,462,562,562,562,594,594,669,698,449,449,483,483,483],"floor_reached":50,"playtime":1701,"items_purged":["Decay","Defend_R","Defend_R"],"score":1687,"play_id":"3fdd8c22-a662-4860-975a-bb6266f1a7a0","local_time":"20190130125147","is_ascension_mode":true,"campfire_choices":[{"data":"Rage","floor":7,"key":"SMITH"},{"data":"Havoc","floor":15,"key":"SMITH"},{"data":"Heavy Blade","floor":24,"key":"SMITH"},{"data":"Offering","floor":29,"key":"SMITH"},{"data":"Bash","floor":32,"key":"SMITH"},{"data":"Havoc","floor":40,"key":"SMITH"},{"data":"Corruption","floor":42,"key":"SMITH"},{"data":"Offering","floor":46,"key":"SMITH"}],"neow_cost":"CURSE","seed_source_timestamp":0,"circlet_count":0,"master_deck":["AscendersBane","Strike_R","Strike_R+1","Strike_R","Strike_R","Strike_R","Defend_R","Defend_R","Bash+1","Spot Weakness","Anger","Rage+1","Havoc+1","Twin Strike","Heavy Blade+1","Cleave","Twin Strike+1","Immolate","Reaper","True Grit+1","Thunderclap","Offering+1","Feed","Havoc+1","Offering+1","Anger","Corruption+1","Pummel","Havoc+1","Heavy Blade","Clash+1","Havoc+1"],"special_seed":0,"relics":["Burning Blood","Juzu Bracelet","Brimstone","Pear","Pantograph","Bottled Lightning","Oddly Smooth Stone","Omamori","Coffee Dripper","Red Mask","Centennial Puzzle","Magic Flower","Shuriken","PreservedInsect","Anchor","Orichalcum","Red Skull","Sundial","Vajra","Orrery","FossilizedHelix","Potion Belt","Toxic Egg 2","Gremlin Horn","Whetstone"],"potions_floor_usage":[6,49,49,49,49],"damage_taken":[{"damage":7,"enemies":"Cultist","floor":1,"turns":4},{"damage":13,"enemies":"Jaw Worm","floor":3,"turns":4},{"damage":0,"enemies":"Small Slimes","floor":5,"turns":2},{"damage":24,"enemies":"Lagavulin","floor":6,"turns":5},{"damage":15,"enemies":"3 Sentries","floor":8,"turns":5},{"damage":14,"enemies":"Lagavulin","floor":10,"turns":5},{"damage":3,"enemies":"3 Louse","floor":11,"turns":4},{"damage":12,"enemies":"Gremlin Nob","floor":13,"turns":3},{"damage":26,"enemies":"The Guardian","floor":16,"turns":6},{"damage":7,"enemies":"Spheric Guardian","floor":18,"turns":3},{"damage":0,"enemies":"Masked Bandits","floor":19,"turns":2},{"damage":1,"enemies":"Colosseum Slavers","floor":21,"turns":2},{"damage":19,"enemies":"Colosseum Nobs","floor":21,"turns":3},{"damage":17,"enemies":"Slavers","floor":23,"turns":3},{"damage":0,"enemies":"Gremlin Leader","floor":27,"turns":3},{"damage":0,"enemies":"2 Thieves","floor":30,"turns":2},{"damage":6,"enemies":"Book of Stabbing","floor":31,"turns":2},{"damage":41,"enemies":"Champ","floor":33,"turns":6},{"damage":23,"enemies":"3 Shapes","floor":35,"turns":3},{"damage":24,"enemies":"Mind Bloom Boss Battle","floor":38,"turns":3},{"damage":6,"enemies":"Nemesis","floor":41,"turns":3},{"damage":6,"enemies":"Reptomancer","floor":44,"turns":3},{"damage":0,"enemies":"Giant Head","floor":47,"turns":4},{"damage":33,"enemies":"Donu and Deca","floor":49,"turns":5}],"seed_played":"-4728535412611575558","potions_obtained":[{"floor":3,"key":"Energy Potion"},{"floor":5,"key":"SpeedPotion"},{"floor":10,"key":"Ancient Potion"},{"floor":19,"key":"GamblersBrew"},{"floor":23,"key":"Strength Potion"},{"floor":35,"key":"AttackPotion"},{"floor":41,"key":"LiquidBronze"}],"is_trial":false,"path_per_floor":["M","?","M","$","M","E","R","E","T","E","M","?","E","?","R","B",null,"M","?","?","?","?","E","R","$","T","E","$","R","M","E","R","B",null,"M","?","?","?","?","R","E","R","T","E","$","R","E","?","B",null],"character_chosen":"IRONCLAD","items_purchased":["Juzu Bracelet","Brimstone","Orichalcum","Offering","PowerPotion","Ancient Potion"],"campfire_rested":0,"item_purchase_floors":[4,4,25,28,45,45],"current_hp_per_floor":[67,56,49,49,55,47,47,38,38,30,33,33,27,27,27,32,72,81,85,85,72,72,85,85,85,85,85,85,85,85,85,85,85,85,76,76,76,85,81,81,81,81,81,84,84,84,84,84,84],"gold":483,"neow_bonus":"TWO_FIFTY_GOLD","is_prod":false,"is_daily":false,"chose_seed":false,"campfire_upgraded":8,"win_rate":0,"timestamp":1548849107,"path_taken":["M","?","M","$","M","E","R","E","T","E","M","?","E","?","R","BOSS","M","?","?","?","?","E","R","$","T","E","?","R","M","E","R","BOSS","M","?","?","?","?","R","E","R","T","E","$","R","E","?","BOSS"],"build_version":"2019-01-23","purchased_purges":3,"victory":true,"max_hp_per_floor":[75,75,75,75,75,85,85,85,85,85,85,85,85,85,85,85,85,85,85,85,85,85,85,85,85,85,85,85,85,85,85,85,85,85,85,85,85,85,81,81,81,81,81,84,84,84,84,84,84],"card_choices":[{"not_picked":["Rage","Anger"],"picked":"Spot Weakness","floor":1},{"not_picked":["Searing Blow","Sword Boomerang","Havoc"],"picked":"SKIP","floor":3},{"not_picked":["Body Slam","Clash"],"picked":"Anger","floor":5},{"not_picked":["Clothesline","Flex"],"picked":"Rage","floor":6},{"not_picked":["Clothesline","Bludgeon"],"picked":"Havoc","floor":8},{"not_picked":["Flex","Armaments"],"picked":"Twin Strike","floor":10},{"not_picked":["Searing Blow","Clothesline"],"picked":"Heavy Blade","floor":11},{"not_picked":["Feel No Pain","Fire Breathing"],"picked":"Cleave","floor":13},{"not_picked":["Juggernaut","Demon Form"],"picked":"Reaper","floor":16},{"not_picked":["Intimidate+1","Shrug It Off"],"picked":"True Grit+1","floor":18},{"not_picked":["Perfected Strike","Inflame"],"picked":"Thunderclap","floor":19},{"not_picked":["Cleave","Rampage","Burning Pact"],"picked":"SKIP","floor":23},{"not_picked":["Wild Strike","Shockwave","Thunderclap"],"picked":"SKIP","floor":27},{"not_picked":["Wild Strike","Body Slam"],"picked":"Feed","floor":30},{"not_picked":["Flex","Barricade"],"picked":"Havoc+1","floor":31},{"not_picked":["Reaper","Immolate"],"picked":"Offering","floor":33},{"not_picked":["Sword Boomerang","Feel No Pain"],"picked":"Anger","floor":34},{"not_picked":["Sword Boomerang+1","Spot Weakness"],"picked":"Corruption","floor":34},{"not_picked":["Power Through","Fire Breathing"],"picked":"Pummel","floor":34},{"not_picked":["Sword Boomerang+1","Iron Wave+1"],"picked":"Havoc","floor":35},{"not_picked":["Rampage","Sentinel"],"picked":"Heavy Blade","floor":38},{"not_picked":["Juggernaut","Flex+1"],"picked":"Clash+1","floor":41},{"not_picked":["Body Slam","Ghostly Armor+1"],"picked":"Havoc+1","floor":44},{"not_picked":["Blood for Blood+1","Impervious+1","Second Wind+1"],"picked":"SKIP","floor":47}],"player_experience":274621,"relics_obtained":[{"floor":6,"key":"Pear"},{"floor":8,"key":"Pantograph"},{"floor":9,"key":"Bottled Lightning"},{"floor":10,"key":"Oddly Smooth Stone"},{"floor":13,"key":"Omamori"},{"floor":19,"key":"Red Mask"},{"floor":21,"key":"Magic Flower"},{"floor":21,"key":"Shuriken"},{"floor":23,"key":"Anchor"},{"floor":26,"key":"Red Skull"},{"floor":27,"key":"Sundial"},{"floor":31,"key":"Vajra"},{"floor":38,"key":"FossilizedHelix"},{"floor":41,"key":"Potion Belt"},{"floor":43,"key":"Toxic Egg 2"},{"floor":44,"key":"Gremlin Horn"},{"floor":47,"key":"Whetstone"}],"event_choices":[{"damage_healed":0,"gold_gain":75,"player_choice":"Gather Gold","damage_taken":11,"max_hp_gain":0,"max_hp_loss":0,"event_name":"World of Goop","floor":2,"gold_loss":0},{"damage_healed":0,"gold_gain":0,"player_choice":"Ignored","damage_taken":0,"max_hp_gain":0,"max_hp_loss":0,"event_name":"Liars Game","floor":12,"gold_loss":0},{"damage_healed":0,"gold_gain":0,"player_choice":"2 cards matched","damage_taken":0,"max_hp_gain":0,"max_hp_loss":0,"event_name":"Match and Keep!","floor":14,"gold_loss":0,"cards_obtained":["Twin Strike","Immolate"]},{"damage_healed":0,"gold_gain":0,"player_choice":"Fought Bandits","damage_taken":0,"max_hp_gain":0,"max_hp_loss":0,"event_name":"Masked Bandits","floor":19,"gold_loss":0},{"damage_healed":0,"gold_gain":0,"player_choice":"Obtained Relic","damage_taken":0,"relics_obtained":["Centennial Puzzle"],"max_hp_gain":0,"max_hp_loss":0,"event_name":"Addict","floor":20,"gold_loss":85},{"damage_healed":0,"gold_gain":0,"player_choice":"Fight","damage_taken":0,"max_hp_gain":0,"max_hp_loss":0,"event_name":"Colosseum","floor":21,"gold_loss":0},{"damage_healed":0,"gold_gain":0,"player_choice":"Fought Nobs","damage_taken":0,"max_hp_gain":0,"max_hp_loss":0,"event_name":"Colosseum","floor":21,"gold_loss":0},{"damage_healed":0,"gold_gain":0,"player_choice":"Opened","damage_taken":0,"relics_obtained":["PreservedInsect"],"max_hp_gain":0,"max_hp_loss":0,"event_name":"The Mausoleum","floor":22,"gold_loss":0,"cards_obtained":["Writhe"]},{"damage_healed":0,"gold_gain":222,"player_choice":"Wore Mask","damage_taken":0,"max_hp_gain":0,"max_hp_loss":0,"event_name":"Tomb of Lord Red Mask","floor":36,"gold_loss":0},{"damage_healed":0,"gold_gain":100,"player_choice":"Pray","damage_taken":0,"max_hp_gain":0,"max_hp_loss":0,"event_name":"Golden Shrine","floor":37,"gold_loss":0},{"damage_healed":0,"gold_gain":0,"player_choice":"Fight","damage_taken":0,"max_hp_gain":0,"max_hp_loss":0,"event_name":"MindBloom","floor":38,"gold_loss":0},{"damage_healed":0,"gold_gain":0,"player_choice":"Max HP","damage_taken":0,"max_hp_gain":0,"max_hp_loss":4,"event_name":"Winding Halls","floor":39,"gold_loss":0},{"damage_healed":0,"gold_gain":0,"player_choice":"Took Portal","damage_taken":0,"max_hp_gain":0,"max_hp_loss":0,"event_name":"SecretPortal","floor":48,"gold_loss":0}],"is_beta":false,"boss_relics":[{"not_picked":["Cursed Key","Tiny House"],"picked":"Coffee Dripper"},{"not_picked":["Runic Dome","Velvet Choker"],"picked":"Orrery"}],"items_purged_floors":[4,25,45],"is_endless":false,"potions_floor_spawned":[3,5,10,11,19,23,33,35,41],"ascension_level":14}