{"gold_per_floor":[110,123,137,151,165,196,196,209,258,258,258,269,269,280,280,359,359,319,339,18,0,0,0,0,0,0,0,12,62,62,80,80,80],"floor_reached":33,"playtime":9322,"items_purged":[],"score":464,"play_id":"5180ff14-61a6-43c7-b6f8-5ae98b35d338","local_time":"20190210054544","is_ascension_mode":true,"campfire_choices":[{"floor":11,"key":"REST"},{"floor":13,"key":"REST"},{"data":"Fission","floor":15,"key":"SMITH"},{"data":"Go for the Eyes","floor":23,"key":"SMITH"},{"floor":27,"key":"REST"},{"data":"Blizzard","floor":32,"key":"SMITH"}],"neow_cost":"NONE","seed_source_timestamp":2055089882413313,"circlet_count":0,"master_deck":["AscendersBane","Strike_B","Strike_B","Strike_B","Strike_B","Defend_B","Defend_B","Defend_B","Defend_B","Zap","Dualcast","Blizzard+1","Cold Snap","Compile Driver","Auto Shields","Conserve Battery","Fission+1","Cold Snap","Go for the Eyes+1","Machine Learning","Coolheaded+1","Conserve Battery","Echo Form","Writhe"],"relics":["Cracked Core","NeowsBlessing","Mercury Hourglass","Orichalcum","Eternal Feather","DataDisk","Kunai","Enchiridion","Blood Vial"],"potions_floor_usage":[6,14,18,30,33,33],"damage_taken":[{"damage":0,"enemies":"Cultist","floor":1,"turns":1},{"damage":0,"enemies":"Jaw Worm","floor":2,"turns":1},{"damage":0,"enemies":"2 Louse","floor":3,"turns":1},{"damage":4,"enemies":"2 Fungi Beasts","floor":4,"turns":3},{"damage":9,"enemies":"3 Louse","floor":5,"turns":4},{"damage":14,"enemies":"3 Sentries","floor":6,"turns":7},{"damage":23,"enemies":"Exordium Wildlife","floor":8,"turns":4},{"damage":0,"enemies":"Lots of Slimes","floor":12,"turns":3},{"damage":0,"enemies":"Gremlin Gang","floor":14,"turns":4},{"damage":21,"enemies":"The Guardian","floor":16,"turns":15},{"damage":12,"enemies":"2 Thieves","floor":18,"turns":5},{"damage":9,"enemies":"Chosen","floor":19,"turns":5},{"damage":4,"enemies":"Snecko","floor":28,"turns":6},{"damage":0,"enemies":"Centurion and Healer","floor":30,"turns":2},{"damage":1,"enemies":"Snake Plant","floor":31,"turns":8},{"damage":74,"enemies":"Automaton","floor":33,"turns":12}],"seed_played":"-5689400250005717759","potions_obtained":[{"floor":2,"key":"Explosive Potion"},{"floor":5,"key":"SpeedPotion"},{"floor":6,"key":"SmokeBomb"},{"floor":12,"key":"SkillPotion"},{"floor":16,"key":"SkillPotion"},{"floor":19,"key":"Swift Potion"},{"floor":31,"key":"SpeedPotion"}],"is_trial":false,"path_per_floor":["M","M","M","M","M","E","?","M","T","?","R","M","R","M","R","B",null,"M","M","$","?","?","R","?","$","T","R","M","?","M","M","R","B"],"character_chosen":"DEFECT","items_purchased":["DataDisk","Echo Form"],"campfire_rested":3,"item_purchase_floors":[20,20],"current_hp_per_floor":[64,64,64,60,51,37,37,14,14,14,35,35,56,56,56,35,62,50,41,41,41,41,53,32,32,32,65,63,63,65,66,71,0],"gold":80,"neow_bonus":"THREE_ENEMY_KILL","is_prod":false,"is_daily":false,"chose_seed":false,"campfire_upgraded":3,"win_rate":0,"timestamp":1549745144,"path_taken":["M","?","M","M","M","E","?","?","T","?","R","M","R","M","R","BOSS","M","M","$","?","?","R","?","$","T","R","M","?","M","M","R","BOSS"],"build_version":"2019-01-23","purchased_purges":0,"victory":false,"max_hp_per_floor":[71,71,71,71,71,71,71,71,71,71,71,71,71,71,71,71,71,71,71,71,71,71,71,71,71,71,71,71,71,71,71,71,71],"card_choices":[{"not_picked":["Coolheaded","Auto Shields"],"picked":"Blizzard","floor":1},{"not_picked":["Rip and Tear","Melter"],"picked":"Cold Snap","floor":2},{"not_picked":["Turbo","Rebound"],"picked":"Compile Driver","floor":3},{"not_picked":["Streamline","Conserve Battery"],"picked":"Auto Shields","floor":4},{"not_picked":["Double Energy","Rip and Tear"],"picked":"Conserve Battery","floor":5},{"not_picked":["Storm","Blizzard","Consume"],"picked":"SKIP","floor":6},{"not_picked":["Sweeping Beam","Reprogram"],"picked":"Fission","floor":8},{"not_picked":["Darkness","Reprogram"],"picked":"Cold Snap","floor":12},{"not_picked":["Ball Lightning","Barrage"],"picked":"Go for the Eyes","floor":14},{"not_picked":["Hyperbeam","Reboot"],"picked":"Machine Learning","floor":16},{"not_picked":["Auto Shields","Go for the Eyes"],"picked":"Coolheaded+1","floor":18},{"not_picked":["Go for the Eyes","Gash"],"picked":"Conserve Battery","floor":19},{"not_picked":["Steam","Multi-Cast","Loop"],"picked":"SKIP","floor":28},{"not_picked":["Hello World+1","Storm","Chaos"],"picked":"SKIP","floor":31}],"player_experience":611532,"relics_obtained":[{"floor":6,"key":"Mercury Hourglass"},{"floor":9,"key":"Orichalcum"},{"floor":24,"key":"Enchiridion"},{"floor":26,"key":"Blood Vial"}],"event_choices":[{"damage_healed":0,"gold_gain":0,"player_choice":"Got Potions","damage_taken":0,"max_hp_gain":0,"max_hp_loss":0,"event_name":"Lab","floor":7,"gold_loss":0},{"damage_healed":0,"gold_gain":0,"player_choice":"Ignored","damage_taken":0,"max_hp_gain":0,"max_hp_loss":0,"event_name":"Liars Game","floor":10,"gold_loss":0},{"damage_healed":0,"gold_gain":0,"player_choice":"Paid Fearfully","damage_taken":0,"max_hp_gain":0,"max_hp_loss":0,"event_name":"Masked Bandits","floor":21,"gold_loss":18},{"damage_healed":0,"gold_gain":0,"player_choice":"Opened","damage_taken":0,"relics_obtained":["Kunai"],"max_hp_gain":0,"max_hp_loss":0,"event_name":"The Mausoleum","floor":22,"gold_loss":0,"cards_obtained":["Writhe"]},{"damage_healed":0,"gold_gain":0,"player_choice":"Obtained Book","damage_taken":21,"max_hp_gain":0,"max_hp_loss":0,"event_name":"Cursed Tome","floor":24,"gold_loss":0},{"damage_healed":0,"gold_gain":50,"player_choice":"Stole From Cult","damage_taken":0,"max_hp_gain":0,"max_hp_loss":0,"event_name":"Nest","floor":29,"gold_loss":0}],"is_beta":false,"boss_relics":[{"not_picked":["Lizard Tail","Runic Dome"],"picked":"Eternal Feather"}],"items_purged_floors":[],"is_endless":false,"potions_floor_spawned":[2,5,6,12,16,19,31],"killed_by":"Automaton","ascension_level":17}