{"gold_per_floor":[366,366,16,16,31,62,62,95,174,234,234,252,303,318,318,392,392,405,418,434,434,450,450],"floor_reached":23,"playtime":978,"items_purged":["Regret"],"score":380,"play_id":"ba08c4ec-63be-4ed5-938c-270a47f69171","local_time":"20190130195948","is_ascension_mode":true,"campfire_choices":[{"data":"Hemokinesis","floor":7,"key":"SMITH"},{"data":"Bash","floor":11,"key":"SMITH"},{"floor":15,"key":"REST"}],"neow_cost":"TEN_PERCENT_HP_LOSS","seed_source_timestamp":180674371527300,"circlet_count":0,"master_deck":["AscendersBane","Strike_R","Strike_R","Strike_R","Strike_R","Strike_R","Defend_R","Defend_R","Defend_R","Defend_R","Bash+1","Hemokinesis+1","Ghostly Armor","Seeing Red","Headbutt","Armaments","Immolate","Rampage","Body Slam"],"relics":["Burning Blood","Blood Vial","Chemical X","Matryoshka","The Courier","Smiling Mask","Oddly Smooth Stone","Self Forming Clay","Tiny Chest","Pen Nib","Ancient Tea Set","Runic Pyramid","Gremlin Horn"],"potions_floor_usage":[6,6,16,20,23,23],"damage_taken":[{"damage":8,"enemies":"Jaw Worm","floor":1,"turns":6},{"damage":1,"enemies":"Cultist","floor":5,"turns":3},{"damage":11,"enemies":"3 Sentries","floor":6,"turns":7},{"damage":29,"enemies":"Lagavulin","floor":8,"turns":7},{"damage":18,"enemies":"Gremlin Nob","floor":10,"turns":3},{"damage":3,"enemies":"2 Louse","floor":12,"turns":2},{"damage":16,"enemies":"Exordium Thugs","floor":14,"turns":6},{"damage":36,"enemies":"Hexaghost","floor":16,"turns":9},{"damage":13,"enemies":"Spheric Guardian","floor":18,"turns":5},{"damage":18,"enemies":"Shell Parasite","floor":19,"turns":5},{"damage":25,"enemies":"Cultist and Chosen","floor":20,"turns":5},{"damage":23,"enemies":"Snake Plant","floor":22,"turns":3},{"damage":10,"enemies":"Book of Stabbing","floor":23,"turns":4}],"seed_played":"-262574376140594004","potions_obtained":[{"floor":1,"key":"Explosive Potion"},{"floor":8,"key":"LiquidBronze"},{"floor":10,"key":"Swift Potion"},{"floor":18,"key":"SkillPotion"},{"floor":20,"key":"PowerPotion"}],"is_trial":false,"path_per_floor":["M","?","$","?","M","E","R","E","T","E","R","M","T","M","R","B",null,"M","M","M","T","M","E"],"character_chosen":"IRONCLAD","items_purchased":["Chemical X","Explosive Potion"],"campfire_rested":1,"item_purchase_floors":[3,3],"current_hp_per_floor":[66,66,66,55,62,59,59,38,38,28,28,33,33,25,45,17,55,50,40,23,23,8,0],"gold":450,"neow_bonus":"TWO_FIFTY_GOLD","is_prod":false,"is_daily":false,"chose_seed":false,"campfire_upgraded":2,"win_rate":0,"timestamp":1548874788,"path_taken":["M","?","$","?","M","E","R","E","T","E","R","M","?","M","R","BOSS","M","M","M","?","M","E"],"build_version":"2019-01-23","purchased_purges":1,"victory":false,"max_hp_per_floor":[68,68,68,68,68,68,68,68,68,68,68,68,68,68,68,68,68,68,68,68,68,68,68],"card_choices":[{"not_picked":["Warcry","Havoc"],"picked":"Hemokinesis","floor":1},{"not_picked":["Entrench","Pummel"],"picked":"Ghostly Armor","floor":5},{"not_picked":["Entrench","Anger"],"picked":"Seeing Red","floor":6},{"not_picked":["Intimidate","Warcry"],"picked":"Headbutt","floor":8},{"not_picked":["Clothesline","Metallicize","Reaper"],"picked":"SKIP","floor":10},{"not_picked":["Sever Soul","Perfected Strike"],"picked":"Armaments","floor":12},{"not_picked":["Clash","Searing Blow","Headbutt"],"picked":"SKIP","floor":14},{"not_picked":["Limit Break","Reaper"],"picked":"Immolate","floor":16},{"not_picked":["Searing Blow","Ghostly Armor"],"picked":"Rampage","floor":18},{"not_picked":["Clothesline","Second Wind"],"picked":"Body Slam","floor":19},{"not_picked":["Iron Wave","Clothesline","Flex"],"picked":"SKIP","floor":20},{"not_picked":["Sever Soul","Searing Blow+1","Thunderclap"],"picked":"SKIP","floor":22}],"player_experience":284550,"relics_obtained":[{"floor":6,"key":"The Courier"},{"floor":8,"key":"Smiling Mask"},{"floor":9,"key":"Oddly Smooth Stone"},{"floor":9,"key":"Self Forming Clay"},{"floor":10,"key":"Tiny Chest"},{"floor":13,"key":"Pen Nib"},{"floor":13,"key":"Ancient Tea Set"},{"floor":21,"key":"Gremlin Horn"}],"event_choices":[{"damage_healed":0,"gold_gain":0,"player_choice":"Box","damage_taken":0,"relics_obtained":["Blood Vial"],"max_hp_gain":0,"max_hp_loss":0,"event_name":"Big Fish","floor":2,"gold_loss":0,"cards_obtained":["Regret"]},{"damage_healed":0,"gold_gain":0,"player_choice":"Success","damage_taken":11,"relics_obtained":["Matryoshka"],"max_hp_gain":0,"max_hp_loss":0,"event_name":"Scrap Ooze","floor":4,"gold_loss":0}],"is_beta":false,"boss_relics":[{"not_picked":["Calling Bell","White Beast Statue"],"picked":"Runic Pyramid"}],"items_purged_floors":[3],"is_endless":false,"potions_floor_spawned":[1,8,10,12,18,20,22],"killed_by":"Book of Stabbing","ascension_level":16}