{"path_per_floor":["M","M","M","?","M","E","?","$","T","E","M","$","R","M","R","B",null,"M","?","M","?","$","R","?","E","T","$","?","T"],"character_chosen":"THE_SILENT","items_purchased":["Apotheosis","Noxious Fumes","Noxious Fumes","Vajra"],"gold_per_floor":[119,139,152,152,167,194,194,5,35,63,82,43,43,53,53,157,157,171,171,184,184,110,110,110,142,189,43,43,43],"floor_reached":30,"campfire_rested":2,"playtime":1922,"current_hp_per_floor":[70,70,70,63,46,38,43,43,43,27,27,27,49,40,62,48,75,59,50,50,50,50,50,50,1,1,1,1,1],"items_purged":[],"gold":43,"play_id":"8bfb6e0d-2f27-44c4-bec1-f26c1ecdef64","is_prod":false,"is_daily":false,"campfire_rituals":0,"campfire_upgraded":1,"is_hardmode":false,"path_taken":["M","M","M","?","M","E","?","?","T","E","M","$","R","M","R","BOSS","M","?","M","?","$","R","?","E","T","?","?","?","E"],"build_version":"2018-01-11-PROD1","purchased_purges":0,"victory":false,"master_deck":["Defend_G","Defend_G","Defend_G","Defend_G","Defend_G","Strike_G","Strike_G","Strike_G","Strike_G","Strike_G","Survivor","Neutralize","Noxious Fumes","Slice","Footwork","Blade Dance","Dagger Throw","Apotheosis","Noxious Fumes","Dagger Throw","Noxious Fumes","Blur","Heel Hook","Slice","Venomology","Prepared","Dagger Throw","Poisoned Stab","Poisoned Stab","Bouncing Flask","Noxious Fumes","Bane","Noxious Fumes","Slice"],"max_hp_per_floor":[70,70,70,70,70,70,75,75,75,75,75,75,75,75,75,75,75,75,80,80,80,80,80,80,80,80,80,80,80],"relics":["Ring of the Snake","NeowsBlessing","Matryoshka","Dream Catcher","Juzu Bracelet","Tiny Chest","Anchor","Orrery","Bronze Scales","Shuriken","Happy Flower","Art of War","Vajra","Pen Nib"],"campfire_meditates":0,"card_choices":[{"not_picked":["Deflect","Burst"],"picked":"Noxious Fumes"},{"not_picked":["Riddle With Holes","Bane"],"picked":"Slice"},{"not_picked":["Quick Slash","Backflip"],"picked":"Footwork"},{"not_picked":["Dagger Spray","Underhanded Strike"],"picked":"Blade Dance"},{"not_picked":["Underhanded Strike","Eviscerate"],"picked":"Dagger Throw"},{"not_picked":["Leg Sweep","Crippling Poison"],"picked":"Noxious Fumes"},{"not_picked":["Underhanded Strike","PiercingWail"],"picked":"Dagger Throw"},{"not_picked":["Sucker Punch","Backflip"],"picked":"Blur"},{"not_picked":["Crippling Poison","Reflex"],"picked":"Heel Hook"},{"not_picked":["Dodge and Roll","Underhanded Strike"],"picked":"Slice"},{"not_picked":["Wraith Form","Glass Knife"],"picked":"Venomology"},{"not_picked":["Underhanded Strike","Quick Slash"],"picked":"Prepared"},{"not_picked":["Malaise","PiercingWail"],"picked":"Dagger Throw"},{"not_picked":["Endless Agony","Leg Sweep"],"picked":"Poisoned Stab"},{"not_picked":["Cloak And Dagger","Infinite Blades"],"picked":"Poisoned Stab"},{"not_picked":["Crippling Poison","Predator"],"picked":"Bouncing Flask"},{"not_picked":["Acrobatics","Sucker Punch"],"picked":"Noxious Fumes"},{"not_picked":["Finisher","Sucker Punch"],"picked":"Bane"},{"not_picked":["Dodge and Roll","Underhanded Strike"],"picked":"Slice"}],"player_experience":54634,"potions_floor_usage":[6,6,16,16,20,25,25,30],"damage_taken":[{"damage":0,"enemies":"Jaw Worm","floor":1,"turns":1},{"damage":0,"enemies":"2 Louse","floor":2,"turns":1},{"damage":0,"enemies":"Blue Slaver","floor":3,"turns":1},{"damage":17,"enemies":"Exordium Wildlife","floor":5,"turns":7},{"damage":23,"enemies":"Lagavulin","floor":6,"turns":8},{"damage":16,"enemies":"3 Sentries","floor":10,"turns":6},{"damage":0,"enemies":"2 Fungi Beasts","floor":11,"turns":3},{"damage":9,"enemies":"Looter","floor":14,"turns":4},{"damage":29,"enemies":"Hexaghost","floor":16,"turns":8},{"damage":16,"enemies":"3 Byrds","floor":18,"turns":6},{"damage":0,"enemies":"Chosen","floor":20,"turns":5},{"damage":49,"enemies":"Slavers","floor":25,"turns":5},{"damage":4,"enemies":"Gremlin Leader","floor":30,"turns":4}],"event_choices":[{"event_name":"Scrap Ooze","player_choice":"success","floor":4,"damage_taken":7},{"event_name":"Big Fish","player_choice":"Donut","floor":7,"damage_taken":0},{"event_name":"Forgotten Altar","player_choice":"Shed Blood","floor":19,"damage_taken":0},{"event_name":"Vampires","player_choice":"Ignored","floor":21,"damage_taken":0},{"event_name":"The Mausoleum","player_choice":"Yes","floor":24,"damage_taken":0},{"event_name":"Wheel of Change","player_choice":"Card Removal","floor":28,"damage_taken":0}],"boss_relics":[{"not_picked":["Tiny House","Snecko Eye"],"picked":"Orrery"}],"potions_floor_spawned":[1,3,10,14,16],"seed_played":"3993883768322136813","killed_by":"Gremlin Leader","is_trial":false}