{"path_per_floor":["M","M","$","M","M","E","R","E","T","?","R","$","?","M","R"],"character_chosen":"THE_SILENT","items_purchased":["Pen Nib"],"gold_per_floor":[217,235,91,109,122,154,154,181,181,181,181,181,181,194,194],"floor_reached":16,"campfire_rested":3,"playtime":652,"current_hp_per_floor":[60,55,55,54,47,8,29,7,7,4,25,25,25,11,32],"items_purged":[],"gold":194,"score":110,"play_id":"95c6ceaa-3065-49fe-9795-7a9ed76ae911","local_time":"20180306220416","is_prod":false,"is_daily":false,"is_ascension_mode":false,"campfire_upgraded":0,"timestamp":1520402656,"path_taken":["M","M","$","M","M","E","R","E","T","?","R","$","?","?","R","BOSS"],"build_version":"2018-03-01-PROD1","purchased_purges":0,"victory":false,"master_deck":["Defend_G","Defend_G","Defend_G","Defend_G","Defend_G","Strike_G","Strike_G","Strike_G","Strike_G","Strike_G","Survivor+1","Neutralize","Flying Knee","Flying Knee","Expertise","Outmaneuver+1","Bouncing Flask+1","Endless Agony","Backstab","Crippling Poison","Prepared","Flying Knee"],"max_hp_per_floor":[70,70,70,70,70,70,70,70,70,70,70,70,70,70,70],"relics":["Ring of the Snake","Pen Nib","Dream Catcher","Matryoshka","Bronze Scales","War Paint"],"card_choices":[{"not_picked":["Backstab","Storm of Steel"],"picked":"Flying Knee"},{"not_picked":["Outmaneuver","Acrobatics"],"picked":"Flying Knee"},{"not_picked":["Deflect","Concentrate"],"picked":"Expertise"},{"not_picked":["Cloak And Dagger","Setup"],"picked":"Outmaneuver"},{"not_picked":["Choke","Endless Agony"],"picked":"Bouncing Flask"},{"not_picked":["Masterful Stab","Dodge and Roll"],"picked":"Endless Agony"},{"not_picked":["Flechettes","Calculated Gamble"],"picked":"Backstab"},{"not_picked":["Acrobatics","Calculated Gamble"],"picked":"Crippling Poison"},{"not_picked":["Deflect","Wraith Form"],"picked":"Prepared"},{"not_picked":["Acrobatics","Predator"],"picked":"Flying Knee"}],"player_experience":209928,"potions_floor_usage":[6,8,16],"damage_taken":[{"damage":10,"enemies":"Small Slimes","floor":1,"turns":4},{"damage":5,"enemies":"2 Louse","floor":2,"turns":3},{"damage":1,"enemies":"Cultist","floor":4,"turns":4},{"damage":7,"enemies":"Blue Slaver","floor":5,"turns":4},{"damage":39,"enemies":"Lagavulin","floor":6,"turns":9},{"damage":22,"enemies":"Gremlin Nob","floor":8,"turns":5},{"damage":14,"enemies":"Large Slime","floor":14,"turns":5},{"damage":32,"enemies":"Slime Boss","floor":16,"turns":3}],"event_choices":[{"event_name":"Scrap Ooze","player_choice":"unsuccessful","floor":10,"damage_taken":3},{"event_name":"Living Wall","player_choice":"Grow","floor":13,"damage_taken":0}],"boss_relics":[],"potions_floor_spawned":[1,2,14],"seed_played":"1370886503538480486","killed_by":"Slime Boss","ascension_level":0,"is_trial":false}