{"gold_per_floor":[118,118,135,135,23,51,62,17,17,17,52,71,71,97,97,192,192,208,208,208,208,195,195,206,218,218,1,1,30,84,103,103,103],"floor_reached":33,"playtime":1861,"items_purged":["Strike_B"],"score":518,"play_id":"8f3419db-b463-4c90-8a0d-56f520d45ee9","local_time":"20190218142307","is_ascension_mode":true,"campfire_choices":[{"data":"Zap","floor":10,"key":"SMITH"},{"floor":13,"key":"REST"},{"data":"Consume","floor":15,"key":"SMITH"},{"floor":23,"key":"REST"},{"floor":28,"key":"REST"},{"floor":32,"key":"RECALL"}],"neow_cost":"NONE","seed_source_timestamp":239545567232065,"circlet_count":0,"master_deck":["AscendersBane","Defend_B","Defend_B","Defend_B","Defend_B","Zap+1","Dualcast","Consume+1","Reinforced Body+1","Static Discharge","Cold Snap","Capacitor","Turbo+1","Coolheaded+1","Gash","Fission+1","Glacier+1","Bite","Bite","Bite","Bite","Bite","Blizzard","Machine Learning","FTL"],"relics":["Cracked Core","NeowsBlessing","Darkstone Periapt","Toxic Egg 2","Smiling Mask","Orichalcum","Symbiotic Virus","Fusion Hammer","Bag of Marbles","PreservedInsect","Meat on the Bone","Tiny Chest"],"potions_floor_usage":[12,12,18,24,33,33],"damage_taken":[{"damage":0,"enemies":"2 Louse","floor":1,"turns":1},{"damage":0,"enemies":"Small Slimes","floor":3,"turns":1},{"damage":0,"enemies":"Lagavulin","floor":6,"turns":1},{"damage":12,"enemies":"Jaw Worm","floor":7,"turns":4},{"damage":39,"enemies":"3 Sentries","floor":11,"turns":7},{"damage":12,"enemies":"Red Slaver","floor":12,"turns":4},{"damage":7,"enemies":"Lagavulin","floor":14,"turns":6},{"damage":7,"enemies":"Hexaghost","floor":16,"turns":11},{"damage":0,"enemies":"Chosen","floor":18,"turns":7},{"damage":16,"enemies":"2 Thieves","floor":22,"turns":4},{"damage":11,"enemies":"Sentry and Sphere","floor":24,"turns":6},{"damage":13,"enemies":"Cultist and Chosen","floor":25,"turns":6},{"damage":6,"enemies":"Book of Stabbing","floor":29,"turns":6},{"damage":5,"enemies":"Snake Plant","floor":31,"turns":4},{"damage":71,"enemies":"Champ","floor":33,"turns":21}],"seed_played":"-1569272937219313313","potions_obtained":[{"floor":7,"key":"SpeedPotion"},{"floor":11,"key":"SkillPotion"},{"floor":12,"key":"Fire Potion"},{"floor":16,"key":"Block Potion"},{"floor":24,"key":"AttackPotion"},{"floor":25,"key":"SpeedPotion"}],"is_trial":false,"path_per_floor":["M","?","M","?","$","E","M","$","T","R","E","M","R","E","R","B",null,"M","?","?","?","M","R","M","M","T","$","R","E","T","M","R","B"],"character_chosen":"DEFECT","items_purchased":["Static Discharge","Turbo+1","PreservedInsect","FTL"],"campfire_rested":3,"item_purchase_floors":[5,8,27,27],"current_hp_per_floor":[68,74,74,67,67,67,55,55,55,55,16,4,28,21,21,14,64,64,56,47,47,43,61,58,56,56,56,61,57,57,60,60,0],"gold":103,"neow_bonus":"THREE_ENEMY_KILL","is_prod":false,"is_daily":false,"chose_seed":false,"campfire_upgraded":2,"win_rate":0,"timestamp":1550478187,"path_taken":["M","?","M","?","$","E","M","$","T","R","E","M","R","E","R","BOSS","M","?","?","?","M","R","?","M","T","$","R","E","?","M","R","BOSS"],"build_version":"2019-01-23","purchased_purges":1,"victory":false,"max_hp_per_floor":[75,81,81,81,81,81,81,81,81,81,81,81,81,81,81,81,81,81,56,61,61,61,61,61,61,61,61,61,61,61,61,61,61],"card_choices":[{"not_picked":["Leap","Steam Power"],"picked":"Consume","floor":1},{"not_picked":["Go for the Eyes","Melter"],"picked":"Reinforced Body","floor":3},{"not_picked":["Storm","Rebound"],"picked":"Cold Snap","floor":6},{"not_picked":["Turbo+1","Cold Snap"],"picked":"Capacitor","floor":7},{"not_picked":["Streamline","Recycle+1","Stack+1"],"picked":"SKIP","floor":11},{"not_picked":["Conserve Battery+1","Genetic Algorithm+1"],"picked":"Coolheaded+1","floor":12},{"not_picked":["Capacitor","Leap+1"],"picked":"Gash","floor":14},{"not_picked":["Electrodynamics","Echo Form"],"picked":"Fission+1","floor":16},{"not_picked":["Recycle+1","Stack+1"],"picked":"Glacier+1","floor":18},{"not_picked":["Steam+1","Ball Lightning"],"picked":"Blizzard","floor":22},{"not_picked":["Sweeping Beam","Steam+1","Self Repair"],"picked":"SKIP","floor":24},{"not_picked":["Lockon+1","Redo+1"],"picked":"Machine Learning","floor":25},{"not_picked":["Streamline","Beam Cell","Sweeping Beam"],"picked":"SKIP","floor":29},{"not_picked":["Storm","Compile Driver","Beam Cell"],"picked":"SKIP","floor":31}],"player_experience":818376,"relics_obtained":[{"floor":6,"key":"Toxic Egg 2"},{"floor":9,"key":"Smiling Mask"},{"floor":11,"key":"Orichalcum"},{"floor":14,"key":"Symbiotic Virus"},{"floor":26,"key":"Bag of Marbles"},{"floor":29,"key":"Meat on the Bone"},{"floor":30,"key":"Tiny Chest"}],"event_choices":[{"damage_healed":0,"gold_gain":0,"player_choice":"Box","damage_taken":0,"relics_obtained":["Darkstone Periapt"],"max_hp_gain":0,"max_hp_loss":0,"event_name":"Big Fish","floor":2,"gold_loss":0,"cards_obtained":["Regret"]},{"cards_removed":["Regret"],"damage_healed":0,"gold_gain":0,"player_choice":"Card Removal","damage_taken":7,"max_hp_gain":0,"max_hp_loss":0,"event_name":"Golden Wing","floor":4,"gold_loss":0},{"damage_healed":0,"gold_gain":0,"player_choice":"Became a vampire","damage_taken":0,"max_hp_gain":0,"max_hp_loss":25,"event_name":"Vampires","floor":19,"gold_loss":0,"cards_obtained":["Bite","Bite","Bite","Bite","Bite"]},{"damage_healed":0,"gold_gain":0,"player_choice":"Shed Blood","damage_taken":14,"max_hp_gain":5,"max_hp_loss":0,"event_name":"Forgotten Altar","floor":20,"gold_loss":0},{"damage_healed":0,"gold_gain":0,"player_choice":"Upgraded","damage_taken":0,"max_hp_gain":0,"max_hp_loss":0,"event_name":"Upgrade Shrine","floor":21,"gold_loss":0,"cards_upgraded":["Reinforced Body"]}],"is_beta":false,"boss_relics":[{"not_picked":["Philosopher\u0027s Stone","Astrolabe"],"picked":"Fusion Hammer"}],"items_purged_floors":[5],"is_endless":false,"potions_floor_spawned":[7,11,12,16,24,25],"killed_by":"Champ","ascension_level":12}