{"gold_per_floor":[114,114,129,79,254,254,254,284,284,113,143,170,212,254,266,378,390,417,444,456,468,202,232,262,17,67,67,82,82,82,10,10,110,110,125,225,225,225,225,255,255,270,295,325,175,175,175,190,190,190],"floor_reached":51,"playtime":3499,"items_purged":["Doubt"],"score":888,"play_id":"dacb1d83-113f-4bfb-9605-e7b55e5a6371","local_time":"20190206233039","daily_mods":["Shiny","Flight","Binary"],"is_ascension_mode":false,"campfire_choices":[{"data":"True Grit","floor":6,"key":"SMITH"},{"data":"Limit Break","floor":7,"key":"SMITH"},{"floor":15,"key":"REST"},{"floor":27,"key":"REST"},{"floor":30,"key":"REST"},{"data":"Demon Form","floor":32,"key":"SMITH"},{"floor":47,"key":"REST"},{"data":"Feel No Pain","floor":49,"key":"SMITH"}],"neow_cost":"","seed_source_timestamp":0,"circlet_count":0,"master_deck":["Double Tap","Demon Form+1","Bludgeon","Feed","Limit Break+1","Barricade+1","Fiend Fire","Impervious","Juggernaut","Reaper","Exhume","Offering","Immolate","True Grit+1","Pommel Strike","Power Through","Feel No Pain","Shrug It Off","Feel No Pain+1","Burning Pact","Second Wind","Ghostly Armor","Shrug It Off","Rupture+1","Armaments","Exhume","Discovery","Armaments+1","Feel No Pain+1","Juggernaut+1","Warcry+1","Metallicize+1","Armaments+1","Shrug It Off","Entrench","Good Instincts","Rampage+1","Flex+1","Shrug It Off+1","Bloodletting","Flex+1"],"special_seed":17933,"relics":["Burning Blood","Boot","Question Card","MawBank","Omamori","Frozen Egg 2","Sozu","Pen Nib","Regal Pillow","Lantern","Oddly Smooth Stone","Ancient Tea Set","Orrery","Bird Faced Urn","Red Skull","Dream Catcher","Centennial Puzzle","Vajra"],"potions_floor_usage":[14,44],"damage_taken":[{"damage":21,"enemies":"Cultist","floor":1,"turns":4},{"damage":18,"enemies":"Jaw Worm","floor":3,"turns":3},{"damage":45,"enemies":"3 Sentries","floor":8,"turns":6},{"damage":0,"enemies":"Lagavulin","floor":11,"turns":6},{"damage":12,"enemies":"2 Louse","floor":12,"turns":2},{"damage":40,"enemies":"3 Sentries","floor":13,"turns":7},{"damage":33,"enemies":"Gremlin Nob","floor":14,"turns":6},{"damage":28,"enemies":"Hexaghost","floor":16,"turns":11},{"damage":36,"enemies":"2 Thieves","floor":18,"turns":4},{"damage":12,"enemies":"Chosen","floor":19,"turns":5},{"damage":42,"enemies":"Slavers","floor":23,"turns":6},{"damage":27,"enemies":"Book of Stabbing","floor":24,"turns":7},{"damage":36,"enemies":"Snake Plant","floor":28,"turns":6},{"damage":39,"enemies":"Automaton","floor":33,"turns":11},{"damage":10,"enemies":"Orb Walker","floor":35,"turns":5},{"damage":32,"enemies":"Mind Bloom Boss Battle","floor":36,"turns":8},{"damage":84,"enemies":"Reptomancer","floor":40,"turns":8},{"damage":68,"enemies":"3 Darklings","floor":42,"turns":8},{"damage":34,"enemies":"Giant Head","floor":44,"turns":10},{"damage":11,"enemies":"Sphere and 2 Shapes","floor":48,"turns":6},{"damage":66,"enemies":"Donu and Deca","floor":50,"turns":10}],"seed_played":"843888505984905002","potions_obtained":[{"floor":3,"key":"LiquidBronze"},{"floor":8,"key":"Poison Potion"},{"floor":12,"key":"FearPotion"}],"is_trial":false,"path_per_floor":["M","?","M","?","?","R","R","E","T","$","E","M","E","E","R","B",null,"M","M","?","?","$","E","E","$","T","R","M","?","R","$","R","B",null,"M","?","?","?","?","E","?","M","T","E","$","?","R","M","R","B",null],"character_chosen":"IRONCLAD","items_purchased":["Feel No Pain","Shrug It Off","Pen Nib","Shrug It Off","Rupture+1","Oddly Smooth Stone","Discovery","Feel No Pain+1","Vajra"],"campfire_rested":4,"item_purchase_floors":[10,10,22,22,22,25,25,31,45],"current_hp_per_floor":[74,74,62,62,62,62,62,47,47,47,53,65,43,35,61,39,89,62,61,61,66,66,30,14,14,14,56,29,29,72,72,72,54,95,91,78,78,78,78,30,83,33,33,23,23,23,62,74,74,74],"gold":190,"neow_bonus":"","is_prod":false,"is_daily":true,"chose_seed":false,"campfire_upgraded":4,"win_rate":0,"timestamp":1549488639,"path_taken":["M","?","?","?","?","R","R","E","T","$","E","?","E","E","R","BOSS","M","?","?","?","$","E","E","$","T","R","?","?","R","$","R","BOSS","M","?","?","?","?","E","?","?","T","E","$","?","R","?","R","BOSS"],"build_version":"2019-01-23","purchased_purges":1,"victory":true,"max_hp_per_floor":[83,83,83,83,83,83,83,83,83,83,83,86,86,89,89,89,89,92,92,92,92,92,92,92,92,92,92,95,95,95,95,95,95,95,95,95,95,95,95,95,83,83,83,83,83,83,83,86,86,86],"card_choices":[{"not_picked":["Anger"],"picked":"True Grit","floor":1},{"not_picked":["Clash"],"picked":"Pommel Strike","floor":3},{"not_picked":["Heavy Blade"],"picked":"Power Through","floor":8},{"not_picked":["Corruption","Clothesline"],"picked":"Feel No Pain","floor":11},{"not_picked":["Cleave","Offering"],"picked":"Burning Pact","floor":12},{"not_picked":["Spot Weakness","Anger"],"picked":"Second Wind","floor":13},{"not_picked":["Dark Embrace","Wild Strike"],"picked":"True Grit","floor":14},{"not_picked":["Entrench","Twin Strike"],"picked":"Cleave+1","floor":18},{"not_picked":["Iron Wave","Cleave"],"picked":"Ghostly Armor","floor":19},{"not_picked":["Carnage","Entrench"],"picked":"Armaments","floor":23},{"not_picked":["Shrug It Off","Feel No Pain+1"],"picked":"Exhume","floor":24},{"not_picked":["Whirlwind","Shockwave"],"picked":"Armaments+1","floor":28},{"not_picked":["Exhume","Berserk+1"],"picked":"Juggernaut+1","floor":33},{"not_picked":["Pommel Strike","Flex"],"picked":"Warcry+1","floor":34},{"not_picked":["Thunderclap","Dropkick+1"],"picked":"Metallicize+1","floor":34},{"not_picked":["Pommel Strike","Shockwave"],"picked":"Armaments+1","floor":34},{"not_picked":["Flex","Cleave"],"picked":"Shrug It Off","floor":34},{"not_picked":["Pummel+1","Wild Strike","Pommel Strike"],"picked":"SKIP","floor":35},{"not_picked":["Flex","Havoc+1"],"picked":"Entrench","floor":36},{"not_picked":["Panacea","Master of Strategy"],"picked":"Good Instincts","floor":39},{"not_picked":["Rupture+1","Havoc"],"picked":"Rampage+1","floor":40},{"not_picked":["Anger+1","Whirlwind"],"picked":"Flex+1","floor":42},{"not_picked":["Clothesline+1","Sever Soul+1"],"picked":"Shrug It Off+1","floor":44},{"not_picked":["Armaments+1","Searing Blow"],"picked":"Flex+1","floor":47},{"not_picked":["Evolve+1","Wild Strike","Sever Soul+1"],"picked":"SKIP","floor":48}],"player_experience":87108,"relics_obtained":[{"floor":8,"key":"Boot"},{"floor":9,"key":"Question Card"},{"floor":11,"key":"MawBank"},{"floor":13,"key":"Omamori"},{"floor":14,"key":"Frozen Egg 2"},{"floor":23,"key":"Regal Pillow"},{"floor":24,"key":"Lantern"},{"floor":26,"key":"Ancient Tea Set"},{"floor":36,"key":"Bird Faced Urn"},{"floor":40,"key":"Red Skull"},{"floor":43,"key":"Dream Catcher"},{"floor":44,"key":"Centennial Puzzle"}],"event_choices":[{"damage_healed":0,"gold_gain":0,"player_choice":"Forge","damage_taken":0,"max_hp_gain":0,"max_hp_loss":0,"event_name":"Accursed Blacksmith","floor":2,"gold_loss":0,"cards_upgraded":["Barricade"]},{"cards_removed":["Brutality"],"damage_healed":0,"gold_gain":0,"player_choice":"Card Removal","damage_taken":0,"max_hp_gain":0,"max_hp_loss":0,"event_name":"The Cleric","floor":4,"gold_loss":50},{"damage_healed":0,"gold_gain":175,"player_choice":"AGREE","damage_taken":0,"max_hp_gain":0,"max_hp_loss":0,"event_name":"Liars Game","floor":5,"gold_loss":0,"cards_obtained":["Doubt"]},{"cards_removed":["Berserk"],"damage_healed":0,"gold_gain":0,"player_choice":"Elegance","damage_taken":0,"max_hp_gain":0,"max_hp_loss":0,"event_name":"Back to Basics","floor":20,"gold_loss":0},{"cards_removed":["True Grit"],"damage_healed":5,"gold_gain":0,"player_choice":"Offered Common","damage_taken":0,"max_hp_gain":0,"max_hp_loss":0,"event_name":"Bonfire Elementals","floor":21,"gold_loss":0},{"cards_removed":["True Grit"],"damage_healed":5,"gold_gain":0,"player_choice":"Offered Special","damage_taken":0,"max_hp_gain":0,"max_hp_loss":0,"event_name":"Bonfire Elementals","floor":21,"gold_loss":0},{"damage_healed":0,"gold_gain":0,"player_choice":"Ignored","damage_taken":0,"max_hp_gain":0,"max_hp_loss":0,"event_name":"Purifier","floor":29,"gold_loss":0},{"damage_healed":0,"gold_gain":0,"player_choice":"Fight","damage_taken":0,"max_hp_gain":0,"max_hp_loss":0,"event_name":"MindBloom","floor":36,"gold_loss":0},{"damage_healed":0,"gold_gain":0,"player_choice":"Ignored","damage_taken":0,"max_hp_gain":0,"max_hp_loss":0,"event_name":"Tomb of Lord Red Mask","floor":37,"gold_loss":0},{"cards_removed":["Cleave"],"damage_healed":0,"gold_gain":0,"player_choice":"Removed Attack","damage_taken":0,"max_hp_gain":0,"max_hp_loss":0,"event_name":"Falling","floor":38,"gold_loss":0},{"damage_healed":0,"gold_gain":0,"player_choice":"Memory 1","damage_taken":0,"max_hp_gain":0,"max_hp_loss":0,"event_name":"SensoryStone","floor":39,"gold_loss":0},{"damage_healed":83,"gold_gain":0,"player_choice":"Heal","damage_taken":0,"max_hp_gain":0,"max_hp_loss":12,"event_name":"The Moai Head","floor":41,"gold_loss":0},{"damage_healed":0,"gold_gain":0,"cards_transformed":["Dark Embrace"],"player_choice":"Transformed","damage_taken":0,"max_hp_gain":0,"max_hp_loss":0,"event_name":"Transmorgrifier","floor":46,"gold_loss":0,"cards_obtained":["Bloodletting"]}],"is_beta":false,"boss_relics":[{"not_picked":["Tiny House","Empty Cage"],"picked":"Sozu"},{"not_picked":["White Beast Statue","Runic Cube"],"picked":"Orrery"}],"items_purged_floors":[10],"is_endless":false,"potions_floor_spawned":[3,8,12,13,19,24,28,42,44],"ascension_level":0}