{"gold_per_floor":[118,43,54,54,64,64,78,78,78,78,55,55,74,84,84,188,188,206,217,49,49,49,84,84,119,119,34,34,52,52,65,65,165,165,183,58,0,100,100,100,128,128,128,128,139,139,139,154,154,154],"floor_reached":51,"playtime":3413,"items_purged":["Strike_R","Strike_R","Strike_R"],"score":751,"play_id":"692a86f3-2617-4a05-aee7-af07e4552c79","local_time":"20190215153648","is_ascension_mode":false,"campfire_choices":[{"data":"Body Slam","floor":6,"key":"SMITH"},{"data":"Heavy Blade","floor":8,"key":"SMITH"},{"data":"Spot Weakness","floor":12,"key":"SMITH"},{"data":"Cleave","floor":15,"key":"SMITH"},{"data":"Whirlwind","floor":24,"key":"SMITH"},{"floor":30,"key":"REST"},{"floor":32,"key":"REST"},{"data":"Defend_R","floor":40,"key":"PURGE"},{"floor":42,"key":"REST"},{"floor":49,"key":"REST"}],"neow_cost":"NONE","seed_source_timestamp":106386566382181,"circlet_count":0,"master_deck":["Defend_R","Defend_R","Defend_R+1","Bash+1","Cleave+1","Body Slam+1","Spot Weakness+1","Heavy Blade+1","Shrug It Off+1","Offering+1","Disarm+1","Shrug It Off+1","Entrench+1","Defend_R","True Grit+1","Impervious+1","Shockwave+1","Shrug It Off+1"],"relics":["Burning Blood","Toxic Egg 2","Cursed Key","Singing Bowl","Oddly Smooth Stone","Pear","Red Skull","Philosopher\u0027s Stone","Red Mask","Peace Pipe","Paper Frog"],"potions_floor_usage":[16,29,33,33,41,41,50,50],"damage_taken":[{"damage":19,"enemies":"Cultist","floor":1,"turns":6},{"damage":2,"enemies":"Small Slimes","floor":3,"turns":4},{"damage":3,"enemies":"Jaw Worm","floor":5,"turns":4},{"damage":10,"enemies":"Large Slime","floor":7,"turns":7},{"damage":0,"enemies":"Looter","floor":13,"turns":2},{"damage":0,"enemies":"3 Louse","floor":14,"turns":3},{"damage":23,"enemies":"The Guardian","floor":16,"turns":9},{"damage":6,"enemies":"Chosen","floor":18,"turns":3},{"damage":6,"enemies":"Spheric Guardian","floor":19,"turns":3},{"damage":24,"enemies":"Gremlin Leader","floor":23,"turns":4},{"damage":6,"enemies":"Book of Stabbing","floor":25,"turns":4},{"damage":21,"enemies":"Chosen and Byrds","floor":29,"turns":3},{"damage":18,"enemies":"Snake Plant","floor":31,"turns":3},{"damage":23,"enemies":"Automaton","floor":33,"turns":9},{"damage":6,"enemies":"Orb Walker","floor":35,"turns":1},{"damage":19,"enemies":"Mind Bloom Boss Battle","floor":38,"turns":7},{"damage":103,"enemies":"Nemesis","floor":41,"turns":13},{"damage":6,"enemies":"3 Shapes","floor":45,"turns":3},{"damage":6,"enemies":"Transient","floor":48,"turns":5},{"damage":25,"enemies":"Time Eater","floor":50,"turns":10}],"seed_played":"-3985108623080018004","potions_obtained":[{"floor":13,"key":"Weak Potion"},{"floor":16,"key":"PowerPotion"},{"floor":23,"key":"AttackPotion"},{"floor":25,"key":"EssenceOfSteel"},{"floor":31,"key":"FairyPotion"},{"floor":35,"key":"EntropicBrew"},{"floor":45,"key":"SteroidPotion"},{"floor":48,"key":"GamblersBrew"}],"is_trial":false,"path_per_floor":["M","$","M","?","M","R","M","R","T","?","$","R","M","M","R","B",null,"M","M","$","?","?","E","R","E","T","?","?","M","R","M","R","B",null,"M","$","?","?","$","R","E","R","T","?","M","?","$","M","R","B",null],"character_chosen":"IRONCLAD","items_purchased":["Shrug It Off+1","Whirlwind"],"campfire_rested":4,"item_purchase_floors":[11,20],"current_hp_per_floor":[67,67,71,55,58,58,54,54,54,54,54,54,60,66,66,49,80,80,80,80,80,80,62,62,62,72,72,72,59,86,74,92,75,92,94,94,94,83,83,83,17,46,46,46,48,48,48,48,78,59],"gold":154,"neow_bonus":"REMOVE_CARD","is_prod":false,"is_daily":false,"chose_seed":false,"campfire_upgraded":5,"win_rate":0.0,"timestamp":1550212608,"path_taken":["M","$","M","?","M","R","M","R","T","?","?","R","M","M","R","BOSS","M","M","$","?","?","E","R","E","T","?","?","M","R","?","R","BOSS","M","$","?","?","$","R","E","R","T","?","?","?","$","M","R","BOSS"],"build_version":"2019-01-23","purchased_purges":3,"victory":true,"max_hp_per_floor":[80,80,80,80,80,80,80,80,80,80,80,80,80,80,80,80,80,80,80,80,80,80,80,80,80,90,90,90,92,92,92,92,92,92,94,94,94,96,96,96,98,98,98,98,100,100,100,100,100,100],"card_choices":[{"not_picked":["Rampage","Clothesline"],"picked":"Cleave","floor":1},{"not_picked":["Sword Boomerang","Armaments"],"picked":"Body Slam","floor":3},{"not_picked":["Clothesline","Armaments"],"picked":"Spot Weakness","floor":5},{"not_picked":["Armaments","Clash"],"picked":"Heavy Blade","floor":7},{"not_picked":["Flex+1","Clothesline","Wild Strike"],"picked":"SKIP","floor":13},{"not_picked":["Berserk","Twin Strike","Searing Blow"],"picked":"SKIP","floor":14},{"not_picked":["Feed","Bludgeon"],"picked":"Offering+1","floor":16},{"not_picked":["Combust+1","Havoc+1"],"picked":"Disarm+1","floor":18},{"not_picked":["Dropkick","Flex+1","Twin Strike"],"picked":"SKIP","floor":19},{"not_picked":["Heavy Blade","Twin Strike+1"],"picked":"Shrug It Off+1","floor":23},{"not_picked":["Pummel+1","Warcry+1"],"picked":"Entrench+1","floor":25},{"not_picked":["Flame Barrier+1","Spot Weakness+1","Perfected Strike"],"picked":"Singing Bowl","floor":29},{"not_picked":["Headbutt","Seeing Red+1"],"picked":"True Grit+1","floor":31},{"not_picked":["Brutality","Fiend Fire"],"picked":"Impervious+1","floor":33},{"not_picked":["Clothesline","Flex+1","Wild Strike+1"],"picked":"Singing Bowl","floor":35},{"not_picked":["Iron Wave","Second Wind+1","Heavy Blade"],"picked":"Singing Bowl","floor":38},{"not_picked":["Heavy Blade","Searing Blow+1","Fire Breathing"],"picked":"Singing Bowl","floor":41},{"not_picked":["Anger+1","Sever Soul+1","Fire Breathing+1"],"picked":"Singing Bowl","floor":45},{"not_picked":["Wild Strike","Warcry+1"],"picked":"Shrug It Off+1","floor":48}],"player_experience":39095,"relics_obtained":[{"floor":9,"key":"Toxic Egg 2"},{"floor":23,"key":"Singing Bowl"},{"floor":25,"key":"Oddly Smooth Stone"},{"floor":26,"key":"Pear"},{"floor":38,"key":"Peace Pipe"},{"floor":41,"key":"Paper Frog"}],"event_choices":[{"damage_healed":0,"gold_gain":0,"player_choice":"Entered Light","damage_taken":16,"max_hp_gain":0,"max_hp_loss":0,"event_name":"Shining Light","floor":4,"gold_loss":0,"cards_upgraded":["Defend_R","Bash"]},{"damage_healed":0,"gold_gain":0,"player_choice":"Ignored","damage_taken":0,"max_hp_gain":0,"max_hp_loss":0,"event_name":"Liars Game","floor":10,"gold_loss":0},{"damage_healed":0,"gold_gain":0,"player_choice":"Ignored","damage_taken":0,"max_hp_gain":0,"max_hp_loss":0,"event_name":"Beggar","floor":21,"gold_loss":0},{"cards_removed":["Strike_R"],"damage_healed":0,"gold_gain":0,"player_choice":"Elegance","damage_taken":0,"max_hp_gain":0,"max_hp_loss":0,"event_name":"Back to Basics","floor":22,"gold_loss":0},{"damage_healed":0,"gold_gain":0,"player_choice":"Obtained Relic","damage_taken":0,"relics_obtained":["Red Skull"],"max_hp_gain":0,"max_hp_loss":0,"event_name":"Addict","floor":27,"gold_loss":85},{"cards_removed":["Shame"],"damage_healed":0,"gold_gain":0,"player_choice":"Took Card","damage_taken":0,"max_hp_gain":0,"max_hp_loss":0,"event_name":"NoteForYourself","floor":28,"gold_loss":0,"cards_obtained":["Defend_R"]},{"damage_healed":0,"gold_gain":0,"player_choice":"Paid","damage_taken":0,"relics_obtained":["Red Mask"],"max_hp_gain":0,"max_hp_loss":0,"event_name":"Tomb of Lord Red Mask","floor":37,"gold_loss":58},{"damage_healed":0,"gold_gain":0,"player_choice":"Fight","damage_taken":0,"max_hp_gain":0,"max_hp_loss":0,"event_name":"MindBloom","floor":38,"gold_loss":0},{"cards_removed":["Whirlwind"],"damage_healed":0,"gold_gain":0,"player_choice":"Removed Attack","damage_taken":0,"max_hp_gain":0,"max_hp_loss":0,"event_name":"Falling","floor":44,"gold_loss":0},{"damage_healed":0,"gold_gain":0,"player_choice":"1 cards matched","damage_taken":0,"max_hp_gain":0,"max_hp_loss":0,"event_name":"Match and Keep!","floor":46,"gold_loss":0,"cards_obtained":["Shockwave"]}],"is_beta":false,"boss_relics":[{"not_picked":["Snecko Eye","Mark of Pain"],"picked":"Cursed Key"},{"not_picked":["Black Blood","Busted Crown"],"picked":"Philosopher\u0027s Stone"}],"items_purged_floors":[2,20,36],"is_endless":false,"potions_floor_spawned":[13,16,23,25,31,35,45,48],"ascension_level":0}