{"gold_per_floor":[116,41,41,58,71,105,105,170,195,195,205,220,254,266,266,340,340,320,320,331,331,345,380,380],"floor_reached":24,"playtime":1330,"items_purged":[],"score":633,"play_id":"9bcd9354-728e-4994-bf69-72c78f2e6f93","local_time":"20190131074713","is_ascension_mode":true,"campfire_choices":[{"data":"Armaments","floor":7,"key":"SMITH"},{"floor":10,"key":"REST"},{"floor":15,"key":"REST"}],"neow_cost":"CURSE","seed_source_timestamp":0,"circlet_count":0,"master_deck":["AscendersBane","Defend_R","Defend_R","Defend_R","Defend_R","Bash","Armaments+1","Anger","Hemokinesis","Whirlwind+1","Offering","Headbutt","Impervious","Bite","Bite","Bite","Bite","Bite","Uppercut"],"special_seed":0,"relics":["Burning Blood","Gambling Chip","Oddly Smooth Stone","Tiny Chest","Smiling Mask","Bag of Preparation","Philosopher\u0027s Stone","WingedGreaves"],"potions_floor_usage":[13,23,24],"damage_taken":[{"damage":14,"enemies":"2 Louse","floor":1,"turns":5},{"damage":7,"enemies":"Jaw Worm","floor":4,"turns":5},{"damage":1,"enemies":"Cultist","floor":5,"turns":4},{"damage":34,"enemies":"Lagavulin","floor":6,"turns":7},{"damage":20,"enemies":"3 Sentries","floor":8,"turns":8},{"damage":6,"enemies":"Exordium Thugs","floor":11,"turns":5},{"damage":3,"enemies":"Looter","floor":12,"turns":4},{"damage":20,"enemies":"Gremlin Nob","floor":13,"turns":3},{"damage":9,"enemies":"Large Slime","floor":14,"turns":3},{"damage":43,"enemies":"The Guardian","floor":16,"turns":12},{"damage":6,"enemies":"2 Thieves","floor":18,"turns":4},{"damage":8,"enemies":"Chosen","floor":20,"turns":3},{"damage":20,"enemies":"Sentry and Sphere","floor":22,"turns":5},{"damage":56,"enemies":"Book of Stabbing","floor":23,"turns":5},{"damage":32,"enemies":"Slavers","floor":24,"turns":2}],"seed_played":"-168231086276131527","potions_obtained":[{"floor":6,"key":"SneckoOil"},{"floor":8,"key":"FearPotion"},{"floor":16,"key":"SpeedPotion"},{"floor":20,"key":"Block Potion"},{"floor":23,"key":"SteroidPotion"}],"is_trial":false,"path_per_floor":["M","?","?","M","M","E","R","E","T","R","M","M","E","M","R","B",null,"M","?","M","?","M","E","E"],"character_chosen":"IRONCLAD","items_purchased":[],"campfire_rested":2,"item_purchase_floors":[],"current_hp_per_floor":[60,60,60,59,64,36,36,22,22,44,44,47,33,30,52,15,60,60,52,52,52,47,17,0],"gold":380,"neow_bonus":"ONE_RARE_RELIC","is_prod":false,"is_daily":false,"chose_seed":false,"campfire_upgraded":1,"win_rate":0,"timestamp":1548917233,"path_taken":["M","?","?","M","M","E","R","E","T","R","M","M","E","M","R","BOSS","M","?","M","?","?","E","E"],"build_version":"2019-01-23","purchased_purges":0,"victory":false,"max_hp_per_floor":[75,75,75,75,75,75,75,75,75,75,75,75,75,75,75,75,75,75,52,52,52,52,52,52],"card_choices":[{"not_picked":["Perfected Strike","Reckless Charge"],"picked":"Armaments","floor":1},{"not_picked":["Body Slam","True Grit"],"picked":"Anger","floor":4},{"not_picked":["Armaments","Dropkick","Pommel Strike"],"picked":"SKIP","floor":5},{"not_picked":["Body Slam","Flex"],"picked":"Hemokinesis","floor":6},{"not_picked":["Havoc","Armaments","Second Wind"],"picked":"SKIP","floor":8},{"not_picked":["Anger","Sword Boomerang"],"picked":"Whirlwind","floor":11},{"not_picked":["Feel No Pain","Twin Strike"],"picked":"Offering","floor":12},{"not_picked":["Clash","Feel No Pain"],"picked":"Headbutt","floor":13},{"not_picked":["Warcry","Headbutt","Carnage"],"picked":"SKIP","floor":14},{"not_picked":["Exhume","Berserk"],"picked":"Impervious","floor":16},{"not_picked":["True Grit","Pommel Strike","Dropkick"],"picked":"SKIP","floor":18},{"not_picked":["Searing Blow","Clash","Cleave"],"picked":"SKIP","floor":20},{"not_picked":["True Grit","Corruption","Burning Pact+1"],"picked":"SKIP","floor":22},{"not_picked":["Clash","Pommel Strike"],"picked":"Uppercut","floor":23}],"player_experience":285528,"relics_obtained":[{"floor":6,"key":"Oddly Smooth Stone"},{"floor":8,"key":"Tiny Chest"},{"floor":9,"key":"Smiling Mask"},{"floor":13,"key":"Bag of Preparation"},{"floor":23,"key":"WingedGreaves"}],"event_choices":[{"cards_removed":["Writhe"],"damage_healed":0,"gold_gain":0,"player_choice":"Card Removal","damage_taken":0,"max_hp_gain":0,"max_hp_loss":0,"event_name":"The Cleric","floor":2,"gold_loss":75},{"damage_healed":0,"gold_gain":0,"player_choice":"Ignored","damage_taken":0,"max_hp_gain":0,"max_hp_loss":0,"event_name":"Liars Game","floor":3,"gold_loss":0},{"damage_healed":0,"gold_gain":0,"player_choice":"Became a vampire","damage_taken":0,"max_hp_gain":0,"max_hp_loss":23,"event_name":"Vampires","floor":19,"gold_loss":0,"cards_obtained":["Bite","Bite","Bite","Bite","Bite"]},{"damage_healed":0,"gold_gain":0,"player_choice":"Upgraded","damage_taken":0,"max_hp_gain":0,"max_hp_loss":0,"event_name":"Upgrade Shrine","floor":21,"gold_loss":0,"cards_upgraded":["Whirlwind"]}],"is_beta":false,"boss_relics":[{"not_picked":["Runic Dome","Velvet Choker"],"picked":"Philosopher\u0027s Stone"}],"items_purged_floors":[],"is_endless":false,"potions_floor_spawned":[6,8,11,16,20,23],"killed_by":"Slavers","ascension_level":16}