{"gold_per_floor":[211,136,153,176,251,251,266,266,266,297,327,327,352,216,216,216],"floor_reached":16,"playtime":1273,"items_purged":["Strike_G","Strike_G"],"score":117,"play_id":"0d68eac9-6408-4a15-9d00-94b7c53e0808","local_time":"20190217235058","is_ascension_mode":true,"campfire_choices":[{"data":"Infinite Blades","floor":6,"key":"SMITH"},{"floor":8,"key":"REST"},{"floor":15,"key":"REST"}],"neow_cost":"NONE","seed_source_timestamp":311007124645794,"circlet_count":0,"master_deck":["Defend_G","Defend_G","Defend_G","Defend_G","Defend_G","Strike_G","Strike_G","Strike_G","Survivor","Neutralize","Infinite Blades+1","Finisher","Accuracy","Accuracy"],"relics":["Ring of the Snake","Centennial Puzzle","Vajra","Bottled Tornado","Art of War"],"potions_floor_usage":[13],"damage_taken":[{"damage":5,"enemies":"Cultist","floor":1,"turns":5},{"damage":0,"enemies":"2 Louse","floor":3,"turns":4},{"damage":5,"enemies":"Small Slimes","floor":7,"turns":5},{"damage":21,"enemies":"Lagavulin","floor":10,"turns":10},{"damage":9,"enemies":"3 Sentries","floor":13,"turns":9},{"damage":62,"enemies":"Slime Boss","floor":16,"turns":11}],"seed_played":"-8416423301686157323","potions_obtained":[{"floor":3,"key":"Poison Potion"}],"is_trial":false,"path_per_floor":["M","$","M","T","?","R","M","R","T","E","?","?","E","$","R","B"],"character_chosen":"THE_SILENT","items_purchased":["Accuracy"],"campfire_rested":2,"item_purchase_floors":[14],"current_hp_per_floor":[65,65,65,65,54,54,49,70,70,49,49,49,40,40,61,0],"gold":216,"neow_bonus":"HUNDRED_GOLD","is_prod":false,"is_daily":false,"chose_seed":false,"campfire_upgraded":1,"win_rate":0,"timestamp":1550415058,"path_taken":["M","$","M","?","?","R","M","R","T","E","?","?","E","$","R","BOSS"],"build_version":"2019-01-23","purchased_purges":2,"victory":false,"max_hp_per_floor":[70,70,70,70,70,70,70,70,70,70,70,70,70,70,70,70],"card_choices":[{"not_picked":["Quick Slash","Masterful Stab"],"picked":"Infinite Blades","floor":1},{"not_picked":["Dagger Spray","Outmaneuver","Deadly Poison"],"picked":"SKIP","floor":3},{"not_picked":["Dagger Throw","Crippling Poison","PiercingWail"],"picked":"SKIP","floor":7},{"not_picked":["Riddle With Holes","Backstab"],"picked":"Finisher","floor":10},{"not_picked":["Malaise","Eviscerate"],"picked":"Accuracy","floor":13}],"player_experience":104339,"relics_obtained":[{"floor":4,"key":"Centennial Puzzle"},{"floor":9,"key":"Vajra"},{"floor":10,"key":"Bottled Tornado"},{"floor":13,"key":"Art of War"}],"event_choices":[{"damage_healed":0,"gold_gain":75,"player_choice":"Gather Gold","damage_taken":11,"max_hp_gain":0,"max_hp_loss":0,"event_name":"World of Goop","floor":5,"gold_loss":0},{"damage_healed":0,"gold_gain":30,"player_choice":"Searched \u00272\u0027 times","damage_taken":0,"max_hp_gain":0,"max_hp_loss":0,"event_name":"Dead Adventurer","floor":11,"gold_loss":0},{"damage_healed":0,"gold_gain":0,"player_choice":"Bought 0 Potions","damage_taken":0,"max_hp_gain":0,"max_hp_loss":0,"event_name":"The Woman in Blue","floor":12,"gold_loss":0}],"is_beta":false,"boss_relics":[],"items_purged_floors":[2,14],"is_endless":false,"potions_floor_spawned":[3],"killed_by":"Slime Boss","ascension_level":2}