{"gold_per_floor":[117,117,192,213,93,93,14,52,52,95,95,110,110,154,154,285,285,310,435,385,403,422,422,445,77,154,154,154,172,172,196,196,327,327,345,366,366,390,414,414,438,438,464,464,495,495,533,32,32,32],"floor_reached":50,"playtime":2395,"items_purged":[],"score":668,"play_id":"f783ca5b-a96f-433c-ba52-affdae268cf0","local_time":"20190201193543","is_ascension_mode":false,"campfire_choices":[{"floor":6.0,"key":"REST"},{"floor":11.0,"key":"REST"},{"data":"Perfected Strike","floor":13.0,"key":"SMITH"},{"floor":15.0,"key":"REST"},{"data":"1","floor":23.0,"key":"LIFT"},{"data":"2","floor":30.0,"key":"LIFT"},{"data":"3","floor":32.0,"key":"LIFT"},{"data":"Searing Blow+1","floor":40,"key":"SMITH"},{"data":"Infernal Blade","floor":42,"key":"SMITH"},{"data":"Shockwave","floor":44,"key":"SMITH"},{"data":"Bash","floor":49,"key":"SMITH"}],"neow_cost":"NONE","seed_source_timestamp":0,"circlet_count":0,"master_deck":["Strike_R","Strike_R","Strike_R","Strike_R","Defend_R","Defend_R","Defend_R","Defend_R","Bash+1","Perfected Strike","Perfected Strike+1","Flex","Bandage Up","Spot Weakness","Offering","Anger","Perfected Strike","Pommel Strike+1","Bludgeon+1","Blood for Blood+1","Perfected Strike+1","Rampage+1","Searing Blow+2","Perfected Strike+1","Cleave+1","Blood for Blood+1","Heavy Blade+1","Shockwave+1","Armaments","Infernal Blade+1","Double Tap","Iron Wave+1","Fire Breathing+1","Feed+1","Clash+1","Flex+1","Whirlwind+1","Flame Barrier","Iron Wave+1","Battle Trance","Shockwave+1","Juggernaut","Rage","Ghostly Armor","Swift Strike+1"],"special_seed":0,"relics":["Mark of Pain","Golden Idol","Lantern","Kunai","Magic Flower","Molten Egg 2","Orrery","Girya","Pear","Blood Vial","Brimstone","Gremlin Horn","Du-Vu Doll","Eternal Feather","PreservedInsect","Ice Cream","Mummified Hand","Nunchaku"],"potions_floor_usage":[45,50,50,50,50,50,50],"damage_taken":[{"damage":7.0,"enemies":"Small Slimes","floor":1.0,"turns":4.0},{"damage":11.0,"enemies":"Jaw Worm","floor":4.0,"turns":2.0},{"damage":19.0,"enemies":"Lagavulin","floor":8.0,"turns":5.0},{"damage":20.0,"enemies":"Gremlin Nob","floor":10.0,"turns":3.0},{"damage":0.0,"enemies":"Cultist","floor":12.0,"turns":2.0},{"damage":24.0,"enemies":"Lagavulin","floor":14.0,"turns":3.0},{"damage":35.0,"enemies":"Hexaghost","floor":16.0,"turns":6.0},{"damage":5.0,"enemies":"Chosen","floor":18.0,"turns":2.0},{"damage":12.0,"enemies":"Colosseum Slavers","floor":19.0,"turns":2.0},{"damage":7.0,"enemies":"Colosseum Nobs","floor":19.0,"turns":2.0},{"damage":16.0,"enemies":"2 Thieves","floor":21.0,"turns":2.0},{"damage":6.0,"enemies":"Snecko","floor":22.0,"turns":2.0},{"damage":12.0,"enemies":"Centurion and Healer","floor":24.0,"turns":3.0},{"damage":14.0,"enemies":"Shelled Parasite and Fungi","floor":29.0,"turns":2.0},{"damage":6.0,"enemies":"Snecko","floor":31.0,"turns":2.0},{"damage":28.0,"enemies":"Champ","floor":33.0,"turns":5.0},{"damage":10,"enemies":"3 Darklings","floor":35,"turns":3},{"damage":28,"enemies":"3 Shapes","floor":36,"turns":2},{"damage":12,"enemies":"Sphere and 2 Shapes","floor":38,"turns":3},{"damage":23,"enemies":"Jaw Worm Horde","floor":39,"turns":3},{"damage":17,"enemies":"Writhing Mass","floor":41,"turns":2},{"damage":0,"enemies":"Reptomancer","floor":45,"turns":1},{"damage":0,"enemies":"Giant Head","floor":47,"turns":3},{"damage":107,"enemies":"Awakened One","floor":50,"turns":5}],"seed_played":"-491451165211386961","potions_obtained":[{"floor":4.0,"key":"Block Potion"},{"floor":8.0,"key":"Dexterity Potion"},{"floor":14.0,"key":"SmokeBomb"},{"floor":16.0,"key":"Regen Potion"},{"floor":18.0,"key":"Poison Potion"},{"floor":29.0,"key":"EntropicBrew"},{"floor":35,"key":"Swift Potion"},{"floor":45,"key":"FearPotion"},{"floor":47,"key":"Block Potion"}],"is_trial":false,"path_per_floor":["M","?","?","M","$","R","$","E","T","E","R","M","R","E","R","B",null,"M","?","?","M","M","R","M","$","T","?","T","M","R","M","R","B",null,"M","M","?","M","M","R","M","R","T","R","E","?","E","$","R","B"],"character_chosen":"IRONCLAD","items_purchased":["Flex","Bandage Up","Spot Weakness","Blood Vial","Brimstone","Infernal Blade","Nunchaku","Rage","Ghostly Armor","Swift Strike+1"],"campfire_rested":3,"item_purchase_floors":[5,5,7,25,25,25,48,48,48,48],"current_hp_per_floor":[73,53,42,31,31,55,55,40,40,24,48,48,48,30,54,25,80,75,72,72,62,56,56,58,58,58,58,58,53,53,50,50,31,90,86,61,61,52,32,53,39,60,60,81,90,90,90,90,90,0],"gold":32,"neow_bonus":"BOSS_RELIC","is_prod":false,"is_daily":false,"chose_seed":false,"campfire_upgraded":5,"win_rate":0.0,"timestamp":1549020943,"path_taken":["M","?","?","M","?","R","$","E","T","E","R","?","R","E","R","BOSS","M","?","?","M","M","R","?","?","T","?","?","M","R","M","R","BOSS","M","M","?","?","M","R","M","R","T","R","E","?","E","$","R","BOSS"],"build_version":"2019-01-23","purchased_purges":0,"victory":false,"max_hp_per_floor":[80,80,80,80,80,80,80,80,80,80,80,80,80,80,80,80,80,80,90,90,90,90,90,90,90,90,90,90,90,90,90,90,90,90,90,90,90,90,90,90,90,90,90,90,90,90,90,90,90,90],"card_choices":[{"not_picked":["Intimidate","Twin Strike"],"picked":"Perfected Strike","floor":1.0},{"not_picked":["Heavy Blade","Power Through"],"picked":"Perfected Strike","floor":4.0},{"not_picked":["Combust","Seeing Red"],"picked":"Offering","floor":8.0},{"not_picked":["Sword Boomerang","Iron Wave"],"picked":"Anger","floor":10.0},{"not_picked":["Entrench","Rampage"],"picked":"Perfected Strike","floor":12.0},{"not_picked":["Twin Strike","Rupture"],"picked":"Pommel Strike","floor":14.0},{"not_picked":["Double Tap","Limit Break"],"picked":"Bludgeon+1","floor":16.0},{"not_picked":["Sword Boomerang+1","Anger+1"],"picked":"Blood for Blood+1","floor":17.0},{"not_picked":["Fire Breathing","Anger+1"],"picked":"Perfected Strike+1","floor":17.0},{"not_picked":["Reckless Charge+1","Sword Boomerang+1"],"picked":"Rampage+1","floor":17.0},{"not_picked":["Rampage+1","Twin Strike+1"],"picked":"Searing Blow+1","floor":17.0},{"not_picked":["Anger+1","Brutality"],"picked":"Perfected Strike+1","floor":17.0},{"not_picked":["Clash+1","Headbutt+1"],"picked":"Cleave+1","floor":18.0},{"not_picked":["Iron Wave+1","Infernal Blade"],"picked":"Blood for Blood+1","floor":19.0},{"not_picked":["Body Slam+1","Armaments"],"picked":"Heavy Blade+1","floor":21.0},{"not_picked":["Feel No Pain","Corruption"],"picked":"Shockwave","floor":22.0},{"not_picked":["Iron Wave+1","Inflame"],"picked":"Armaments","floor":24.0},{"not_picked":["Shrug It Off","Armaments"],"picked":"Iron Wave+1","floor":29.0},{"not_picked":["Pommel Strike+1","Clash+1"],"picked":"Fire Breathing+1","floor":31.0},{"not_picked":["Limit Break","Brutality"],"picked":"Feed+1","floor":33.0},{"not_picked":["Twin Strike+1","Headbutt+1"],"picked":"Clash+1","floor":35},{"not_picked":["Dropkick+1","Headbutt+1"],"picked":"Flex+1","floor":36},{"not_picked":["Second Wind","Corruption"],"picked":"Whirlwind+1","floor":38},{"not_picked":["Pommel Strike+1","Sword Boomerang+1"],"picked":"Flame Barrier","floor":39},{"not_picked":["Flex+1","Entrench"],"picked":"Iron Wave+1","floor":41},{"not_picked":["Searing Blow+1","Rampage+1"],"picked":"Battle Trance","floor":45},{"not_picked":["Cleave+1","Spot Weakness+1"],"picked":"Juggernaut","floor":47}],"player_experience":85839,"relics_obtained":[{"floor":8.0,"key":"Lantern"},{"floor":9.0,"key":"Kunai"},{"floor":10.0,"key":"Magic Flower"},{"floor":14.0,"key":"Molten Egg 2"},{"floor":19.0,"key":"Girya"},{"floor":19.0,"key":"Pear"},{"floor":26.0,"key":"Gremlin Horn"},{"floor":28.0,"key":"Du-Vu Doll"},{"floor":43,"key":"PreservedInsect"},{"floor":45,"key":"Ice Cream"},{"floor":47,"key":"Mummified Hand"}],"event_choices":[{"damage_healed":0.0,"max_hp_gain":0.0,"max_hp_loss":0.0,"gold_gain":0.0,"event_name":"Golden Idol","player_choice":"Take Damage","floor":2.0,"gold_loss":0.0,"damage_taken":20.0,"relics_obtained":["Golden Idol"]},{"damage_healed":0.0,"max_hp_gain":0.0,"max_hp_loss":0.0,"gold_gain":75.0,"event_name":"World of Goop","player_choice":"Gather Gold","floor":3.0,"gold_loss":0.0,"damage_taken":11.0},{"damage_healed":0.0,"max_hp_gain":0.0,"max_hp_loss":0.0,"gold_gain":0.0,"event_name":"Colosseum","player_choice":"Fight","floor":19.0,"gold_loss":0.0,"damage_taken":0.0},{"damage_healed":0.0,"max_hp_gain":0.0,"max_hp_loss":0.0,"gold_gain":0.0,"event_name":"Colosseum","player_choice":"Fought Nobs","floor":19.0,"gold_loss":0.0,"damage_taken":0.0},{"damage_healed":0.0,"max_hp_gain":0.0,"max_hp_loss":0.0,"gold_gain":0.0,"event_name":"The Joust","player_choice":"Bet on Murderer","floor":20.0,"gold_loss":50.0,"damage_taken":0.0},{"damage_healed":0.0,"max_hp_gain":0.0,"max_hp_loss":0.0,"gold_gain":0.0,"event_name":"The Library","player_choice":"Read","floor":27.0,"gold_loss":0.0,"damage_taken":0.0,"cards_obtained":["Double Tap"]},{"cards_removed":["Strike_R"],"damage_healed":0,"gold_gain":0,"player_choice":"Purged","damage_taken":0,"max_hp_gain":0,"max_hp_loss":0,"event_name":"Purifier","floor":37,"gold_loss":0},{"damage_healed":0,"gold_gain":0,"player_choice":"Copied","damage_taken":0,"max_hp_gain":0,"max_hp_loss":0,"event_name":"Duplicator","floor":46,"gold_loss":0,"cards_obtained":["Shockwave"]}],"is_beta":false,"boss_relics":[{"not_picked":["Sozu","Busted Crown"],"picked":"Orrery"},{"not_picked":["Fusion Hammer","Pandora\u0027s Box"],"picked":"Eternal Feather"}],"items_purged_floors":[],"is_endless":false,"potions_floor_spawned":[4,8,14,16,18,21,22,29,31,35,39,45,47],"killed_by":"Awakened One","ascension_level":0}