{"gold_per_floor":[118,13,31,51,12,43,54,71,94,94,269,287,287,287],"floor_reached":14,"playtime":880,"items_purged":[],"score":92,"play_id":"09c57a5d-6abc-4454-90c0-8188d08bd50f","local_time":"20190118095949","is_ascension_mode":false,"campfire_choices":[{"floor":10,"key":"REST"}],"neow_cost":"NONE","seed_source_timestamp":528152655877198,"circlet_count":0,"master_deck":["Defend_G","Defend_G+1","Defend_G","Defend_G","Defend_G+1","Strike_G","Strike_G","Strike_G","Strike_G","Strike_G","Survivor","Neutralize","Bouncing Flask","Outmaneuver","Footwork","Calculated Gamble","Bane","Footwork","Infinite Blades","Eviscerate+1","Leg Sweep","Doubt","Endless Agony+1"],"relics":["Ring of the Snake","Molten Egg 2","Vajra","War Paint"],"potions_floor_usage":[],"damage_taken":[{"damage":2,"enemies":"Cultist","floor":1,"turns":5},{"damage":3,"enemies":"Jaw Worm","floor":3,"turns":3},{"damage":3,"enemies":"Small Slimes","floor":4,"turns":4},{"damage":37,"enemies":"Gremlin Nob","floor":6,"turns":5},{"damage":18,"enemies":"3 Louse","floor":7,"turns":4},{"damage":13,"enemies":"Red Slaver","floor":8,"turns":5},{"damage":9,"enemies":"Exordium Wildlife","floor":12,"turns":4},{"damage":13,"enemies":"Lagavulin","floor":14,"turns":5}],"seed_played":"-3793324813718596903","potions_obtained":[{"floor":3,"key":"FearPotion"},{"floor":7,"key":"EntropicBrew"},{"floor":12,"key":"SteroidPotion"}],"is_trial":false,"path_per_floor":["M","$","M","M","$","E","M","M","T","R","?","M","?","E"],"character_chosen":"THE_SILENT","items_purchased":["Outmaneuver","Footwork","Footwork"],"campfire_rested":1,"item_purchase_floors":[2,2,5],"current_hp_per_floor":[75,75,72,69,69,32,14,1,1,24,24,15,12,0],"gold":287,"neow_bonus":"TEN_PERCENT_HP_BONUS","is_prod":false,"is_daily":false,"chose_seed":false,"campfire_upgraded":0,"win_rate":0,"timestamp":1547776789,"path_taken":["M","$","M","M","?","E","M","M","T","R","?","M","?","E"],"build_version":"2019-01-17","purchased_purges":0,"victory":false,"max_hp_per_floor":[77,77,77,77,77,77,77,77,77,77,77,77,77,77],"card_choices":[{"not_picked":["Dagger Throw","Prepared"],"picked":"Bouncing Flask","floor":1},{"not_picked":["Sucker Punch","Flechettes"],"picked":"Calculated Gamble","floor":3},{"not_picked":["Prepared","Dagger Spray"],"picked":"Bane","floor":4},{"not_picked":["Dodge and Roll","Skewer"],"picked":"Infinite Blades","floor":6},{"not_picked":["Heel Hook+1","Dagger Throw+1"],"picked":"Eviscerate+1","floor":7},{"not_picked":["Reflex","Dodge and Roll"],"picked":"Leg Sweep","floor":8},{"not_picked":["Reflex","Deflect"],"picked":"Endless Agony+1","floor":12}],"player_experience":54044,"relics_obtained":[{"floor":6,"key":"Molten Egg 2"},{"floor":9,"key":"Vajra"}],"event_choices":[{"damage_healed":0,"gold_gain":175,"player_choice":"AGREE","damage_taken":0,"max_hp_gain":0,"max_hp_loss":0,"event_name":"Liars Game","floor":11,"gold_loss":0,"cards_obtained":["Doubt"]},{"damage_healed":0,"gold_gain":0,"player_choice":"Success","damage_taken":3,"relics_obtained":["War Paint"],"max_hp_gain":0,"max_hp_loss":0,"event_name":"Scrap Ooze","floor":13,"gold_loss":0}],"is_beta":false,"boss_relics":[],"items_purged_floors":[],"is_endless":false,"potions_floor_spawned":[3,7,12],"killed_by":"Lagavulin","ascension_level":0}