{"gold_per_floor":[110,122,19,38,38,76,76,91,91,266,291,314,22,66,66,192,192,213,123,138,151,172,172,197,197,197,197,70,85,85,12,12,141,141,160,160,175,198,221,221,239,26,53,109,109],"floor_reached":45,"playtime":11217,"items_purged":[],"score":479,"play_id":"a86cdf1f-b859-49ec-82d8-54f2d244d439","local_time":"20190215012800","is_ascension_mode":false,"campfire_choices":[{"data":"Conserve Battery","floor":7,"key":"SMITH"},{"floor":15,"key":"REST"},{"floor":23,"key":"REST"},{"floor":27,"key":"REST"},{"floor":30,"key":"REST"},{"floor":32,"key":"REST"},{"floor":40,"key":"REST"}],"neow_cost":"NONE","seed_source_timestamp":0,"circlet_count":0,"master_deck":["Strike_B","Strike_B+1","Strike_B","Strike_B","Defend_B","Defend_B","Defend_B","Defend_B","Zap","Dualcast","Thunder Strike","Glacier","Sweeping Beam","Sweeping Beam","Static Discharge","Injury","Conserve Battery+1","Loop","Leap","Creative AI","Rebound","Capacitor","Electrodynamics","Buffer","Ball Lightning+1","Conserve Battery+1","Beam Cell","Streamline","Coolheaded+1","Double Energy","Enlightenment","Beam Cell","Go for the Eyes","Self Repair","Meteor Strike","Undo+1","Mayhem","Deep Breath","Discovery","Hologram+1","Melter+1","Capacitor+1","Echo Form","Turbo","Gash","Barrage+1"],"special_seed":0,"relics":["Cracked Core","Golden Idol","Strawberry","Happy Flower","Sling","Letter Opener","Nuclear Battery","Pear","Lizard Tail","Pen Nib","Potion Belt","Shovel"],"potions_floor_usage":[6,8,14,24,24,24,38,44,45],"damage_taken":[{"damage":1,"enemies":"Cultist","floor":1,"turns":3},{"damage":1,"enemies":"2 Louse","floor":2,"turns":3},{"damage":7,"enemies":"Jaw Worm","floor":4,"turns":4},{"damage":36,"enemies":"Lagavulin","floor":6,"turns":5},{"damage":1,"enemies":"Exordium Thugs","floor":8,"turns":5},{"damage":3,"enemies":"2 Fungi Beasts","floor":11,"turns":3},{"damage":7,"enemies":"Lots of Slimes","floor":12,"turns":3},{"damage":6,"enemies":"3 Sentries","floor":14,"turns":4},{"damage":12,"enemies":"Hexaghost","floor":16,"turns":11},{"damage":9,"enemies":"Shell Parasite","floor":18,"turns":8},{"damage":14,"enemies":"3 Byrds","floor":20,"turns":2},{"damage":26,"enemies":"Centurion and Healer","floor":21,"turns":7},{"damage":27,"enemies":"Cultist and Chosen","floor":22,"turns":7},{"damage":10,"enemies":"Sentry and Sphere","floor":24,"turns":5},{"damage":30,"enemies":"Snake Plant","floor":29,"turns":7},{"damage":77,"enemies":"Automaton","floor":33,"turns":11},{"damage":41,"enemies":"3 Darklings","floor":35,"turns":7},{"damage":9,"enemies":"3 Shapes","floor":37,"turns":2},{"damage":42,"enemies":"Transient","floor":38,"turns":5},{"damage":21,"enemies":"Sphere and 2 Shapes","floor":39,"turns":5},{"damage":0,"enemies":"3 Darklings","floor":41,"turns":7},{"damage":81,"enemies":"2 Orb Walkers","floor":44,"turns":5},{"damage":22,"enemies":"Writhing Mass","floor":45,"turns":2}],"seed_played":"210606844554674953","potions_obtained":[{"floor":1,"key":"Swift Potion"},{"floor":2,"key":"Fire Potion"},{"floor":12,"key":"Energy Potion"},{"floor":16,"key":"Block Potion"},{"floor":18,"key":"AttackPotion"},{"floor":20,"key":"EssenceOfSteel"},{"floor":33,"key":"Regen Potion"},{"floor":35,"key":"GamblersBrew"},{"floor":41,"key":"Poison Potion"},{"floor":44,"key":"EssenceOfSteel"}],"is_trial":false,"path_per_floor":["$","?","?","M","?","M","?","$","?","?"],"character_chosen":"DEFECT","items_purchased":["Sweeping Beam","Static Discharge","Sling","Rebound","Capacitor","Enlightenment","Beam Cell","Self Repair","Pen Nib","Turbo","Gash"],"campfire_rested":6,"item_purchase_floors":[3,3,13,13,13,28,28,31,42,42,42],"current_hp_per_floor":[74,73,73,66,66,37,37,36,36,36,33,26,26,20,44,32,82,73,73,59,33,6,30,20,20,30,57,57,27,54,54,81,11,92,58,48,46,26,12,39,46,46,46,13,0],"gold":109,"neow_bonus":"ONE_RANDOM_RARE_CARD","is_prod":false,"is_daily":false,"chose_seed":false,"campfire_upgraded":1,"win_rate":0.0,"timestamp":1550168880,"path_taken":["M","M","?","M","?","E","R","M","T","?","?","M","$","E","R","BOSS","M","?","M","M","M","R","?","?","T","R","$","M","R","?","R","BOSS","M","?","M","M","M","R","M","$","T","?","M"],"build_version":"2019-01-23","purchased_purges":0,"victory":false,"max_hp_per_floor":[75,75,75,75,75,82,82,82,82,82,82,82,82,82,82,82,82,82,82,82,82,82,82,82,82,92,92,92,92,92,92,92,92,92,92,92,92,92,92,92,92,92,92,92,92],"card_choices":[{"not_picked":["Scrape","Fusion"],"picked":"Glacier","floor":1},{"not_picked":["Leap","Aggregate"],"picked":"Sweeping Beam","floor":2},{"not_picked":["Rebound","Darkness"],"picked":"FTL","floor":4},{"not_picked":["Steam Power","Cold Snap"],"picked":"Conserve Battery","floor":6},{"not_picked":["Sweeping Beam","Undo"],"picked":"Loop","floor":8},{"not_picked":["Skim","Barrage"],"picked":"Leap","floor":11},{"not_picked":["Stack","Auto Shields"],"picked":"Creative AI","floor":12},{"not_picked":["Sweeping Beam","Turbo"],"picked":"Electrodynamics","floor":14},{"not_picked":["Core Surge","Seek"],"picked":"Buffer","floor":16},{"not_picked":["Leap","White Noise"],"picked":"Ball Lightning+1","floor":18},{"not_picked":["Rebound","Stack"],"picked":"Conserve Battery+1","floor":20},{"not_picked":["Conserve Battery","Hologram"],"picked":"Beam Cell","floor":21},{"not_picked":["Double Energy","Cold Snap"],"picked":"Streamline","floor":22},{"not_picked":["Blizzard","Sweeping Beam"],"picked":"Coolheaded+1","floor":24},{"not_picked":["Hologram","Sweeping Beam+1"],"picked":"Go for the Eyes","floor":29},{"not_picked":["Biased Cognition","Thunder Strike"],"picked":"Meteor Strike","floor":33},{"not_picked":["Coolheaded+1","Conserve Battery+1"],"picked":"Undo+1","floor":35},{"not_picked":["Impatience","PanicButton"],"picked":"Mayhem","floor":36},{"not_picked":["Flash of Steel","Enlightenment"],"picked":"Deep Breath","floor":36},{"not_picked":["Bandage Up","PanicButton"],"picked":"Discovery","floor":36},{"not_picked":["Stack","Streamline"],"picked":"Hologram+1","floor":37},{"not_picked":["Undo+1","Compile Driver+1"],"picked":"Melter+1","floor":38},{"not_picked":["Go for the Eyes","Steam"],"picked":"Capacitor+1","floor":39},{"not_picked":["Beam Cell+1","Hologram+1"],"picked":"Echo Form","floor":41},{"not_picked":["Streamline+1","Storm"],"picked":"Barrage+1","floor":44}],"player_experience":100947,"relics_obtained":[{"floor":6,"key":"Strawberry"},{"floor":9,"key":"Happy Flower"},{"floor":14,"key":"Letter Opener"},{"floor":26,"key":"Pear"},{"floor":43,"key":"Potion Belt"},{"floor":44,"key":"Shovel"}],"event_choices":[{"damage_healed":0,"gold_gain":0,"player_choice":"Take Wound","damage_taken":0,"relics_obtained":["Golden Idol"],"max_hp_gain":0,"max_hp_loss":0,"event_name":"Golden Idol","floor":5,"gold_loss":0,"cards_obtained":["Injury"]},{"damage_healed":0,"gold_gain":175,"player_choice":"AGREE","damage_taken":0,"max_hp_gain":0,"max_hp_loss":0,"event_name":"Liars Game","floor":10,"gold_loss":0,"cards_obtained":["Doubt"]},{"cards_removed":["Doubt"],"damage_healed":0,"gold_gain":0,"player_choice":"Upgrade and Remove","damage_taken":0,"max_hp_gain":0,"max_hp_loss":0,"event_name":"Designer","floor":19,"gold_loss":90,"cards_upgraded":["Strike_B"]},{"damage_healed":0,"gold_gain":0,"cards_transformed":["FTL"],"player_choice":"Transformed","damage_taken":0,"max_hp_gain":0,"max_hp_loss":0,"event_name":"Transmorgrifier","floor":25,"gold_loss":0,"cards_obtained":["Double Energy"]},{"damage_healed":0,"gold_gain":0,"player_choice":"Memory 3","damage_taken":10,"max_hp_gain":0,"max_hp_loss":0,"event_name":"SensoryStone","floor":36,"gold_loss":0},{"damage_healed":0,"gold_gain":0,"player_choice":"Fight","damage_taken":0,"max_hp_gain":0,"max_hp_loss":0,"event_name":"Mysterious Sphere","floor":44,"gold_loss":0}],"is_beta":false,"boss_relics":[{"not_picked":["White Beast Statue","Philosopher\u0027s Stone"],"picked":"Nuclear Battery"},{"not_picked":["Fusion Hammer","Tiny House"],"picked":"Lizard Tail"}],"items_purged_floors":[],"is_endless":false,"potions_floor_spawned":[1,2,12,16,18,20,22,33,35,41,44],"killed_by":"Writhing Mass","ascension_level":0}