{"gold_per_floor":[114,114,129,129,148,186,36,74,74,93,112,118,156,175,175,300,363,382,507,43,43,62,162,181,181,256,256,294,338,357,376,376,501,501,520,17,36,36,55,55,74,74,99,99,118,47,47,47,47,47],"floor_reached":51,"playtime":3465,"items_purged":["Injury"],"score":964,"play_id":"76a06e77-1200-4fde-a74b-e71f81b62372","local_time":"20190103012941","daily_mods":["Insanity","Colorless Cards","Terminal"],"is_ascension_mode":false,"campfire_choices":[{"data":"Mind Blast","floor":15,"key":"SMITH"},{"data":"Noxious Fumes","floor":25,"key":"SMITH"},{"data":"Escape Plan","floor":27,"key":"SMITH"},{"data":"All Out Attack","floor":32,"key":"SMITH"},{"data":"PanicButton","floor":40,"key":"SMITH"},{"data":"Panache","floor":49,"key":"SMITH"}],"neow_cost":"","seed_source_timestamp":114811541838051,"circlet_count":0,"master_deck":["Dagger Spray","Deadly Poison","Acrobatics","Slice","Expertise","PiercingWail","Blade Dance","Deflect","Dagger Spray","Finisher","Expertise","Mind Blast+1","Sucker Punch","Leg Sweep","Dodge and Roll","PanicButton+1","Jack Of All Trades","PiercingWail","Terror","Bane","Acrobatics","Deadly Poison","Cloak And Dagger","Dagger Throw","Flying Knee","Deadly Poison","PiercingWail","Masterful Stab","Caltrops","Dodge and Roll","Well Laid Plans","All Out Attack+1","Infinite Blades","Deflect","Quick Slash","Dodge and Roll","Slice+1","Trip","PiercingWail","Quick Slash","Calculated Gamble","Skewer","Good Instincts","Infinite Blades","Bane","Underhanded Strike","Crippling Poison","Cloak And Dagger","Leg Sweep","Discovery","Dodge and Roll","PiercingWail","Deflect","Infinite Blades","Dagger Spray","Deflect","Bandage Up","Slice","Transmutation","Slice","Cloak And Dagger+1","Noxious Fumes+1","Escape Plan+1","Quick Slash","Forethought","Deflect+1","Slice","Infinite Blades","Backstab+1","Cloak And Dagger","Finesse","Panache+1","Poisoned Stab+1","Noxious Fumes","Panacea","Poisoned Stab+1","Slice+1","Swift Strike+1","Deflect","Deflect+1","Flying Knee+1","Noxious Fumes","Dramatic Entrance+1"],"special_seed":17898,"relics":["Ring of the Snake","Golden Idol","Regal Pillow","Boot","Thread and Needle","Meat on the Bone","Odd Mushroom","Darkstone Periapt","Tiny House","Tingsha","Matryoshka","Orichalcum","ClockworkSouvenir","Blood Vial","Molten Egg 2","Art of War","Coffee Dripper","Mercury Hourglass","Bronze Scales","Omamori"],"potions_floor_usage":[19,33,50,50],"damage_taken":[{"damage":0,"enemies":"Jaw Worm","floor":1,"turns":1},{"damage":0,"enemies":"Cultist","floor":3,"turns":1},{"damage":0,"enemies":"2 Louse","floor":5,"turns":1},{"damage":9,"enemies":"Lagavulin","floor":6,"turns":3},{"damage":0,"enemies":"Gremlin Nob","floor":8,"turns":2},{"damage":0,"enemies":"2 Fungi Beasts","floor":10,"turns":2},{"damage":0,"enemies":"Blue Slaver","floor":11,"turns":1},{"damage":0,"enemies":"The Mushroom Lair","floor":12,"turns":3},{"damage":0,"enemies":"Lagavulin","floor":13,"turns":6},{"damage":0,"enemies":"Exordium Wildlife","floor":14,"turns":2},{"damage":33,"enemies":"The Guardian","floor":16,"turns":8},{"damage":0,"enemies":"Shell Parasite","floor":18,"turns":4},{"damage":0,"enemies":"Colosseum Slavers","floor":19,"turns":4},{"damage":13,"enemies":"Colosseum Nobs","floor":19,"turns":4},{"damage":0,"enemies":"3 Byrds","floor":22,"turns":3},{"damage":0,"enemies":"Centurion and Healer","floor":24,"turns":4},{"damage":5,"enemies":"Slavers","floor":28,"turns":5},{"damage":0,"enemies":"3 Cultists","floor":29,"turns":4},{"damage":0,"enemies":"Shelled Parasite and Fungi","floor":30,"turns":2},{"damage":0,"enemies":"Snake Plant","floor":31,"turns":1},{"damage":22,"enemies":"Automaton","floor":33,"turns":10},{"damage":0,"enemies":"3 Shapes","floor":35,"turns":6},{"damage":0,"enemies":"Orb Walker","floor":37,"turns":1},{"damage":0,"enemies":"Sphere and 2 Shapes","floor":39,"turns":5},{"damage":0,"enemies":"Transient","floor":41,"turns":5},{"damage":0,"enemies":"Spire Growth","floor":45,"turns":4},{"damage":23,"enemies":"Time Eater","floor":50,"turns":12}],"seed_played":"-1260152558293365806","potions_obtained":[{"floor":6,"key":"SkillPotion"},{"floor":8,"key":"Weak Potion"},{"floor":10,"key":"AttackPotion"},{"floor":17,"key":"GhostInAJar"},{"floor":19,"key":"Block Potion"},{"floor":33,"key":"PowerPotion"}],"is_trial":false,"path_per_floor":["M","?","M","?","M","E","$","E","T","M","M","?","E","M","R","B",null,"M","?","$","?","M","?","M","R","T","R","E","M","M","M","R","B",null,"M","$","M","?","M","R","M","?","T","?","M","$","?","?","R","B",null],"character_chosen":"THE_SILENT","items_purchased":["Boot","Orichalcum","ClockworkSouvenir","Noxious Fumes","Escape Plan","Mercury Hourglass","Noxious Fumes","Panacea","Poisoned Stab+1","Noxious Fumes"],"campfire_rested":0,"item_purchase_floors":[7,20,20,20,20,36,36,36,36,46],"current_hp_per_floor":[68,67,66,65,64,55,55,55,55,55,55,55,55,55,54,37,57,56,43,43,43,43,43,47,47,47,47,42,45,44,43,42,32,40,39,38,37,36,35,34,33,32,31,30,29,28,27,26,25,16],"gold":47,"neow_bonus":"","is_prod":false,"is_daily":true,"chose_seed":false,"campfire_upgraded":6,"win_rate":0,"timestamp":1546471781,"path_taken":["M","?","?","?","M","E","$","E","T","M","M","?","E","M","R","BOSS","M","?","$","?","?","?","M","R","T","R","E","M","?","M","R","BOSS","M","$","M","?","?","R","M","?","T","?","M","?","?","?","R","BOSS"],"build_version":"2018-12-20","purchased_purges":1,"victory":true,"max_hp_per_floor":[68,67,66,65,64,63,62,61,60,59,58,57,56,55,54,53,57,56,55,54,53,52,51,50,49,48,47,46,45,44,43,42,41,40,39,38,37,36,35,34,33,32,31,30,29,28,27,26,25,24],"card_choices":[{"not_picked":["Cloak And Dagger","Bane"],"picked":"Discovery","floor":1},{"not_picked":["Choke","Concentrate"],"picked":"Dodge and Roll","floor":3},{"not_picked":["Acrobatics","Enlightenment"],"picked":"PiercingWail","floor":5},{"not_picked":["Dagger Spray","Dagger Throw"],"picked":"Deflect","floor":6},{"not_picked":["Outmaneuver","Blade Dance"],"picked":"Infinite Blades","floor":8},{"not_picked":["Quick Slash","Underhanded Strike"],"picked":"Chrysalis","floor":10},{"not_picked":["Flying Knee","Acrobatics"],"picked":"Dagger Spray","floor":11},{"not_picked":["Underhanded Strike","Sucker Punch"],"picked":"Deflect","floor":12},{"not_picked":["PiercingWail","Cloak And Dagger"],"picked":"Bandage Up","floor":13},{"not_picked":["Prepared","Bane"],"picked":"Slice","floor":14},{"not_picked":["Malaise","Grand Finale"],"picked":"Transmutation","floor":16},{"not_picked":["Acrobatics","Blade Dance"],"picked":"Slice","floor":17},{"not_picked":["Sucker Punch","Infinite Blades"],"picked":"Slice","floor":18},{"not_picked":["Outmaneuver","Flechettes"],"picked":"Cloak And Dagger+1","floor":19},{"not_picked":["Prepared+1","Flying Knee"],"picked":"Deflect+1","floor":22},{"not_picked":["Caltrops","Dagger Spray+1"],"picked":"Slice","floor":24},{"not_picked":["Malaise","Acrobatics"],"picked":"Infinite Blades","floor":28},{"not_picked":["Deflect+1","Sucker Punch+1"],"picked":"Backstab+1","floor":29},{"not_picked":["Blade Dance","Underhanded Strike+1"],"picked":"Cloak And Dagger","floor":30},{"not_picked":["Well Laid Plans","Terror+1"],"picked":"Finesse","floor":31},{"not_picked":["Die Die Die+1","Violence"],"picked":"Panache","floor":33},{"not_picked":["Prepared","Blade Dance"],"picked":"Poisoned Stab+1","floor":35},{"not_picked":["Outmaneuver","Impatience+1"],"picked":"Slice+1","floor":37},{"not_picked":["PiercingWail","Tactician+1"],"picked":"Deflect","floor":39},{"not_picked":["Dash+1","Prepared+1"],"picked":"Deflect+1","floor":41},{"not_picked":["Backflip+1","Caltrops"],"picked":"Flying Knee+1","floor":45},{"not_picked":["Magnetism","Finesse"],"picked":"Dramatic Entrance+1","floor":47}],"player_experience":91081,"relics_obtained":[{"floor":6,"key":"Regal Pillow"},{"floor":8,"key":"Thread and Needle"},{"floor":9,"key":"Meat on the Bone"},{"floor":12,"key":"Odd Mushroom"},{"floor":13,"key":"Darkstone Periapt"},{"floor":19,"key":"Tingsha"},{"floor":19,"key":"Matryoshka"},{"floor":26,"key":"Blood Vial"},{"floor":26,"key":"Molten Egg 2"},{"floor":28,"key":"Art of War"},{"floor":43,"key":"Bronze Scales"},{"floor":43,"key":"Omamori"}],"event_choices":[{"cards_removed":["Underhanded Strike"],"damage_healed":5,"gold_gain":0,"player_choice":"Offered Common","damage_taken":0,"max_hp_gain":0,"max_hp_loss":0,"event_name":"Bonfire Elementals","floor":2,"gold_loss":0},{"cards_removed":["Underhanded Strike"],"damage_healed":5,"gold_gain":0,"player_choice":"Offered Special","damage_taken":0,"max_hp_gain":0,"max_hp_loss":0,"event_name":"Bonfire Elementals","floor":2,"gold_loss":0},{"damage_healed":0,"gold_gain":0,"player_choice":"Take Wound","damage_taken":0,"relics_obtained":["Golden Idol"],"max_hp_gain":0,"max_hp_loss":0,"event_name":"Golden Idol","floor":4,"gold_loss":0,"cards_obtained":["Injury"]},{"damage_healed":0,"gold_gain":0,"player_choice":"Fought Mushrooms","damage_taken":0,"max_hp_gain":0,"max_hp_loss":0,"event_name":"Mushrooms","floor":12,"gold_loss":0},{"damage_healed":0,"gold_gain":0,"player_choice":"Fight","damage_taken":0,"max_hp_gain":0,"max_hp_loss":0,"event_name":"Colosseum","floor":19,"gold_loss":0},{"damage_healed":0,"gold_gain":0,"player_choice":"Fought Nobs","damage_taken":0,"max_hp_gain":0,"max_hp_loss":0,"event_name":"Colosseum","floor":19,"gold_loss":0},{"damage_healed":0,"gold_gain":0,"player_choice":"2 cards matched","damage_taken":0,"max_hp_gain":0,"max_hp_loss":0,"event_name":"Match and Keep!","floor":21,"gold_loss":0,"cards_obtained":["Quick Slash","Forethought"]},{"damage_healed":0,"gold_gain":100,"player_choice":"Pray","damage_taken":0,"max_hp_gain":0,"max_hp_loss":0,"event_name":"Golden Shrine","floor":23,"gold_loss":0},{"damage_healed":0,"gold_gain":0,"cards_transformed":["Chrysalis"],"player_choice":"Transformed","damage_taken":0,"max_hp_gain":0,"max_hp_loss":0,"event_name":"Transmorgrifier","floor":38,"gold_loss":0,"cards_obtained":["Swift Strike"]},{"cards_removed":["Slice"],"damage_healed":0,"gold_gain":0,"player_choice":"Removed Attack","damage_taken":0,"max_hp_gain":0,"max_hp_loss":0,"event_name":"Falling","floor":42,"gold_loss":0},{"damage_healed":0,"gold_gain":0,"player_choice":"Ignored","damage_taken":0,"max_hp_gain":0,"max_hp_loss":0,"event_name":"Mysterious Sphere","floor":44,"gold_loss":0},{"damage_healed":0,"gold_gain":0,"player_choice":"Memory 1","damage_taken":0,"max_hp_gain":0,"max_hp_loss":0,"event_name":"SensoryStone","floor":47,"gold_loss":0},{"damage_healed":7,"gold_gain":0,"player_choice":"Writhe","damage_taken":0,"max_hp_gain":0,"max_hp_loss":0,"event_name":"Winding Halls","floor":48,"gold_loss":0,"cards_obtained":["Writhe"]}],"is_beta":false,"boss_relics":[{"not_picked":["Snecko Eye","Sozu"],"picked":"Tiny House"},{"not_picked":["Runic Dome","Cursed Key"],"picked":"Coffee Dripper"}],"items_purged_floors":[36],"is_endless":false,"potions_floor_spawned":[6,8,10,16,18,19,30,33,35,39,41],"ascension_level":0}