{"gold_per_floor":[113,63,63,78,103,139,151,163,201,226,262,299,311,67,67,67],"floor_reached":16,"playtime":609,"items_purged":[],"score":163,"play_id":"ea75a8fb-3642-47c2-9e1b-bd738e10b939","local_time":"20190214224813","is_ascension_mode":true,"campfire_choices":[{"floor":8,"key":"REST"},{"data":"Body Slam","floor":13,"key":"SMITH"},{"data":"Metallicize","floor":15,"key":"SMITH"}],"neow_cost":"NONE","seed_source_timestamp":669972645793016,"circlet_count":0,"master_deck":["AscendersBane","Strike_R","Strike_R","Strike_R","Strike_R","Defend_R","Defend_R","Defend_R","Defend_R","Bash","Headbutt","Battle Trance","Havoc","Pommel Strike","Inflame","Metallicize+1","Body Slam+1"],"relics":["Burning Blood","Golden Idol","MawBank","Bronze Scales","Matryoshka"],"potions_floor_usage":[6,11,11,16],"damage_taken":[{"damage":4,"enemies":"Small Slimes","floor":1,"turns":4},{"damage":17,"enemies":"2 Louse","floor":4,"turns":3},{"damage":16,"enemies":"Jaw Worm","floor":5,"turns":4},{"damage":36,"enemies":"Gremlin Nob","floor":6,"turns":5},{"damage":20,"enemies":"Large Slime","floor":10,"turns":6},{"damage":5,"enemies":"Lots of Slimes","floor":11,"turns":4},{"damage":7,"enemies":"2 Fungi Beasts","floor":12,"turns":4},{"damage":18,"enemies":"Hexaghost","floor":16,"turns":9}],"seed_played":"-8270743029587993171","potions_obtained":[{"floor":4,"key":"SpeedPotion"},{"floor":5,"key":"Weak Potion"},{"floor":6,"key":"Block Potion"},{"floor":10,"key":"SkillPotion"},{"floor":12,"key":"GamblersBrew"}],"is_trial":false,"path_per_floor":["M","?","?","M","M","E","?","R","T","M","M","M","R","$","R","B"],"character_chosen":"IRONCLAD","items_purchased":["Matryoshka"],"campfire_rested":1,"item_purchase_floors":[14],"current_hp_per_floor":[82,82,60,49,39,9,2,28,28,14,15,14,14,14,14,0],"gold":67,"neow_bonus":"TEN_PERCENT_HP_BONUS","is_prod":false,"is_daily":false,"chose_seed":false,"campfire_upgraded":2,"win_rate":0,"timestamp":1550177293,"path_taken":["M","?","?","M","M","E","?","R","T","M","M","M","R","$","R","BOSS"],"build_version":"2019-01-23","purchased_purges":0,"victory":false,"max_hp_per_floor":[88,88,88,88,88,88,88,88,88,88,88,88,88,88,88,88],"card_choices":[{"not_picked":["Heavy Blade","Fire Breathing"],"picked":"Headbutt","floor":1},{"not_picked":["Cleave","Twin Strike"],"picked":"Battle Trance","floor":4},{"not_picked":["Cleave","Sword Boomerang"],"picked":"Havoc","floor":5},{"not_picked":["Hemokinesis","Clash"],"picked":"Pommel Strike","floor":6},{"not_picked":["Battle Trance","Warcry"],"picked":"Inflame","floor":10},{"not_picked":["Blood for Blood","Offering"],"picked":"Metallicize","floor":11},{"not_picked":["Battle Trance","Twin Strike"],"picked":"Body Slam","floor":12}],"player_experience":191248,"relics_obtained":[{"floor":6,"key":"MawBank"},{"floor":9,"key":"Bronze Scales"}],"event_choices":[{"cards_removed":["Strike_R"],"damage_healed":0,"gold_gain":0,"player_choice":"Card Removal","damage_taken":0,"max_hp_gain":0,"max_hp_loss":0,"event_name":"The Cleric","floor":2,"gold_loss":50},{"damage_healed":0,"gold_gain":0,"player_choice":"Take Damage","damage_taken":22,"relics_obtained":["Golden Idol"],"max_hp_gain":0,"max_hp_loss":0,"event_name":"Golden Idol","floor":3,"gold_loss":0},{"damage_healed":0,"gold_gain":0,"player_choice":"Fled","damage_taken":7,"max_hp_gain":0,"max_hp_loss":0,"event_name":"Scrap Ooze","floor":7,"gold_loss":0}],"is_beta":false,"boss_relics":[],"items_purged_floors":[],"is_endless":false,"potions_floor_spawned":[4,5,6,10,12],"killed_by":"Hexaghost","ascension_level":12}