{"gold_per_floor":[112,131,206,206,131,131,157,157,181,181,199,199,215,234,234,234],"floor_reached":16,"playtime":192,"items_purged":[],"score":238,"play_id":"e0456ce7-239b-44dd-b970-1f28df8ae1bc","local_time":"20190202222203","is_ascension_mode":true,"campfire_choices":[{"data":"Bash","floor":6,"key":"SMITH"},{"data":"Dropkick","floor":8,"key":"SMITH"},{"data":"Strike_R","floor":10,"key":"SMITH"},{"floor":15,"key":"REST"}],"neow_cost":"NONE","seed_source_timestamp":449197737172300,"circlet_count":0,"master_deck":["AscendersBane","Strike_R","Strike_R","Strike_R","Strike_R","Strike_R+1","Defend_R","Defend_R","Defend_R","Defend_R","Bash+1","Dropkick+1","Infernal Blade"],"relics":["Burning Blood","NeowsBlessing","Oddly Smooth Stone","Pen Nib","Bag of Preparation"],"potions_floor_usage":[],"damage_taken":[{"damage":0,"enemies":"2 Louse","floor":1,"turns":1},{"damage":0,"enemies":"Jaw Worm","floor":2,"turns":1},{"damage":0,"enemies":"3 Sentries","floor":7,"turns":2},{"damage":0,"enemies":"Cultist","floor":11,"turns":3},{"damage":29,"enemies":"Exordium Wildlife","floor":13,"turns":4},{"damage":6,"enemies":"2 Fungi Beasts","floor":14,"turns":2},{"damage":0,"enemies":"The Guardian","floor":16,"turns":1}],"seed_played":"6629926421543359449","potions_obtained":[{"floor":1,"key":"Poison Potion"},{"floor":2,"key":"FearPotion"}],"is_trial":false,"path_per_floor":["M","M","?","?","?","R","E","R","T","R","M","$","M","M","R","B"],"character_chosen":"IRONCLAD","items_purchased":[],"campfire_rested":1,"item_purchase_floors":[],"current_hp_per_floor":[74,75,64,64,64,64,70,70,70,70,75,75,52,52,74,74],"gold":234,"neow_bonus":"THREE_ENEMY_KILL","is_prod":false,"is_daily":false,"chose_seed":false,"campfire_upgraded":3,"win_rate":0,"timestamp":1549142523,"path_taken":["M","M","?","?","?","R","E","R","T","R","M","?","?","M","R","BOSS"],"build_version":"2019-01-23","purchased_purges":0,"victory":false,"max_hp_per_floor":[75,75,75,75,75,75,75,75,75,75,75,75,75,75,75,75],"card_choices":[{"not_picked":["Evolve","Spot Weakness","Perfected Strike"],"picked":"SKIP","floor":1},{"not_picked":["Iron Wave","Warcry"],"picked":"Dropkick","floor":2},{"not_picked":["Combust","Wild Strike","Twin Strike"],"picked":"SKIP","floor":7},{"not_picked":["Havoc","Searing Blow"],"picked":"Infernal Blade","floor":11},{"not_picked":["Entrench","Shrug It Off","Impervious"],"picked":"SKIP","floor":13},{"not_picked":["Evolve","Clash","Headbutt"],"picked":"SKIP","floor":14}],"player_experience":317223,"relics_obtained":[{"floor":7,"key":"Pen Nib"},{"floor":9,"key":"Bag of Preparation"}],"event_choices":[{"damage_healed":0,"gold_gain":75,"player_choice":"Gather Gold","damage_taken":11,"max_hp_gain":0,"max_hp_loss":0,"event_name":"World of Goop","floor":3,"gold_loss":0},{"damage_healed":0,"gold_gain":0,"player_choice":"Box","damage_taken":0,"relics_obtained":["Oddly Smooth Stone"],"max_hp_gain":0,"max_hp_loss":0,"event_name":"Big Fish","floor":4,"gold_loss":0,"cards_obtained":["Regret"]},{"cards_removed":["Regret"],"damage_healed":0,"gold_gain":0,"player_choice":"Card Removal","damage_taken":0,"max_hp_gain":0,"max_hp_loss":0,"event_name":"The Cleric","floor":5,"gold_loss":75}],"is_beta":false,"boss_relics":[],"items_purged_floors":[],"is_endless":false,"potions_floor_spawned":[1,2,7],"killed_by":"The Guardian","ascension_level":18}