{"gold_per_floor":[115,126,126,142,159,175,193,223,249,249],"floor_reached":10,"playtime":1501,"items_purged":[],"score":76,"play_id":"1a46c57a-4ceb-4550-b320-a841e842de1f","local_time":"20181024171008","is_ascension_mode":true,"campfire_choices":[],"neow_cost":"NONE","seed_source_timestamp":154880676714866,"circlet_count":0,"master_deck":["Defend_G","Defend_G","Defend_G","Defend_G","Defend_G","Strike_G","Strike_G","Strike_G","Strike_G","Strike_G","Survivor","Neutralize","Wraith Form v2","Quick Slash","Terror","Dagger Spray","Dagger Spray","Flying Knee","Tools of the Trade","Sucker Punch"],"relics":["Ring of the Snake","Calipers","Happy Flower"],"potions_floor_usage":[8,8],"damage_taken":[{"damage":9,"enemies":"Jaw Worm","floor":1,"turns":8},{"damage":1,"enemies":"2 Louse","floor":2,"turns":3},{"damage":1,"enemies":"Cultist","floor":4,"turns":4},{"damage":7,"enemies":"Gremlin Gang","floor":5,"turns":3},{"damage":13,"enemies":"Large Slime","floor":6,"turns":4},{"damage":9,"enemies":"Red Slaver","floor":7,"turns":3},{"damage":16,"enemies":"Gremlin Nob","floor":8,"turns":3},{"damage":15,"enemies":"Gremlin Gang","floor":10,"turns":1}],"seed_played":"3146467380513676224","potions_obtained":[{"floor":1,"key":"Fire Potion"},{"floor":2,"key":"SteroidPotion"},{"floor":5,"key":"PowerPotion"}],"is_trial":false,"path_per_floor":["M","M","?","M","M","M","M","E","T"],"character_chosen":"THE_SILENT","items_purchased":[],"campfire_rested":0,"item_purchase_floors":[],"current_hp_per_floor":[61,60,60,59,52,39,30,14,14,0],"gold":249,"neow_bonus":"ONE_RANDOM_RARE_CARD","is_prod":false,"is_daily":false,"chose_seed":false,"campfire_upgraded":0,"win_rate":0,"timestamp":1540426208,"path_taken":["M","M","?","M","M","?","M","E","T","M"],"build_version":"2018-10-18","purchased_purges":0,"victory":false,"max_hp_per_floor":[70,70,70,70,70,70,70,70,70,70],"card_choices":[{"not_picked":["Bane","Distraction"],"picked":"Quick Slash","floor":1},{"not_picked":["Acrobatics","Calculated Gamble"],"picked":"Terror","floor":2},{"not_picked":["Acrobatics","Predator"],"picked":"Dagger Spray","floor":4},{"not_picked":["Cloak And Dagger","Acrobatics"],"picked":"Dagger Spray","floor":5},{"not_picked":["Blade Dance","Backflip"],"picked":"Flying Knee","floor":6},{"not_picked":["Dodge and Roll","Slice"],"picked":"Tools of the Trade","floor":7},{"not_picked":["Bane","Underhanded Strike"],"picked":"Sucker Punch","floor":8}],"player_experience":333732,"relics_obtained":[{"floor":8,"key":"Calipers"},{"floor":9,"key":"Happy Flower"}],"event_choices":[{"damage_healed":0,"gold_gain":0,"player_choice":"Ignored","damage_taken":0,"max_hp_gain":0,"max_hp_loss":0,"event_name":"Golden Wing","floor":3,"gold_loss":0}],"is_beta":false,"boss_relics":[],"items_purged_floors":[],"is_endless":false,"potions_floor_spawned":[1,2,5,7],"killed_by":"Gremlin Gang","ascension_level":1}