{"gold_per_floor":[119,133,148,163,48,78,78,153,153,153,153,68,68,85,85,185,185,201,220,220,220,220,250,270,24,76,134,134,134,134,151,151,253,253,270,297,397,397,420,447,496,496,496,512,19,46,46,71,71,71],"floor_reached":51,"playtime":5065,"items_purged":["Strike_R","Strike_R"],"score":1020,"play_id":"95a170d7-8e39-4696-a795-8482eaf3f343","local_time":"20190218190135","is_ascension_mode":true,"campfire_choices":[{"data":"Bash","floor":7,"key":"SMITH"},{"data":"Offering","floor":10,"key":"SMITH"},{"floor":15,"key":"REST"},{"floor":30,"key":"REST"},{"floor":32,"key":"REST"},{"floor":42,"key":"REST"},{"floor":47,"key":"REST"},{"floor":49,"key":"RECALL"}],"neow_cost":"PERCENT_DAMAGE","seed_source_timestamp":253043951504771,"circlet_count":0,"master_deck":["Defend_R","Defend_R","Defend_R","Bash+1","Clothesline","Offering+1","Dropkick","Twin Strike","Ghostly Armor","Shrug It Off","Finesse","Demon Form","Heavy Blade","Fiend Fire","Twin Strike","Master of Strategy+1","Enlightenment+1","Warcry+1","Impervious+1","Pommel Strike+1","Perfected Strike+1","Uppercut","Thunderclap+1","Flame Barrier+1","Bandage Up+1"],"relics":["Burning Blood","Juzu Bracelet","Boot","Fusion Hammer","Toxic Egg 2","PreservedInsect","Tiny Chest","Blood Vial","White Beast Statue","Bronze Scales","FossilizedHelix","Ancient Tea Set","Paper Frog","Turnip","Gremlin Horn","Champion Belt","Singing Bowl","Regal Pillow"],"potions_floor_usage":[6,6,23,27,27,41,41,44,46,50,50],"damage_taken":[{"damage":11,"enemies":"Cultist","floor":1,"turns":4},{"damage":8,"enemies":"Small Slimes","floor":2,"turns":3},{"damage":6,"enemies":"2 Louse","floor":3,"turns":3},{"damage":12,"enemies":"2 Fungi Beasts","floor":4,"turns":3},{"damage":6,"enemies":"Gremlin Nob","floor":6,"turns":2},{"damage":12,"enemies":"Exordium Thugs","floor":14,"turns":4},{"damage":46,"enemies":"The Guardian","floor":16,"turns":16},{"damage":25,"enemies":"Spheric Guardian","floor":18,"turns":6},{"damage":9,"enemies":"Shell Parasite","floor":19,"turns":4},{"damage":18,"enemies":"Gremlin Leader","floor":23,"turns":4},{"damage":8,"enemies":"Chosen and Byrds","floor":24,"turns":5},{"damage":25,"enemies":"Slavers","floor":27,"turns":5},{"damage":11,"enemies":"Snake Plant","floor":31,"turns":4},{"damage":31,"enemies":"Champ","floor":33,"turns":8},{"damage":6,"enemies":"Orb Walker","floor":35,"turns":1},{"damage":6,"enemies":"Mind Bloom Boss Battle","floor":37,"turns":7},{"damage":13,"enemies":"Giant Head","floor":40,"turns":5},{"damage":65,"enemies":"2 Orb Walkers","floor":41,"turns":6},{"damage":3,"enemies":"3 Darklings","floor":44,"turns":3},{"damage":0,"enemies":"Reptomancer","floor":46,"turns":3},{"damage":37,"enemies":"Awakened One","floor":50,"turns":8}],"seed_played":"-4328527204982311173","potions_obtained":[{"floor":3,"key":"PowerPotion"},{"floor":4,"key":"Energy Potion"},{"floor":16,"key":"Explosive Potion"},{"floor":18,"key":"Weak Potion"},{"floor":23,"key":"Energy Potion"},{"floor":27,"key":"SpeedPotion"},{"floor":31,"key":"Strength Potion"},{"floor":35,"key":"BloodPotion"},{"floor":40,"key":"Dexterity Potion"},{"floor":41,"key":"Regen Potion"},{"floor":44,"key":"GamblersBrew"},{"floor":46,"key":"SkillPotion"}],"is_trial":false,"path_per_floor":["M","M","M","M","$","E","R","?","T","R","?","$","?","M","R","B",null,"M","M","?","?","?","E","M","$","T","E","?","T","R","M","R","B",null,"M","T","?","?","T","E","?","R","T","M","$","E","R","T","R","B",null],"character_chosen":"IRONCLAD","items_purchased":["Ghostly Armor","Finesse","Master of Strategy+1","Enlightenment+1","Champion Belt","Bandage Up+1"],"campfire_rested":5,"item_purchase_floors":[5,12,25,25,45,45],"current_hp_per_floor":[46,44,44,38,38,38,38,27,27,27,47,47,40,34,57,17,62,43,40,40,40,77,65,63,63,63,44,69,69,77,72,77,52,71,73,73,75,73,73,66,16,37,37,51,51,67,75,75,75,47],"gold":71,"neow_bonus":"REMOVE_TWO","is_prod":false,"is_daily":false,"chose_seed":false,"campfire_upgraded":2,"win_rate":0,"timestamp":1550494895,"path_taken":["M","M","M","?","$","E","R","?","T","R","?","$","?","M","R","BOSS","M","M","?","?","?","E","M","$","T","E","?","?","R","M","R","BOSS","M","?","?","?","?","E","?","R","T","M","$","E","R","?","R","BOSS"],"build_version":"2019-01-23","purchased_purges":2,"victory":true,"max_hp_per_floor":[80,80,80,80,80,80,80,80,80,80,80,80,77,77,77,77,77,77,77,77,77,77,77,77,77,77,77,77,77,77,77,77,77,77,77,77,77,73,73,73,73,73,73,73,73,75,75,75,75,75],"card_choices":[{"not_picked":["Headbutt","Havoc"],"picked":"Clothesline","floor":1},{"not_picked":["Cleave","Pummel"],"picked":"Offering","floor":2},{"not_picked":["Anger","Shrug It Off"],"picked":"Dropkick","floor":3},{"not_picked":["Anger","Searing Blow"],"picked":"Twin Strike","floor":4},{"not_picked":["Hemokinesis","Reckless Charge"],"picked":"Shrug It Off","floor":6},{"not_picked":["Bloodletting","Rage","Twin Strike"],"picked":"SKIP","floor":14},{"not_picked":["Brutality","Berserk"],"picked":"Demon Form","floor":16},{"not_picked":["Evolve","Flex","Feel No Pain"],"picked":"SKIP","floor":18},{"not_picked":["Iron Wave","Power Through"],"picked":"Heavy Blade","floor":19},{"not_picked":["Clothesline","Twin Strike+1","Inflame"],"picked":"SKIP","floor":23},{"not_picked":["Sword Boomerang","True Grit+1","Burning Pact+1"],"picked":"SKIP","floor":24},{"not_picked":["Armaments+1","Seeing Red+1"],"picked":"Warcry+1","floor":27},{"not_picked":["Headbutt","Reckless Charge","Sever Soul"],"picked":"SKIP","floor":31},{"not_picked":["Berserk","Fiend Fire"],"picked":"Impervious+1","floor":33},{"not_picked":["Twin Strike+1","Second Wind+1"],"picked":"Pommel Strike+1","floor":35},{"not_picked":["Clothesline","Uppercut"],"picked":"Perfected Strike+1","floor":37},{"not_picked":["Seeing Red+1","Spot Weakness+1"],"picked":"Uppercut","floor":40},{"not_picked":["Intimidate+1","Sword Boomerang+1"],"picked":"Thunderclap+1","floor":41},{"not_picked":["Body Slam","Anger+1"],"picked":"Flame Barrier+1","floor":44},{"not_picked":["Anger+1","Feel No Pain+1","Armaments+1"],"picked":"Singing Bowl","floor":46}],"player_experience":820939,"relics_obtained":[{"floor":6,"key":"Juzu Bracelet"},{"floor":9,"key":"Boot"},{"floor":23,"key":"Toxic Egg 2"},{"floor":26,"key":"PreservedInsect"},{"floor":27,"key":"Tiny Chest"},{"floor":29,"key":"Blood Vial"},{"floor":36,"key":"Bronze Scales"},{"floor":37,"key":"FossilizedHelix"},{"floor":39,"key":"Ancient Tea Set"},{"floor":40,"key":"Paper Frog"},{"floor":41,"key":"Turnip"},{"floor":43,"key":"Gremlin Horn"},{"floor":46,"key":"Singing Bowl"},{"floor":48,"key":"Regal Pillow"}],"event_choices":[{"damage_healed":0,"gold_gain":75,"player_choice":"Gather Gold","damage_taken":11,"max_hp_gain":0,"max_hp_loss":0,"event_name":"World of Goop","floor":8,"gold_loss":0},{"damage_healed":20,"gold_gain":0,"player_choice":"Healed and dodged fight","damage_taken":0,"max_hp_gain":0,"max_hp_loss":0,"event_name":"Mushrooms","floor":11,"gold_loss":0,"cards_obtained":["Parasite"]},{"cards_removed":["Parasite"],"damage_healed":0,"gold_gain":0,"player_choice":"Card Removal","damage_taken":7,"max_hp_gain":0,"max_hp_loss":0,"event_name":"Golden Wing","floor":13,"gold_loss":0},{"damage_healed":0,"gold_gain":0,"player_choice":"Ignored","damage_taken":0,"max_hp_gain":0,"max_hp_loss":0,"event_name":"Vampires","floor":20,"gold_loss":0},{"damage_healed":0,"gold_gain":0,"cards_transformed":["Strike_R","Strike_R"],"player_choice":"Became Test Subject","damage_taken":0,"max_hp_gain":0,"max_hp_loss":0,"event_name":"Drug Dealer","floor":21,"gold_loss":0,"cards_obtained":["Fiend Fire","Twin Strike"]},{"damage_healed":37,"gold_gain":0,"player_choice":"Full Heal","damage_taken":0,"max_hp_gain":0,"max_hp_loss":0,"event_name":"Wheel of Change","floor":22,"gold_loss":0},{"damage_healed":25,"gold_gain":0,"player_choice":"Heal","damage_taken":0,"max_hp_gain":0,"max_hp_loss":0,"event_name":"The Library","floor":28,"gold_loss":0},{"damage_healed":0,"gold_gain":0,"player_choice":"Fight","damage_taken":0,"max_hp_gain":0,"max_hp_loss":0,"event_name":"MindBloom","floor":37,"gold_loss":0},{"damage_healed":0,"gold_gain":0,"player_choice":"Max HP","damage_taken":0,"max_hp_gain":0,"max_hp_loss":4,"event_name":"Winding Halls","floor":38,"gold_loss":0},{"damage_healed":0,"gold_gain":0,"player_choice":"Fight","damage_taken":0,"max_hp_gain":0,"max_hp_loss":0,"event_name":"Mysterious Sphere","floor":41,"gold_loss":0}],"is_beta":false,"boss_relics":[{"not_picked":["Coffee Dripper","Black Star"],"picked":"Fusion Hammer"},{"not_picked":["Cursed Key","Lizard Tail"],"picked":"White Beast Statue"}],"items_purged_floors":[5,45],"is_endless":false,"potions_floor_spawned":[3,4,16,18,23,27,31,35,37,40,41,44,46],"ascension_level":7}