{"gold_per_floor":[115,290,240,28,28,60,10,41,68,85,97,110,127,160,160,160],"floor_reached":16,"playtime":953,"items_purged":["Strike_R"],"score":138,"play_id":"4aeede76-b58d-4478-919a-17e33d1c7929","local_time":"20190103003108","is_ascension_mode":true,"campfire_choices":[{"data":"Limit Break","floor":15,"key":"SMITH"}],"neow_cost":"NONE","seed_source_timestamp":114811541838051,"circlet_count":0,"master_deck":["Strike_R","Strike_R","Strike_R+1","Strike_R+1","Defend_R","Defend_R","Defend_R","Defend_R","Bash","Metallicize","Warcry","Flex","Shrug It Off","Warcry","Limit Break+1","True Grit","Shrug It Off","Pommel Strike","Ghostly Armor","Disarm"],"relics":["Burning Blood","Whetstone","Art of War","Dream Catcher","Oddly Smooth Stone"],"potions_floor_usage":[8,8,8,10,14,16,16,16],"damage_taken":[{"damage":7,"enemies":"Jaw Worm","floor":1,"turns":3},{"damage":81,"enemies":"3 Sentries","floor":6,"turns":17},{"damage":19,"enemies":"Gremlin Nob","floor":8,"turns":4},{"damage":1,"enemies":"Small Slimes","floor":10,"turns":4},{"damage":0,"enemies":"Cultist","floor":11,"turns":4},{"damage":0,"enemies":"2 Fungi Beasts","floor":12,"turns":5},{"damage":7,"enemies":"Looter","floor":13,"turns":4},{"damage":11,"enemies":"Lagavulin","floor":14,"turns":8},{"damage":25,"enemies":"Hexaghost","floor":16,"turns":16}],"seed_played":"-7768117593335853799","potions_obtained":[{"floor":1,"key":"FearPotion"},{"floor":5,"key":"EssenceOfSteel"},{"floor":5,"key":"Regen Potion"},{"floor":8,"key":"EntropicBrew"},{"floor":14,"key":"Fire Potion"}],"is_trial":false,"path_per_floor":["M","?","?","$","?","E","$","E","T","M","M","M","M","E","R","B"],"character_chosen":"IRONCLAD","items_purchased":["Metallicize","Warcry","Flex","Warcry"],"campfire_rested":0,"item_purchase_floors":[4,4,4,7],"current_hp_per_floor":[87,87,87,87,87,12,12,11,11,16,22,28,27,22,22,0],"gold":160,"neow_bonus":"TEN_PERCENT_HP_BONUS","is_prod":false,"is_daily":false,"chose_seed":false,"campfire_upgraded":1,"win_rate":0,"timestamp":1546468268,"path_taken":["M","?","?","?","?","E","$","E","T","M","M","M","?","E","R","BOSS"],"build_version":"2018-12-20","purchased_purges":1,"victory":false,"max_hp_per_floor":[88,88,88,88,88,88,88,88,88,88,88,88,88,88,88,88],"card_choices":[{"not_picked":["Second Wind","Cleave","Rupture"],"picked":"SKIP","floor":1},{"not_picked":["Clothesline","Reckless Charge"],"picked":"Shrug It Off","floor":6},{"not_picked":["Corruption","Seeing Red"],"picked":"Limit Break","floor":8},{"not_picked":["Clothesline","Heavy Blade"],"picked":"True Grit","floor":10},{"not_picked":["Iron Wave","Twin Strike"],"picked":"Shrug It Off","floor":11},{"not_picked":["Searing Blow","Warcry"],"picked":"Pommel Strike","floor":12},{"not_picked":["Cleave","Rage"],"picked":"Ghostly Armor","floor":13},{"not_picked":["Immolate","Fire Breathing"],"picked":"Disarm","floor":14}],"player_experience":90128,"relics_obtained":[{"floor":6,"key":"Whetstone"},{"floor":8,"key":"Art of War"},{"floor":9,"key":"Dream Catcher"},{"floor":14,"key":"Oddly Smooth Stone"}],"event_choices":[{"damage_healed":0,"gold_gain":175,"player_choice":"AGREE","damage_taken":0,"max_hp_gain":0,"max_hp_loss":0,"event_name":"Liars Game","floor":2,"gold_loss":0,"cards_obtained":["Doubt"]},{"cards_removed":["Doubt"],"damage_healed":0,"gold_gain":0,"player_choice":"Card Removal","damage_taken":0,"max_hp_gain":0,"max_hp_loss":0,"event_name":"The Cleric","floor":3,"gold_loss":50},{"damage_healed":0,"gold_gain":0,"player_choice":"Got Potions","damage_taken":0,"max_hp_gain":0,"max_hp_loss":0,"event_name":"Lab","floor":5,"gold_loss":0}],"is_beta":false,"boss_relics":[],"items_purged_floors":[4],"is_endless":false,"potions_floor_spawned":[1,8,14],"killed_by":"Hexaghost","ascension_level":3}