{"gold_per_floor":[110,110,110,110,124,160,160,335,335,83,83,83,102,126,126,256,256,271,171,192,20,40,40,54,54,54,92,113,134,134,154,154,280,280,305,305,305,329,429,429,448,448,448,469,469,594,594,140,140,140],"floor_reached":51,"playtime":12516,"items_purged":["Doubt","Strike_R","Strike_R"],"score":690,"play_id":"c676bffa-2e2e-42bb-9e1e-4181290ac8a0","local_time":"20190219044436","is_ascension_mode":false,"campfire_choices":[{"data":"Armaments","floor":7.0,"key":"SMITH"},{"data":"Iron Wave","floor":12.0,"key":"SMITH"},{"data":"Bash","floor":15.0,"key":"SMITH"},{"data":"Shrug It Off","floor":23.0,"key":"SMITH"},{"data":"Limit Break","floor":25.0,"key":"SMITH"},{"data":"Rage","floor":30.0,"key":"SMITH"},{"floor":32.0,"key":"REST"},{"data":"Flex","floor":40,"key":"SMITH"},{"data":"Body Slam","floor":42,"key":"SMITH"},{"data":"Ghostly Armor","floor":49,"key":"SMITH"}],"neow_cost":"NONE","seed_source_timestamp":0,"circlet_count":0,"master_deck":["Strike_R","Defend_R","Defend_R","Defend_R","Defend_R","Bash+1","Headbutt","Flex+1","Armaments+1","Iron Wave+1","Body Slam+1","Rage+1","Limit Break+1","Shrug It Off+1","Reaper","Body Slam+1","Metallicize+1","Pommel Strike+1","Shockwave","Ghostly Armor+1"],"special_seed":0,"relics":["Burning Blood","NeowsBlessing","Golden Idol","Strawberry","Kunai","Runic Pyramid","Omamori","Darkstone Periapt","Sozu","Smiling Mask","Magic Flower","Bottled Flame","Frozen Eye"],"potions_floor_usage":[],"damage_taken":[{"damage":0.0,"enemies":"Small Slimes","floor":1.0,"turns":1.0},{"damage":0.0,"enemies":"Jaw Worm","floor":5.0,"turns":1.0},{"damage":0.0,"enemies":"Gremlin Nob","floor":6.0,"turns":1.0},{"damage":0.0,"enemies":"Cultist","floor":13.0,"turns":3.0},{"damage":0.0,"enemies":"3 Louse","floor":14.0,"turns":4.0},{"damage":77.0,"enemies":"Slime Boss","floor":16.0,"turns":17.0},{"damage":3.0,"enemies":"Spheric Guardian","floor":18.0,"turns":6.0},{"damage":18.0,"enemies":"Chosen","floor":20.0,"turns":5.0},{"damage":23.0,"enemies":"Snake Plant","floor":22.0,"turns":6.0},{"damage":22.0,"enemies":"Snecko","floor":24.0,"turns":4.0},{"damage":21.0,"enemies":"Book of Stabbing","floor":27.0,"turns":8.0},{"damage":1.0,"enemies":"Chosen and Byrds","floor":28.0,"turns":7.0},{"damage":24.0,"enemies":"Cultist and Chosen","floor":29.0,"turns":7.0},{"damage":2.0,"enemies":"3 Cultists","floor":31.0,"turns":7.0},{"damage":40.0,"enemies":"Collector","floor":33.0,"turns":14.0},{"damage":19,"enemies":"3 Darklings","floor":35,"turns":6},{"damage":3,"enemies":"3 Shapes","floor":38,"turns":4},{"damage":1,"enemies":"Sphere and 2 Shapes","floor":41,"turns":8},{"damage":16,"enemies":"3 Darklings","floor":44,"turns":6},{"damage":0,"enemies":"Mind Bloom Boss Battle","floor":46,"turns":7},{"damage":26,"enemies":"Time Eater","floor":50,"turns":12}],"seed_played":"-3523781952455291778","potions_obtained":[{"floor":1.0,"key":"GamblersBrew"},{"floor":4.0,"key":"PowerPotion"},{"floor":4.0,"key":"Explosive Potion"},{"floor":16.0,"key":"Dexterity Potion"},{"floor":20.0,"key":"SteroidPotion"},{"floor":27.0,"key":"Block Potion"},{"floor":28.0,"key":"LiquidBronze"},{"floor":29.0,"key":"SkillPotion"},{"floor":31.0,"key":"FearPotion"}],"is_trial":false,"path_per_floor":["M","?","?","?","M","E","R","?","T","$","?","R","M","M","R","B",null,"M","$","M","$","M","R","M","R","T","E","M","M","R","M","R","B",null,"M","?","$","M","?","R","M","R","T","M","?","?","?","$","R","B",null],"character_chosen":"IRONCLAD","items_purchased":["Iron Wave","Body Slam","Rage","Shrug It Off","Bottled Flame","Frozen Eye"],"campfire_rested":1,"item_purchase_floors":[10,10,10,21,48,48],"current_hp_per_floor":[80,60,60,60,66,79,79,79,79,79,79,79,85,87,87,16,87,87,87,75,75,58,58,63,63,63,48,61,43,43,49,75,78,87,84,84,84,90,90,90,90,90,90,90,90,90,90,90,90,90],"gold":140,"neow_bonus":"THREE_ENEMY_KILL","is_prod":false,"is_daily":false,"chose_seed":false,"campfire_upgraded":9,"win_rate":0.0,"timestamp":1550519076,"path_taken":["M","?","?","?","?","E","R","?","T","$","?","R","M","M","R","BOSS","M","$","M","$","M","R","M","R","T","E","M","M","R","?","R","BOSS","M","?","$","M","?","R","M","R","T","?","?","?","?","$","R","BOSS"],"build_version":"2019-01-23","purchased_purges":3,"victory":true,"max_hp_per_floor":[80,80,80,80,80,87,87,87,87,87,87,87,87,87,87,87,87,87,87,87,87,87,87,87,87,87,87,87,87,87,87,87,87,87,87,87,87,90,90,90,90,90,90,90,90,90,90,90,90,90],"card_choices":[{"not_picked":["Seeing Red","Cleave"],"picked":"Headbutt","floor":1.0},{"not_picked":["Intimidate","Twin Strike"],"picked":"Flex","floor":5.0},{"not_picked":["Clothesline","Carnage"],"picked":"Armaments","floor":6.0},{"not_picked":["Warcry","Seeing Red","Pummel"],"picked":"SKIP","floor":13.0},{"not_picked":["Blood for Blood","Clash","Sword Boomerang"],"picked":"SKIP","floor":14.0},{"not_picked":["Juggernaut","Impervious"],"picked":"Limit Break","floor":16.0},{"not_picked":["Combust","Warcry","Hemokinesis"],"picked":"SKIP","floor":18.0},{"not_picked":["Flex+1","Burning Pact","Heavy Blade"],"picked":"SKIP","floor":20.0},{"not_picked":["Evolve","Perfected Strike+1"],"picked":"Reaper","floor":22.0},{"not_picked":["Anger","Sword Boomerang","Armaments"],"picked":"SKIP","floor":24.0},{"not_picked":["Whirlwind+1","Perfected Strike"],"picked":"Body Slam","floor":27.0},{"not_picked":["Pommel Strike+1","Thunderclap"],"picked":"Metallicize+1","floor":28.0},{"not_picked":["Heavy Blade","Sever Soul+1","Wild Strike"],"picked":"SKIP","floor":29.0},{"not_picked":["Clothesline","Clash+1","Berserk"],"picked":"SKIP","floor":31.0},{"not_picked":["Bludgeon","Demon Form"],"picked":"Feed","floor":33.0},{"not_picked":["Flex","Rupture","Clothesline"],"picked":"SKIP","floor":35},{"not_picked":["Thunderclap","Sword Boomerang+1"],"picked":"Pommel Strike+1","floor":38},{"not_picked":["Pommel Strike+1","Wild Strike"],"picked":"Shockwave","floor":44},{"not_picked":["Heavy Blade","Shockwave+1"],"picked":"Ghostly Armor","floor":46}],"player_experience":233007,"relics_obtained":[{"floor":6.0,"key":"Strawberry"},{"floor":9.0,"key":"Kunai"},{"floor":26.0,"key":"Omamori"},{"floor":27.0,"key":"Darkstone Periapt"},{"floor":43,"key":"Smiling Mask"},{"floor":46,"key":"Magic Flower"}],"event_choices":[{"damage_healed":0.0,"max_hp_gain":0.0,"max_hp_loss":0.0,"gold_gain":0.0,"event_name":"Golden Idol","player_choice":"Take Damage","floor":2.0,"gold_loss":0.0,"damage_taken":20.0,"relics_obtained":["Golden Idol"]},{"cards_removed":["Strike_R"],"damage_healed":0.0,"max_hp_gain":0.0,"max_hp_loss":0.0,"gold_gain":0.0,"event_name":"Living Wall","player_choice":"Forget","floor":3.0,"gold_loss":0.0,"damage_taken":0.0},{"damage_healed":0.0,"max_hp_gain":0.0,"max_hp_loss":0.0,"gold_gain":0.0,"event_name":"Lab","player_choice":"Got Potions","floor":4.0,"gold_loss":0.0,"damage_taken":0.0},{"damage_healed":0.0,"max_hp_gain":0.0,"max_hp_loss":0.0,"gold_gain":175.0,"event_name":"Liars Game","player_choice":"AGREE","floor":8.0,"gold_loss":0.0,"damage_taken":0.0,"cards_obtained":["Doubt"]},{"damage_healed":0.0,"max_hp_gain":0.0,"max_hp_loss":0.0,"gold_gain":0.0,"event_name":"Upgrade Shrine","player_choice":"Upgraded","floor":11.0,"gold_loss":0.0,"damage_taken":0.0,"cards_upgraded":["Body Slam"]},{"damage_healed":0,"gold_gain":0,"player_choice":"Ignored","damage_taken":0,"max_hp_gain":0,"max_hp_loss":0,"event_name":"Tomb of Lord Red Mask","floor":36,"gold_loss":0},{"damage_healed":0,"gold_gain":100,"player_choice":"Pray","damage_taken":0,"max_hp_gain":0,"max_hp_loss":0,"event_name":"Golden Shrine","floor":39,"gold_loss":0},{"cards_removed":["Feed"],"damage_healed":0,"gold_gain":0,"player_choice":"Removed Attack","damage_taken":0,"max_hp_gain":0,"max_hp_loss":0,"event_name":"Falling","floor":45,"gold_loss":0},{"damage_healed":0,"gold_gain":0,"player_choice":"Fight","damage_taken":0,"max_hp_gain":0,"max_hp_loss":0,"event_name":"MindBloom","floor":46,"gold_loss":0},{"cards_removed":["Strike_R"],"damage_healed":0,"gold_gain":0,"player_choice":"Offered Basic","damage_taken":0,"max_hp_gain":0,"max_hp_loss":0,"event_name":"Bonfire Elementals","floor":47,"gold_loss":0}],"is_beta":false,"boss_relics":[{"not_picked":["Runic Cube","Fusion Hammer"],"picked":"Runic Pyramid"},{"not_picked":["Orrery","Velvet Choker"],"picked":"Sozu"}],"items_purged_floors":[10,19,21],"is_endless":false,"potions_floor_spawned":[1,16,20,27,28,29,31,44,46],"ascension_level":0}