{"gold_per_floor":[118,118,136,153,153,188,207,232,232,243,253,253,266,266],"floor_reached":14,"playtime":694,"items_purged":[],"score":120,"play_id":"62ad8b13-7f37-46d4-be34-692e371f74fd","local_time":"20181229233318","is_ascension_mode":true,"campfire_choices":[],"neow_cost":"NONE","seed_source_timestamp":4175131839241,"circlet_count":0,"master_deck":["Defend_G","Defend_G","Defend_G","Defend_G","Defend_G","Strike_G","Strike_G","Strike_G","Strike_G","Survivor","Neutralize","Catalyst","Accuracy","Caltrops","Deadly Poison","Catalyst","Caltrops","Catalyst","Neutralize","Backflip"],"relics":["Ring of the Snake","Ice Cream","Potion Belt","Ornamental Fan"],"potions_floor_usage":[6,8,10,14],"damage_taken":[{"damage":0,"enemies":"2 Louse","floor":1,"turns":3},{"damage":0,"enemies":"Cultist","floor":3,"turns":4},{"damage":2,"enemies":"Jaw Worm","floor":4,"turns":5},{"damage":19,"enemies":"Lagavulin","floor":6,"turns":8},{"damage":4,"enemies":"2 Fungi Beasts","floor":7,"turns":5},{"damage":32,"enemies":"Gremlin Nob","floor":8,"turns":5},{"damage":4,"enemies":"Red Slaver","floor":10,"turns":6},{"damage":9,"enemies":"Blue Slaver","floor":11,"turns":4},{"damage":11,"enemies":"2 Fungi Beasts","floor":13,"turns":3},{"damage":10,"enemies":"Exordium Thugs","floor":14,"turns":3}],"seed_played":"-6603546286705229696","potions_obtained":[{"floor":1,"key":"Weak Potion"},{"floor":2,"key":"Poison Potion"},{"floor":2,"key":"PowerPotion"},{"floor":2,"key":"GamblersBrew"},{"floor":8,"key":"Regen Potion"}],"is_trial":false,"path_per_floor":["M","?","M","M","?","E","M","E","T","M","M","?","M","M"],"character_chosen":"THE_SILENT","items_purchased":[],"campfire_rested":0,"item_purchase_floors":[],"current_hp_per_floor":[77,77,77,75,68,49,45,13,13,24,15,15,4,0],"gold":266,"neow_bonus":"TEN_PERCENT_HP_BONUS","is_prod":false,"is_daily":false,"chose_seed":false,"campfire_upgraded":0,"win_rate":0,"timestamp":1546119198,"path_taken":["M","?","M","?","?","E","M","E","T","M","M","?","M","M"],"build_version":"2018-12-20","purchased_purges":0,"victory":false,"max_hp_per_floor":[77,77,77,77,77,77,77,77,77,77,77,77,77,77],"card_choices":[{"not_picked":["Infinite Blades","Reflex"],"picked":"Catalyst","floor":1},{"not_picked":["Flechettes","Poisoned Stab"],"picked":"Accuracy","floor":3},{"not_picked":["Flechettes","Quick Slash","Dodge and Roll"],"picked":"SKIP","floor":4},{"not_picked":["Deflect","Expertise"],"picked":"Caltrops","floor":6},{"not_picked":["Cloak And Dagger","Masterful Stab"],"picked":"Deadly Poison","floor":7},{"not_picked":["Blade Dance","Sucker Punch"],"picked":"Catalyst","floor":8},{"not_picked":["Sucker Punch","Calculated Gamble"],"picked":"Caltrops","floor":10},{"not_picked":["Acrobatics","Accuracy"],"picked":"Catalyst","floor":11},{"not_picked":["Dash","Distraction"],"picked":"Backflip","floor":13}],"player_experience":35672,"relics_obtained":[{"floor":6,"key":"Ice Cream"},{"floor":8,"key":"Potion Belt"},{"floor":9,"key":"Ornamental Fan"}],"event_choices":[{"damage_healed":0,"gold_gain":0,"player_choice":"Got Potions","damage_taken":0,"max_hp_gain":0,"max_hp_loss":0,"event_name":"Lab","floor":2,"gold_loss":0},{"cards_removed":["Strike_G"],"damage_healed":0,"gold_gain":0,"player_choice":"Card Removal","damage_taken":7,"max_hp_gain":0,"max_hp_loss":0,"event_name":"Golden Wing","floor":5,"gold_loss":0},{"damage_healed":0,"gold_gain":0,"player_choice":"1 cards matched","damage_taken":0,"max_hp_gain":0,"max_hp_loss":0,"event_name":"Match and Keep!","floor":12,"gold_loss":0,"cards_obtained":["Neutralize"]}],"is_beta":false,"boss_relics":[],"items_purged_floors":[],"is_endless":false,"potions_floor_spawned":[1,4,8],"killed_by":"Exordium Thugs","ascension_level":3}