{"gold_per_floor":[10,24,35,46,46,77,77,95,120,130,161,175,208,208,208,306,306,319,319,335,33,52,82,82,107,107,17,37,47,76,76,76,179,179,195,195,207,207,219,253,307,407,433,433,26,54,67,0,0,0],"floor_reached":51,"playtime":5195,"items_purged":["Doubt"],"score":1644,"play_id":"cf6af397-f4c3-4385-bf6b-ce383af5dbaa","local_time":"20190127094609","is_ascension_mode":true,"campfire_choices":[{"floor":7,"key":"REST"},{"data":"Whirlwind","floor":15,"key":"SMITH"},{"floor":32,"key":"REST"},{"floor":44,"key":"REST"},{"floor":49,"key":"REST"}],"neow_cost":"NO_GOLD","seed_source_timestamp":0,"circlet_count":0,"master_deck":["AscendersBane","Strike_R","Strike_R","Defend_R","Defend_R","Defend_R+1","Defend_R","Bash","Iron Wave","True Grit","Intimidate","Iron Wave","Headbutt","Double Tap","Intimidate","Whirlwind+1","Disarm+1","Barricade","Armaments+1","True Grit+1","Battle Trance+1","Havoc+1","Feel No Pain+1","Exhume+1","Metallicize+1","Purity+1","Impatience+1","Discovery+1","Shockwave+1","Madness+1","Madness+1","Sentinel+1","Warcry+1","The Bomb+1","Havoc+1"],"special_seed":0,"relics":["Burning Blood","Torii","Magic Flower","Oddly Smooth Stone","Omamori","Strawberry","Toxic Egg 2","Fusion Hammer","Thread and Needle","Incense Burner","Kunai","Unceasing Top","Mango","PreservedInsect","Art of War","Cursed Key","Orichalcum","Dead Branch","Pocketwatch","Bronze Scales","Membership Card","Bag of Marbles","Dodecahedron","Red Mask"],"potions_floor_usage":[6,6,12,13,23,23,40,50],"damage_taken":[{"damage":1,"enemies":"Cultist","floor":1,"turns":4},{"damage":8,"enemies":"Jaw Worm","floor":2,"turns":4},{"damage":9,"enemies":"2 Louse","floor":3,"turns":3},{"damage":37,"enemies":"Exordium Thugs","floor":4,"turns":7},{"damage":12,"enemies":"Gremlin Nob","floor":6,"turns":4},{"damage":2,"enemies":"Blue Slaver","floor":8,"turns":5},{"damage":0,"enemies":"2 Fungi Beasts","floor":10,"turns":4},{"damage":5,"enemies":"3 Sentries","floor":11,"turns":10},{"damage":11,"enemies":"Gremlin Gang","floor":12,"turns":5},{"damage":24,"enemies":"Lagavulin","floor":13,"turns":10},{"damage":19,"enemies":"Hexaghost","floor":16,"turns":12},{"damage":1,"enemies":"Chosen","floor":18,"turns":6},{"damage":2,"enemies":"3 Byrds","floor":20,"turns":4},{"damage":1,"enemies":"Cultist and Chosen","floor":22,"turns":10},{"damage":1,"enemies":"Slavers","floor":23,"turns":2},{"damage":0,"enemies":"Book of Stabbing","floor":25,"turns":8},{"damage":8,"enemies":"Snake Plant","floor":28,"turns":8},{"damage":0,"enemies":"Chosen and Byrds","floor":29,"turns":13},{"damage":0,"enemies":"Slavers","floor":30,"turns":17},{"damage":17,"enemies":"Automaton","floor":33,"turns":13},{"damage":0,"enemies":"Orb Walker","floor":35,"turns":5},{"damage":0,"enemies":"3 Shapes","floor":37,"turns":12},{"damage":0,"enemies":"Maw","floor":39,"turns":7},{"damage":33,"enemies":"Nemesis","floor":40,"turns":9},{"damage":7,"enemies":"2 Orb Walkers","floor":41,"turns":5},{"damage":6,"enemies":"Mind Bloom Boss Battle","floor":42,"turns":8},{"damage":13,"enemies":"Giant Head","floor":46,"turns":7},{"damage":6,"enemies":"Transient","floor":47,"turns":5},{"damage":7,"enemies":"Time Eater","floor":50,"turns":7}],"seed_played":"7098992367377530569","potions_obtained":[{"floor":2,"key":"Strength Potion"},{"floor":4,"key":"PowerPotion"},{"floor":6,"key":"Block Potion"},{"floor":10,"key":"Fire Potion"},{"floor":13,"key":"Swift Potion"},{"floor":18,"key":"Explosive Potion"},{"floor":25,"key":"LiquidBronze"},{"floor":28,"key":"Strength Potion"},{"floor":29,"key":"AttackPotion"},{"floor":30,"key":"AttackPotion"},{"floor":33,"key":"SteroidPotion"},{"floor":37,"key":"Swift Potion"},{"floor":39,"key":"Fruit Juice"},{"floor":42,"key":"FearPotion"}],"is_trial":false,"path_per_floor":["M","M","M","M","?","E","R","M","T","M","E","M","E","?","R","B",null,"M","?","M","$","M","E","?","E","T","?","M","M","E","?","R","B",null,"M","?","M","?","M","E","?","?","T","R","$","E","M","?","R","B",null],"character_chosen":"IRONCLAD","items_purchased":["Thread and Needle","Membership Card","Bag of Marbles","The Bomb+1"],"campfire_rested":4,"item_purchase_floors":[21,45,45,45],"current_hp_per_floor":[77,75,72,41,16,13,37,44,44,53,64,62,47,40,40,30,73,81,81,87,87,87,87,87,87,101,101,101,101,101,101,101,93,99,101,91,100,87,96,80,82,85,85,106,106,102,105,105,106,106],"gold":0,"neow_bonus":"ONE_RARE_RELIC","is_prod":false,"is_daily":false,"chose_seed":false,"campfire_upgraded":1,"win_rate":0,"timestamp":1548578769,"path_taken":["M","M","?","M","?","E","R","M","T","M","E","M","E","?","R","BOSS","M","?","M","?","M","E","?","E","T","?","M","?","E","?","R","BOSS","M","?","M","?","M","E","?","?","T","R","$","E","?","?","R","BOSS"],"build_version":"2019-01-23","purchased_purges":1,"victory":true,"max_hp_per_floor":[80,80,80,80,80,80,80,80,80,80,87,87,87,87,87,87,87,87,87,87,87,87,87,87,87,101,101,101,101,101,101,101,101,101,101,101,101,101,101,106,106,106,106,106,106,106,106,106,106,106],"card_choices":[{"not_picked":["Armaments","Heavy Blade","Flex"],"picked":"SKIP","floor":1},{"not_picked":["Perfected Strike","Dropkick"],"picked":"Iron Wave","floor":2},{"not_picked":["Anger","Fire Breathing","True Grit"],"picked":"SKIP","floor":3},{"not_picked":["Anger","Fire Breathing"],"picked":"True Grit","floor":3},{"not_picked":["Perfected Strike","Anger"],"picked":"Intimidate","floor":4},{"not_picked":["Warcry","Heavy Blade"],"picked":"Iron Wave","floor":6},{"not_picked":["Anger","Flex"],"picked":"Headbutt","floor":8},{"not_picked":["Armaments","Clash"],"picked":"Double Tap","floor":10},{"not_picked":["Searing Blow","Power Through"],"picked":"Intimidate","floor":11},{"not_picked":["Metallicize","True Grit"],"picked":"Whirlwind","floor":12},{"not_picked":["Sword Boomerang","Body Slam"],"picked":"Disarm","floor":13},{"not_picked":["Bludgeon","Impervious+1"],"picked":"Barricade","floor":16},{"not_picked":["Inflame+1","Iron Wave"],"picked":"Armaments+1","floor":18},{"not_picked":["Iron Wave","Power Through+1","Pommel Strike+1"],"picked":"SKIP","floor":20},{"not_picked":["Hemokinesis","Thunderclap"],"picked":"True Grit+1","floor":22},{"not_picked":["True Grit+1","Headbutt"],"picked":"Battle Trance+1","floor":23},{"not_picked":["Shrug It Off+1","Berserk"],"picked":"Havoc+1","floor":25},{"not_picked":["Disarm+1","Wild Strike+1"],"picked":"Feel No Pain+1","floor":28},{"not_picked":["Shrug It Off+1","Cleave+1","Thunderclap+1"],"picked":"SKIP","floor":29},{"not_picked":["Power Through+1","Sword Boomerang","Flex+1"],"picked":"SKIP","floor":30},{"not_picked":["Dark Embrace","Feed"],"picked":"Exhume+1","floor":33},{"not_picked":["True Grit+1","Anger"],"picked":"Metallicize+1","floor":35},{"not_picked":["Mind Blast","Madness+1"],"picked":"Purity+1","floor":36},{"not_picked":["Madness+1","Bandage Up+1"],"picked":"Impatience+1","floor":36},{"not_picked":["Apotheosis+1","Mayhem"],"picked":"Discovery+1","floor":36},{"not_picked":["Iron Wave+1","Pommel Strike"],"picked":"Shockwave+1","floor":37},{"not_picked":["Sword Boomerang+1","Power Through+1","Evolve+1"],"picked":"SKIP","floor":39},{"not_picked":["Blood for Blood+1","Corruption+1"],"picked":"Sentinel+1","floor":40},{"not_picked":["Dropkick","Shrug It Off+1"],"picked":"Warcry+1","floor":41},{"not_picked":["Sever Soul+1","Feed"],"picked":"Havoc+1","floor":46},{"not_picked":["Shrug It Off+1","Wild Strike+1","Fire Breathing+1"],"picked":"SKIP","floor":47}],"player_experience":252670,"relics_obtained":[{"floor":6,"key":"Oddly Smooth Stone"},{"floor":9,"key":"Omamori"},{"floor":11,"key":"Strawberry"},{"floor":13,"key":"Toxic Egg 2"},{"floor":23,"key":"Incense Burner"},{"floor":25,"key":"Unceasing Top"},{"floor":26,"key":"Mango"},{"floor":30,"key":"PreservedInsect"},{"floor":40,"key":"Orichalcum"},{"floor":41,"key":"Dead Branch"},{"floor":42,"key":"Pocketwatch"},{"floor":43,"key":"Bronze Scales"},{"floor":46,"key":"Dodecahedron"}],"event_choices":[{"damage_healed":0,"gold_gain":0,"player_choice":"Success","damage_taken":25,"relics_obtained":["Magic Flower"],"max_hp_gain":0,"max_hp_loss":0,"event_name":"Scrap Ooze","floor":5,"gold_loss":0},{"cards_removed":["Strike_R"],"damage_healed":0,"gold_gain":0,"player_choice":"Card Removal","damage_taken":7,"max_hp_gain":0,"max_hp_loss":0,"event_name":"Golden Wing","floor":14,"gold_loss":0},{"cards_removed":["Strike_R"],"damage_healed":0,"gold_gain":0,"player_choice":"Purged","damage_taken":0,"max_hp_gain":0,"max_hp_loss":0,"event_name":"Purifier","floor":19,"gold_loss":0},{"damage_healed":0,"gold_gain":0,"player_choice":"Stole Relic","damage_taken":0,"relics_obtained":["Kunai"],"max_hp_gain":0,"max_hp_loss":0,"event_name":"Addict","floor":24,"gold_loss":0,"cards_obtained":["Shame"]},{"cards_removed":["Strike_R"],"damage_healed":0,"gold_gain":0,"player_choice":"Upgrade and Remove","damage_taken":0,"max_hp_gain":0,"max_hp_loss":0,"event_name":"Designer","floor":27,"gold_loss":90,"cards_upgraded":["Defend_R"]},{"damage_healed":0,"gold_gain":0,"player_choice":"Opened","damage_taken":0,"relics_obtained":["Art of War"],"max_hp_gain":0,"max_hp_loss":0,"event_name":"The Mausoleum","floor":31,"gold_loss":0,"cards_obtained":["Writhe"]},{"damage_healed":0,"gold_gain":0,"player_choice":"Memory 3","damage_taken":10,"max_hp_gain":0,"max_hp_loss":0,"event_name":"SensoryStone","floor":36,"gold_loss":0},{"damage_healed":0,"gold_gain":0,"player_choice":"Embrace Madness","damage_taken":13,"max_hp_gain":0,"max_hp_loss":0,"event_name":"Winding Halls","floor":38,"gold_loss":0,"cards_obtained":["Madness","Madness"]},{"damage_healed":0,"gold_gain":0,"player_choice":"Fight","damage_taken":0,"max_hp_gain":0,"max_hp_loss":0,"event_name":"Mysterious Sphere","floor":41,"gold_loss":0},{"damage_healed":0,"gold_gain":0,"player_choice":"Fight","damage_taken":0,"max_hp_gain":0,"max_hp_loss":0,"event_name":"MindBloom","floor":42,"gold_loss":0},{"damage_healed":0,"gold_gain":0,"player_choice":"Paid","damage_taken":0,"relics_obtained":["Red Mask"],"max_hp_gain":0,"max_hp_loss":0,"event_name":"Tomb of Lord Red Mask","floor":48,"gold_loss":67}],"is_beta":false,"boss_relics":[{"not_picked":["Tiny House","Lizard Tail"],"picked":"Fusion Hammer"},{"not_picked":["Snecko Eye","Runic Dome"],"picked":"Cursed Key"}],"items_purged_floors":[45],"is_endless":false,"potions_floor_spawned":[2,4,6,10,13,18,25,28,29,30,33,35,37,39,42],"ascension_level":11}