{"gold_per_floor":[111,130,144,319,319,319,319,338,338,354,386,386,341],"floor_reached":13,"playtime":458,"items_purged":[],"score":111,"play_id":"321e1d1d-fd82-4644-9a64-fb2d83d08188","local_time":"20181028205625","is_ascension_mode":true,"campfire_choices":[{"data":"Zap","floor":6,"key":"SMITH"}],"neow_cost":"NONE","seed_source_timestamp":1982755841577959,"circlet_count":0,"master_deck":["Strike_B","Strike_B","Strike_B","Strike_B","Defend_B","Defend_B","Defend_B","Zap+1","Dualcast","Cold Snap","Cold Snap","Machine Learning","Doubt","BootSequence","White Noise","Sweeping Beam","Defragment"],"relics":["Cracked Core","NeowsBlessing","NlothsMask","Bottled Flame"],"potions_floor_usage":[],"damage_taken":[{"damage":0,"enemies":"Cultist","floor":1,"turns":1},{"damage":0,"enemies":"2 Louse","floor":2,"turns":1},{"damage":0,"enemies":"Small Slimes","floor":3,"turns":1},{"damage":7,"enemies":"2 Fungi Beasts","floor":8,"turns":4},{"damage":13,"enemies":"Large Slime","floor":10,"turns":5},{"damage":22,"enemies":"Gremlin Nob","floor":11,"turns":4},{"damage":26,"enemies":"Exordium Thugs","floor":13,"turns":3}],"seed_played":"-3263584578237210382","potions_obtained":[{"floor":2,"key":"Strength Potion"},{"floor":3,"key":"FearPotion"},{"floor":10,"key":"Ancient Potion"},{"floor":11,"key":"Energy Potion"}],"is_trial":false,"path_per_floor":["M","M","M","?","?","R","?","M","T","M","E","?"],"character_chosen":"DEFECT","items_purchased":[],"campfire_rested":0,"item_purchase_floors":[],"current_hp_per_floor":[68,68,68,68,68,68,68,61,61,48,26,26,0],"gold":341,"neow_bonus":"THREE_ENEMY_KILL","is_prod":false,"is_daily":false,"chose_seed":false,"campfire_upgraded":1,"win_rate":0,"timestamp":1540727785,"path_taken":["M","?","M","?","?","R","?","M","T","M","E","?","M"],"build_version":"2018-10-25v2","purchased_purges":0,"victory":false,"max_hp_per_floor":[75,75,75,75,75,75,75,75,75,75,75,75,75],"card_choices":[{"not_picked":["Leap","Barrage"],"picked":"Cold Snap","floor":1},{"not_picked":["Beam Cell","Gash"],"picked":"Cold Snap","floor":2},{"not_picked":["Recycle","Barrage"],"picked":"Machine Learning","floor":3},{"not_picked":["Rebound","Redo"],"picked":"White Noise","floor":8},{"not_picked":["Go for the Eyes","Turbo"],"picked":"Sweeping Beam","floor":10},{"not_picked":["Hologram","Heatsinks"],"picked":"Defragment","floor":11}],"player_experience":277010,"relics_obtained":[{"floor":11,"key":"Bottled Flame"}],"event_choices":[{"damage_healed":0,"gold_gain":175,"player_choice":"AGREE","damage_taken":0,"max_hp_gain":0,"max_hp_loss":0,"event_name":"Liars Game","floor":4,"gold_loss":0,"cards_obtained":["Doubt"]},{"damage_healed":0,"gold_gain":0,"player_choice":"Trade","damage_taken":0,"relics_obtained":["NlothsMask"],"max_hp_gain":0,"max_hp_loss":0,"event_name":"FaceTrader","floor":5,"gold_loss":0},{"damage_healed":0,"gold_gain":0,"cards_transformed":["Defend_B"],"player_choice":"Transformed","damage_taken":0,"max_hp_gain":0,"max_hp_loss":0,"event_name":"Transmorgrifier","floor":7,"gold_loss":0,"cards_obtained":["BootSequence"]},{"damage_healed":0,"gold_gain":0,"player_choice":"Searched \u00271\u0027 times","damage_taken":0,"max_hp_gain":0,"max_hp_loss":0,"event_name":"Dead Adventurer","floor":12,"gold_loss":0}],"is_beta":false,"boss_relics":[],"items_purged_floors":[],"is_endless":false,"potions_floor_spawned":[2,3,10,11],"killed_by":"Exordium Thugs","ascension_level":6}