{"gold_per_floor":[118,128,153,153,153,179,179,212,212,231,231,231,256,275,275,275],"floor_reached":16,"playtime":976,"items_purged":[],"score":157,"play_id":"a8743ac1-649e-4525-b7be-fc68c89087d7","local_time":"20181025014707","is_ascension_mode":true,"campfire_choices":[{"data":"Dagger Spray","floor":7,"key":"SMITH"},{"data":"Distraction","floor":11,"key":"SMITH"},{"floor":15,"key":"REST"}],"neow_cost":"NONE","seed_source_timestamp":186424382351684,"circlet_count":0,"master_deck":["Defend_G","Defend_G","Defend_G","Defend_G","Defend_G","Strike_G","Strike_G","Strike_G","Strike_G","Strike_G","Survivor","Neutralize","Dagger Throw","Dagger Spray+1","Outmaneuver","Distraction+1","Poisoned Stab","Dash","Quick Slash"],"relics":["Ring of the Snake","NeowsBlessing","Omamori","Ancient Tea Set","Paper Crane","Bottled Flame","Unceasing Top","Bird Faced Urn"],"potions_floor_usage":[16,16,16],"damage_taken":[{"damage":0,"enemies":"Cultist","floor":1,"turns":1},{"damage":0,"enemies":"2 Louse","floor":2,"turns":1},{"damage":0,"enemies":"Lagavulin","floor":6,"turns":1},{"damage":4,"enemies":"3 Sentries","floor":8,"turns":6},{"damage":0,"enemies":"Jaw Worm","floor":10,"turns":3},{"damage":38,"enemies":"Gremlin Nob","floor":13,"turns":5},{"damage":0,"enemies":"Looter","floor":14,"turns":3},{"damage":44,"enemies":"The Guardian","floor":16,"turns":14}],"seed_played":"-2688529828957180233","potions_obtained":[{"floor":2,"key":"SteroidPotion"},{"floor":6,"key":"SkillPotion"},{"floor":13,"key":"Dexterity Potion"}],"is_trial":false,"path_per_floor":["M","M","T","?","$","E","R","E","T","M","R","?","E","M","R"],"character_chosen":"THE_SILENT","items_purchased":[],"campfire_rested":1,"item_purchase_floors":[],"current_hp_per_floor":[70,70,70,58,58,58,58,54,54,54,54,59,21,21,43,0],"gold":275,"neow_bonus":"THREE_ENEMY_KILL","is_prod":false,"is_daily":false,"chose_seed":false,"campfire_upgraded":2,"win_rate":0,"timestamp":1540457227,"path_taken":["M","?","?","?","$","E","R","E","T","M","R","?","E","M","R","BOSS"],"build_version":"2018-10-18","purchased_purges":0,"victory":false,"max_hp_per_floor":[70,70,70,70,70,70,70,70,70,70,70,75,75,75,75,75],"card_choices":[{"not_picked":["Slice","Calculated Gamble"],"picked":"Dagger Throw","floor":1},{"not_picked":["Dagger Throw","Slice"],"picked":"Dagger Spray","floor":2},{"not_picked":["Acrobatics","Caltrops"],"picked":"Outmaneuver","floor":6},{"not_picked":["Acrobatics","Blade Dance"],"picked":"Distraction","floor":8},{"not_picked":["Setup","Infinite Blades"],"picked":"Poisoned Stab","floor":10},{"not_picked":["Concentrate","Heel Hook"],"picked":"Dash","floor":13},{"not_picked":["Flying Knee","Finisher"],"picked":"Quick Slash","floor":14}],"player_experience":364151,"relics_obtained":[{"floor":3,"key":"Omamori"},{"floor":6,"key":"Paper Crane"},{"floor":8,"key":"Bottled Flame"},{"floor":9,"key":"Unceasing Top"},{"floor":13,"key":"Bird Faced Urn"}],"event_choices":[{"damage_healed":0,"gold_gain":0,"player_choice":"Success","damage_taken":12,"relics_obtained":["Ancient Tea Set"],"max_hp_gain":0,"max_hp_loss":0,"event_name":"Scrap Ooze","floor":4,"gold_loss":0},{"damage_healed":0,"gold_gain":0,"player_choice":"Donut","damage_taken":0,"max_hp_gain":5,"max_hp_loss":0,"event_name":"Big Fish","floor":12,"gold_loss":0}],"is_beta":false,"boss_relics":[],"items_purged_floors":[],"is_endless":false,"potions_floor_spawned":[2,6,13],"killed_by":"The Guardian","ascension_level":2}