{"gold_per_floor":[113,129,129,54,54,54,54,54,54,54,68,81,101,115,115,190,190,204,104,104,133,133,133],"floor_reached":23,"playtime":682,"items_purged":["Strike_R","Defend_R"],"score":377,"play_id":"f55260da-0059-400a-979a-589b73b0b790","local_time":"20190202171705","is_ascension_mode":true,"campfire_choices":[{"data":"Bash","floor":6,"key":"SMITH"},{"data":"Double Tap","floor":8,"key":"SMITH"},{"data":"Strike_R","floor":10,"key":"SMITH"},{"floor":15,"key":"REST"}],"neow_cost":"TEN_PERCENT_HP_LOSS","seed_source_timestamp":430408546127100,"circlet_count":0,"master_deck":["AscendersBane","Strike_R+1","Defend_R","Defend_R","Bash+1","Double Tap+1","Second Wind","Dropkick"],"relics":["Black Blood","Blue Candle","Question Card","MutagenicStrength","Red Mask"],"potions_floor_usage":[23],"damage_taken":[{"damage":19,"enemies":"Jaw Worm","floor":1,"turns":5},{"damage":2,"enemies":"2 Louse","floor":2,"turns":4},{"damage":5,"enemies":"Small Slimes","floor":11,"turns":4},{"damage":18,"enemies":"Red Slaver","floor":12,"turns":3},{"damage":23,"enemies":"Exordium Wildlife","floor":13,"turns":5},{"damage":19,"enemies":"3 Louse","floor":14,"turns":6},{"damage":19,"enemies":"Hexaghost","floor":16,"turns":4},{"damage":24,"enemies":"Chosen","floor":18,"turns":5},{"damage":35,"enemies":"Masked Bandits","floor":21,"turns":3},{"damage":14,"enemies":"Slavers","floor":23,"turns":2}],"seed_played":"842834701950411759","potions_obtained":[{"floor":2,"key":"AttackPotion"},{"floor":14,"key":"Poison Potion"},{"floor":16,"key":"AttackPotion"},{"floor":18,"key":"FairyPotion"}],"is_trial":false,"path_per_floor":["M","M","?","$","?","R","?","R","T","R","M","M","M","M","R","B",null,"M","$","?","?","?","E"],"character_chosen":"IRONCLAD","items_purchased":[],"campfire_rested":1,"item_purchase_floors":[],"current_hp_per_floor":[55,59,59,59,54,54,54,54,54,54,55,43,26,13,33,20,56,42,42,42,17,17,3],"gold":133,"neow_bonus":"REMOVE_TWO","is_prod":false,"is_daily":false,"chose_seed":false,"campfire_upgraded":3,"win_rate":0,"timestamp":1549124225,"path_taken":["M","M","?","$","?","R","?","R","T","R","M","M","M","M","R","BOSS","M","$","?","?","?","E"],"build_version":"2019-01-23","purchased_purges":2,"victory":false,"max_hp_per_floor":[68,68,68,68,68,68,68,68,68,68,68,68,68,68,68,68,68,68,68,68,68,68,68],"card_choices":[{"not_picked":["Anger","Perfected Strike","True Grit"],"picked":"SKIP","floor":1},{"not_picked":["Flex","Spot Weakness","Perfected Strike"],"picked":"SKIP","floor":2},{"not_picked":["Searing Blow","Warcry","Clothesline","Combust"],"picked":"SKIP","floor":11},{"not_picked":["Pommel Strike","Seeing Red","Headbutt"],"picked":"Second Wind","floor":12},{"not_picked":["Flame Barrier","Perfected Strike","Blood for Blood","Carnage"],"picked":"SKIP","floor":13},{"not_picked":["Flex","Carnage","Wild Strike"],"picked":"Dropkick","floor":14},{"not_picked":["Warcry","Entrench","Blood for Blood","Bloodletting"],"picked":"SKIP","floor":18}],"player_experience":311545,"relics_obtained":[{"floor":9,"key":"Question Card"},{"floor":21,"key":"Red Mask"}],"event_choices":[{"cards_removed":["Strike_R"],"damage_healed":0,"gold_gain":0,"player_choice":"Forget","damage_taken":0,"max_hp_gain":0,"max_hp_loss":0,"event_name":"Living Wall","floor":3,"gold_loss":0},{"damage_healed":0,"gold_gain":0,"player_choice":"Success","damage_taken":5,"relics_obtained":["Blue Candle"],"max_hp_gain":0,"max_hp_loss":0,"event_name":"Scrap Ooze","floor":5,"gold_loss":0},{"damage_healed":0,"gold_gain":0,"cards_transformed":["Defend_R"],"player_choice":"Transformed","damage_taken":0,"max_hp_gain":0,"max_hp_loss":0,"event_name":"Transmorgrifier","floor":7,"gold_loss":0,"cards_obtained":["Double Tap"]},{"damage_healed":0,"gold_gain":0,"player_choice":"Inject Mutagens","damage_taken":0,"relics_obtained":["MutagenicStrength"],"max_hp_gain":0,"max_hp_loss":0,"event_name":"Drug Dealer","floor":20,"gold_loss":0},{"damage_healed":0,"gold_gain":0,"player_choice":"Fought Bandits","damage_taken":0,"max_hp_gain":0,"max_hp_loss":0,"event_name":"Masked Bandits","floor":21,"gold_loss":0},{"damage_healed":0,"gold_gain":0,"player_choice":"Ignored","damage_taken":0,"max_hp_gain":0,"max_hp_loss":0,"event_name":"Cursed Tome","floor":22,"gold_loss":0}],"is_beta":false,"boss_relics":[{"not_picked":["Lizard Tail","Eternal Feather"],"picked":"Black Blood"}],"items_purged_floors":[4,19],"is_endless":false,"potions_floor_spawned":[2,14,16,18],"killed_by":"Slavers","ascension_level":17}