{"path_per_floor":["M","T","M","M","T","R","?","M","T","?","R","?","$","?","R","B",null,"M","M","?","?","$","R","?","R","T","R","M","$","M","E","R"],"character_chosen":"IRONCLAD","items_purchased":["Molten Egg 2","Headbutt"],"gold_per_floor":[109,177,192,212,238,238,238,256,306,381,381,381,50,50,50,154,154,167,184,184,109,59,59,59,59,86,86,106,56,72,99,99,99],"floor_reached":33,"campfire_rested":4,"playtime":921,"current_hp_per_floor":[41,41,44,44,44,44,44,23,23,12,36,36,36,41,41,7,66,46,26,26,26,26,51,51,76,76,76,61,61,45,17,42,0],"items_purged":["Defend_R","Defend_R","Strike_R"],"gold":99,"score":377,"play_id":"b356348d-ca6c-4a9c-94db-65b25d9efc36","local_time":"20180520044434","is_prod":false,"is_daily":false,"chose_seed":false,"is_ascension_mode":true,"campfire_upgraded":3,"timestamp":1526784274,"campfire_choices":[{"data":"Rampage","floor":6,"key":"SMITH"},{"floor":11,"key":"REST"},{"data":"Thunderclap","floor":15,"key":"SMITH"},{"floor":23,"key":"REST"},{"floor":25,"key":"REST"},{"data":"Bash","floor":27,"key":"SMITH"},{"floor":32,"key":"REST"}],"path_taken":["M","?","M","M","?","R","?","M","T","?","R","?","$","?","R","BOSS","M","M","?","?","$","R","?","R","T","R","M","$","M","E","R","BOSS"],"build_version":"2018-05-17","seed_source_timestamp":26380555788799,"purchased_purges":3,"victory":false,"master_deck":["Bash+1","AscendersBane","Thunderclap+1","Rampage+1","Headbutt+1","Cleave+1","Rupture+1","Headbutt+1"],"max_hp_per_floor":[80,80,80,80,80,80,80,80,80,80,80,80,80,85,85,85,85,85,85,85,85,85,85,85,85,85,85,85,85,85,85,85,85],"relics":["Burning Blood","Ginger","Smiling Mask","Blood Vial","Juzu Bracelet","Molten Egg 2","Astrolabe","Oddly Smooth Stone","Bottled Tornado"],"card_choices":[{"not_picked":["Iron Wave","Hemokinesis"],"picked":"Thunderclap","floor":1},{"not_picked":["Shrug It Off","Cleave"],"picked":"Rampage","floor":3},{"not_picked":["Pommel Strike","Shockwave","Heavy Blade"],"picked":"SKIP","floor":4},{"not_picked":["Body Slam","Clash","Reckless Charge"],"picked":"SKIP","floor":8},{"not_picked":["Evolve","Sword Boomerang+1"],"picked":"Headbutt+1","floor":18},{"not_picked":["Warcry","Clothesline+1","Anger+1"],"picked":"SKIP","floor":19},{"not_picked":["Shrug It Off","True Grit","Corruption"],"picked":"SKIP","floor":28},{"not_picked":["Hemokinesis+1","True Grit","Twin Strike+1"],"picked":"SKIP","floor":30},{"not_picked":["Cleave+1","Warcry","Fire Breathing"],"picked":"SKIP","floor":31}],"player_experience":127463,"potions_floor_usage":[8,31,31,33],"damage_taken":[{"damage":1,"enemies":"Cultist","floor":1,"turns":3},{"damage":3,"enemies":"Jaw Worm","floor":3,"turns":4},{"damage":6,"enemies":"2 Louse","floor":4,"turns":3},{"damage":37,"enemies":"Gremlin Gang","floor":8,"turns":5},{"damage":42,"enemies":"The Guardian","floor":16,"turns":8},{"damage":28,"enemies":"Spheric Guardian","floor":18,"turns":4},{"damage":28,"enemies":"3 Byrds","floor":19,"turns":4},{"damage":23,"enemies":"Centurion and Healer","floor":28,"turns":3},{"damage":24,"enemies":"Snake Plant","floor":30,"turns":3},{"damage":36,"enemies":"Slavers","floor":31,"turns":3},{"damage":46,"enemies":"Champ","floor":33,"turns":5}],"relics_obtained":[{"floor":2,"key":"Smiling Mask"},{"floor":5,"key":"Blood Vial"},{"floor":9,"key":"Juzu Bracelet"},{"floor":26,"key":"Oddly Smooth Stone"},{"floor":31,"key":"Bottled Tornado"}],"event_choices":[{"event_name":"Wheel of Change","player_choice":"Card Removal","floor":7,"damage_taken":0},{"event_name":"World of Goop","player_choice":"Gather Gold","floor":10,"damage_taken":0},{"event_name":"Living Wall","player_choice":"Forget","floor":12,"damage_taken":0},{"event_name":"Big Fish","player_choice":"Donut","floor":14,"damage_taken":0},{"event_name":"Purifier","player_choice":"One Purge","floor":20,"damage_taken":0},{"event_name":"Beggar","player_choice":"Gave Gold","floor":21,"damage_taken":0},{"event_name":"Addict","player_choice":"Ignored","floor":24,"damage_taken":0}],"boss_relics":[{"not_picked":["Snecko Eye","Black Star"],"picked":"Astrolabe"}],"potions_floor_spawned":[4,16,19,30],"seed_played":"-3187871041121217553","killed_by":"Champ","ascension_level":10,"potions_obtained":[{"floor":4,"key":"BloodPotion"},{"floor":16,"key":"Energy Potion"},{"floor":19,"key":"Swift Potion"},{"floor":30,"key":"SkillPotion"}],"is_trial":false}