{"gold_per_floor":[110,285,6,23,23,57,132,132,132,164,178,178,195,195,195,294,294,311,281,281,36,48,73,73,85,85,10,26,45,45,5,5,109,109,124,124,124,139,139,139,172,188,188,188,188,188,0,15,15,15],"floor_reached":50,"playtime":3284,"items_purged":["Doubt"],"score":626,"play_id":"5ebde792-d97c-42f4-bcab-eb4ed2e677c9","local_time":"20181024200710","is_ascension_mode":true,"campfire_choices":[{"data":"Dagger Spray","floor":8,"key":"SMITH"},{"data":"Neutralize","floor":12,"key":"SMITH"},{"data":"Poisoned Stab","floor":15,"key":"SMITH"},{"floor":24,"key":"REST"},{"floor":30,"key":"REST"},{"data":"Terror","floor":32,"key":"SMITH"},{"floor":40,"key":"REST"},{"data":"Adrenaline","floor":44,"key":"SMITH"},{"data":"Venomology","floor":46,"key":"SMITH"},{"floor":49,"key":"REST"}],"neow_cost":"NONE","seed_source_timestamp":163719497016084,"circlet_count":0,"master_deck":["Defend_G","Defend_G","Defend_G","Defend_G","Strike_G","Strike_G","Strike_G","Strike_G","Strike_G","Survivor","Neutralize+1","Dagger Spray+1","Sucker Punch","Sucker Punch","Footwork+1","Sucker Punch","Poisoned Stab+1","Venomology+1","Terror+1","Blur+1","Dodge and Roll+1","Dagger Spray","Well Laid Plans","Adrenaline+1","Dash","Dagger Spray","Outmaneuver","Flying Knee","Phantasmal Killer","Riddle With Holes+1","Madness","Madness","Outmaneuver+1"],"relics":["Ring of the Snake","NeowsBlessing","Toolbox","PreservedInsect","Art of War","Lantern","Calling Bell","Regal Pillow","FossilizedHelix","Matryoshka","Mummified Hand","Pear","Mercury Hourglass","Kunai","Orrery","Strawberry","Centennial Puzzle","Smiling Mask","Red Mask"],"potions_floor_usage":[16,16,23,23,25,28,29,29,33,33,33,41,42,48,48,50,50,50],"damage_taken":[{"damage":0,"enemies":"Jaw Worm","floor":1,"turns":1},{"damage":0,"enemies":"2 Louse","floor":4,"turns":1},{"damage":0,"enemies":"3 Sentries","floor":6,"turns":1},{"damage":0,"enemies":"Gremlin Nob","floor":10,"turns":3},{"damage":0,"enemies":"Cultist","floor":11,"turns":3},{"damage":2,"enemies":"Looter","floor":13,"turns":3},{"damage":44,"enemies":"The Guardian","floor":16,"turns":15},{"damage":30,"enemies":"2 Thieves","floor":18,"turns":5},{"damage":10,"enemies":"3 Byrds","floor":22,"turns":6},{"damage":0,"enemies":"Book of Stabbing","floor":23,"turns":5},{"damage":22,"enemies":"Cultist and Chosen","floor":25,"turns":9},{"damage":19,"enemies":"Centurion and Healer","floor":28,"turns":5},{"damage":5,"enemies":"Snake Plant","floor":29,"turns":4},{"damage":33,"enemies":"Champ","floor":33,"turns":16},{"damage":39,"enemies":"3 Darklings","floor":35,"turns":4},{"damage":0,"enemies":"Orb Walker","floor":38,"turns":3},{"damage":0,"enemies":"Nemesis","floor":41,"turns":7},{"damage":6,"enemies":"Maw","floor":42,"turns":7},{"damage":18,"enemies":"Sphere and 2 Shapes","floor":48,"turns":6},{"damage":95,"enemies":"Donu and Deca","floor":50,"turns":7}],"seed_played":"-6784086851953531770","potions_obtained":[{"floor":10,"key":"EssenceOfSteel"},{"floor":11,"key":"SpeedPotion"},{"floor":22,"key":"GhostInAJar"},{"floor":25,"key":"Weak Potion"},{"floor":29,"key":"Dexterity Potion"},{"floor":33,"key":"Swift Potion"},{"floor":41,"key":"Fire Potion"},{"floor":48,"key":"PowerPotion"}],"is_trial":false,"path_per_floor":["M","?","$","M","?","E","?","R","T","E","M","R","M","?","R","B",null,"M","?","?","$","M","E","R","M","T","?","M","M","R","$","R","B",null,"M","?","?","M","$","R","E","M","T","R","?","R","?","M","R"],"character_chosen":"THE_SILENT","items_purchased":["Toolbox","Mummified Hand","Well Laid Plans"],"campfire_rested":4,"item_purchase_floors":[3,21,31],"current_hp_per_floor":[70,70,70,70,70,70,63,63,63,63,63,63,61,61,61,17,70,40,40,40,40,30,40,79,57,57,57,38,33,72,72,72,39,80,41,41,41,41,41,77,84,78,78,78,67,67,67,49,84,0],"gold":15,"neow_bonus":"THREE_ENEMY_KILL","is_prod":false,"is_daily":false,"chose_seed":false,"campfire_upgraded":6,"win_rate":0,"timestamp":1540436830,"path_taken":["M","?","$","M","?","E","?","R","T","E","M","R","?","?","R","BOSS","M","?","?","$","?","E","R","M","T","?","M","?","R","$","R","BOSS","M","?","?","M","$","R","E","M","T","R","?","R","?","M","R","BOSS"],"build_version":"2018-10-18","purchased_purges":1,"victory":false,"max_hp_per_floor":[70,70,70,70,70,70,70,70,70,70,70,70,70,70,70,70,70,70,70,70,70,70,80,80,80,80,80,80,80,80,80,80,80,80,80,80,77,77,77,77,84,84,84,84,84,84,84,84,84,84],"card_choices":[{"not_picked":["Outmaneuver","Cloak And Dagger"],"picked":"Dagger Spray","floor":1},{"not_picked":["Dodge and Roll","Noxious Fumes"],"picked":"Sucker Punch","floor":4},{"not_picked":["Blade Dance","Leg Sweep"],"picked":"Sucker Punch","floor":6},{"not_picked":["Well Laid Plans","Crippling Poison"],"picked":"Footwork","floor":10},{"not_picked":["Eviscerate","Dodge and Roll"],"picked":"Sucker Punch","floor":11},{"not_picked":["Slice","Dodge and Roll"],"picked":"Poisoned Stab","floor":13},{"not_picked":["Envenom","Tools of the Trade"],"picked":"Venomology","floor":16},{"not_picked":["Choke","Dash"],"picked":"Terror","floor":18},{"not_picked":["Escape Plan","PiercingWail+1"],"picked":"Blur+1","floor":22},{"not_picked":["Dagger Spray","Bane"],"picked":"Dodge and Roll+1","floor":23},{"not_picked":["Eviscerate+1","Accuracy+1"],"picked":"Dagger Spray","floor":25},{"not_picked":["Deflect+1","Infinite Blades+1","Reflex"],"picked":"SKIP","floor":28},{"not_picked":["Infinite Blades","Sucker Punch"],"picked":"Dagger Throw+1","floor":29},{"not_picked":["Venomology","Tools of the Trade"],"picked":"Adrenaline","floor":33},{"not_picked":["Slice","Sucker Punch+1"],"picked":"Dash","floor":34},{"not_picked":["Leg Sweep","Cloak And Dagger"],"picked":"Dagger Spray","floor":34},{"not_picked":["Dagger Spray","Sucker Punch"],"picked":"Outmaneuver","floor":34},{"not_picked":["Prepared","Masterful Stab+1"],"picked":"Flying Knee","floor":34},{"not_picked":["Infinite Blades","Deadly Poison"],"picked":"Phantasmal Killer","floor":34},{"not_picked":["Skewer+1","Sucker Punch+1","Dagger Spray"],"picked":"SKIP","floor":35},{"not_picked":["Terror","Blade Dance","Backflip+1"],"picked":"SKIP","floor":38},{"not_picked":["Endless Agony","Skewer"],"picked":"Riddle With Holes+1","floor":41},{"not_picked":["Acrobatics","Prepared","Bane+1"],"picked":"SKIP","floor":42},{"not_picked":["Blade Dance","Dodge and Roll"],"picked":"Outmaneuver+1","floor":48}],"player_experience":342191,"relics_obtained":[{"floor":6,"key":"PreservedInsect"},{"floor":9,"key":"Art of War"},{"floor":10,"key":"Lantern"},{"floor":17,"key":"Regal Pillow"},{"floor":17,"key":"FossilizedHelix"},{"floor":17,"key":"Matryoshka"},{"floor":23,"key":"Pear"},{"floor":26,"key":"Mercury Hourglass"},{"floor":26,"key":"Kunai"},{"floor":41,"key":"Strawberry"},{"floor":43,"key":"Centennial Puzzle"},{"floor":43,"key":"Smiling Mask"}],"event_choices":[{"damage_healed":0,"gold_gain":175,"player_choice":"AGREE","damage_taken":0,"max_hp_gain":0,"max_hp_loss":0,"event_name":"Liars Game","floor":2,"gold_loss":0,"cards_obtained":["Doubt"]},{"cards_removed":["Defend_G"],"damage_healed":0,"gold_gain":0,"player_choice":"Offered Basic","damage_taken":0,"max_hp_gain":0,"max_hp_loss":0,"event_name":"Bonfire Elementals","floor":5,"gold_loss":0},{"damage_healed":0,"gold_gain":75,"player_choice":"Touch","damage_taken":7,"max_hp_gain":0,"max_hp_loss":0,"event_name":"FaceTrader","floor":7,"gold_loss":0},{"damage_healed":0,"gold_gain":0,"player_choice":"Upgraded","damage_taken":0,"max_hp_gain":0,"max_hp_loss":0,"event_name":"Upgrade Shrine","floor":14,"gold_loss":0,"cards_upgraded":["Footwork"]},{"damage_healed":0,"gold_gain":0,"player_choice":"Bought 2 Potions","damage_taken":0,"max_hp_gain":0,"max_hp_loss":0,"event_name":"The Woman in Blue","floor":19,"gold_loss":0},{"cards_removed":["Regret"],"damage_healed":0,"gold_gain":0,"player_choice":"Purged","damage_taken":0,"max_hp_gain":0,"max_hp_loss":0,"event_name":"Purifier","floor":20,"gold_loss":0},{"cards_removed":["Injury"],"damage_healed":0,"gold_gain":0,"player_choice":"Gave Gold","damage_taken":0,"max_hp_gain":0,"max_hp_loss":0,"event_name":"Beggar","floor":27,"gold_loss":75},{"cards_removed":["Dagger Throw"],"damage_healed":0,"gold_gain":0,"player_choice":"Removed Attack","damage_taken":0,"max_hp_gain":0,"max_hp_loss":0,"event_name":"Falling","floor":36,"gold_loss":0},{"cards_removed":["Parasite"],"damage_healed":0,"gold_gain":0,"player_choice":"Removed Curses","damage_taken":0,"max_hp_gain":0,"max_hp_loss":0,"event_name":"Fountain of Cleansing","floor":37,"gold_loss":0},{"damage_healed":0,"gold_gain":0,"player_choice":"Embrace Madness","damage_taken":11,"max_hp_gain":0,"max_hp_loss":0,"event_name":"Winding Halls","floor":45,"gold_loss":0,"cards_obtained":["Madness","Madness"]},{"damage_healed":0,"gold_gain":0,"player_choice":"Paid","damage_taken":0,"relics_obtained":["Red Mask"],"max_hp_gain":0,"max_hp_loss":0,"event_name":"Tomb of Lord Red Mask","floor":47,"gold_loss":188}],"is_beta":false,"boss_relics":[{"not_picked":["Velvet Choker","Philosopher\u0027s Stone"],"picked":"Calling Bell"},{"not_picked":["Snecko Eye","Fusion Hammer"],"picked":"Orrery"}],"items_purged_floors":[3],"is_endless":false,"potions_floor_spawned":[10,11,22,25,29,33,41,48],"killed_by":"Donu and Deca","ascension_level":1}