{"gold_per_floor":[212,226,226,239,92,92,92,107,164,190,208,11,30,30,30,127,177,188,200,200,215,215,215,244,244,244,261,277,126,126],"floor_reached":30,"playtime":1922,"items_purged":[],"score":254,"play_id":"676fe5aa-4fe3-4a00-9168-d8139bc6a2a2","local_time":"20180809183126","is_ascension_mode":true,"campfire_choices":[{"data":"Neutralize","floor":6,"key":"SMITH"},{"data":"Bouncing Flask","floor":15,"key":"SMITH"},{"floor":23,"key":"REST"},{"floor":25,"key":"REST"}],"neow_cost":"NONE","seed_source_timestamp":24032514816000,"circlet_count":0,"master_deck":["Defend_G","Defend_G","Defend_G","Defend_G","Defend_G","Strike_G","Strike_G","Strike_G","Strike_G+1","Strike_G","Survivor","Neutralize+1","Quick Slash","Dagger Spray+1","Blur","Dagger Throw","Noxious Fumes","Bouncing Flask+1","Flying Knee","Corpse Explosion","Flying Knee","Noxious Fumes","Catalyst+1","Tactician+1"],"relics":["Ring of the Snake","Snake Skull","Unceasing Top","Tiny Chest","Odd Mushroom","Sling","Tiny House","Singing Bowl","Oddly Smooth Stone","Vajra","Anchor"],"potions_floor_usage":[13,16,21,24,24,24],"damage_taken":[{"damage":1,"enemies":"2 Louse","floor":1,"turns":3},{"damage":2,"enemies":"Small Slimes","floor":2,"turns":3},{"damage":0,"enemies":"Jaw Worm","floor":4,"turns":4},{"damage":7,"enemies":"Large Slime","floor":8,"turns":6},{"damage":18,"floor":10,"turns":4},{"damage":1,"enemies":"2 Fungi Beasts","floor":11,"turns":3},{"damage":0,"enemies":"3 Louse","floor":13,"turns":1},{"damage":1,"enemies":"Slime Boss","floor":16,"turns":7},{"damage":23,"enemies":"Shell Parasite","floor":18,"turns":5},{"damage":16,"enemies":"Spheric Guardian","floor":19,"turns":5},{"damage":18,"enemies":"3 Cultists","floor":21,"turns":3},{"damage":26,"enemies":"Slavers","floor":24,"turns":3},{"damage":24,"enemies":"Snake Plant","floor":27,"turns":3},{"damage":19,"enemies":"Centurion and Healer","floor":28,"turns":3},{"damage":9,"enemies":"3 Cultists","floor":30,"turns":3}],"seed_played":"-5385667519591982418","potions_obtained":[{"floor":10,"key":"SpeedPotion"},{"floor":11,"key":"Explosive Potion"},{"floor":13,"key":"GhostInAJar"},{"floor":17,"key":"SkillPotion"},{"floor":19,"key":"SkillPotion"},{"floor":28,"key":"Poison Potion"}],"is_trial":false,"path_per_floor":["M","M","?","M","$","R","T","M","T","?","M","$","M","?","R","B",null,"M","M","T","M","$","R","E","R","T","M","M","$"],"character_chosen":"THE_SILENT","items_purchased":["Snake Skull","Sling","Anchor"],"campfire_rested":2,"item_purchase_floors":[5,12,29],"current_hp_per_floor":[69,67,67,67,67,67,67,60,60,42,41,41,41,41,41,40,75,52,36,36,20,20,43,19,42,42,20,1,1,0],"gold":126,"neow_bonus":"HUNDRED_GOLD","is_prod":false,"is_daily":false,"chose_seed":false,"campfire_upgraded":2,"win_rate":0,"timestamp":1533864686,"path_taken":["M","M","?","M","$","R","?","M","T","?","M","$","M","?","R","BOSS","M","M","?","M","$","R","E","R","T","M","M","?","?"],"build_version":"2018-08-02","purchased_purges":0,"victory":false,"max_hp_per_floor":[70,70,70,70,70,70,70,70,70,70,70,70,70,70,70,70,75,75,75,75,77,77,77,79,79,79,81,81,81,81],"card_choices":[{"not_picked":["Dodge and Roll","Sucker Punch"],"picked":"Quick Slash","floor":1},{"not_picked":["Backflip","Accuracy"],"picked":"Dagger Spray","floor":2},{"not_picked":["PiercingWail","Masterful Stab"],"picked":"Blur","floor":4},{"not_picked":["Blur","Riddle With Holes"],"picked":"Dagger Throw","floor":8},{"not_picked":["Dagger Spray","Leg Sweep"],"picked":"Noxious Fumes","floor":10},{"not_picked":["Backflip","Underhanded Strike"],"picked":"Bouncing Flask","floor":11},{"not_picked":["Heel Hook","Predator"],"picked":"Flying Knee","floor":13},{"not_picked":["Storm of Steel","Phantasmal Killer"],"picked":"Corpse Explosion","floor":16},{"not_picked":["Cloak And Dagger","Distraction"],"picked":"Flying Knee","floor":17},{"not_picked":["Underhanded Strike","Reflex"],"picked":"Noxious Fumes","floor":18},{"not_picked":["Predator","Blade Dance"],"picked":"Catalyst+1","floor":19},{"not_picked":["Outmaneuver","Distraction","Dagger Spray"],"picked":"Singing Bowl","floor":21},{"not_picked":["Sucker Punch","Dash+1","Distraction"],"picked":"Singing Bowl","floor":24},{"not_picked":["Backstab","Deflect","Flying Knee"],"picked":"Singing Bowl","floor":27},{"not_picked":["Sucker Punch","Dagger Throw"],"picked":"Tactician+1","floor":28}],"player_experience":320001,"relics_obtained":[{"floor":7,"key":"Unceasing Top"},{"floor":9,"key":"Tiny Chest"},{"floor":10,"key":"Odd Mushroom"},{"floor":20,"key":"Singing Bowl"},{"floor":24,"key":"Oddly Smooth Stone"},{"floor":26,"key":"Vajra"}],"event_choices":[{"event_name":"Living Wall","player_choice":"Grow","floor":3,"damage_taken":0},{"event_name":"Mushrooms","player_choice":"Fought Mushrooms","floor":10,"damage_taken":0},{"event_name":"The Cleric","player_choice":"Leave","floor":14,"damage_taken":0}],"is_beta":false,"boss_relics":[{"not_picked":["Velvet Choker","Snecko Eye"],"picked":"Tiny House"}],"items_purged_floors":[],"is_endless":false,"potions_floor_spawned":[10,11,13,19,28],"killed_by":"3 Cultists","ascension_level":1}