{"gold_per_floor":[363,363,363,328,19,53,53,78,104,104,114,128,144,161,161,259,259,277,277,277,288,13,13,30,30],"floor_reached":25,"playtime":2849,"items_purged":[],"score":211,"play_id":"2a6ee52f-c87c-400d-bc9e-ec9f98e2c036","local_time":"20190219225654","is_ascension_mode":false,"campfire_choices":[{"floor":7.0,"key":"REST"},{"data":"Adrenaline","floor":15.0,"key":"SMITH"},{"floor":23.0,"key":"REST"}],"neow_cost":"PERCENT_DAMAGE","seed_source_timestamp":0,"circlet_count":0,"master_deck":["Defend_G","Defend_G+1","Defend_G","Defend_G","Defend_G","Strike_G","Strike_G","Strike_G","Strike_G","Strike_G","Survivor+1","Neutralize+1","Distraction","Caltrops","Swift Strike","Cloak And Dagger","Leg Sweep","Deadly Poison","Riddle With Holes","Adrenaline+1","Envenom","Bouncing Flask+1","Flying Knee+1","Accuracy","Enlightenment","Poisoned Stab+1","Dagger Spray+1"],"special_seed":0,"relics":["Ring of the Snake","Lantern","Ninja Scroll","Potion Belt","Boot","Cursed Key","Nilry\u0027s Codex","Dream Catcher"],"potions_floor_usage":[25],"damage_taken":[{"damage":0.0,"enemies":"Small Slimes","floor":1.0,"turns":3.0},{"damage":29.0,"enemies":"3 Sentries","floor":6.0,"turns":13.0},{"damage":8.0,"enemies":"Lagavulin","floor":8.0,"turns":8.0},{"damage":0.0,"enemies":"Jaw Worm","floor":11.0,"turns":2.0},{"damage":0.0,"enemies":"2 Louse","floor":12.0,"turns":2.0},{"damage":1.0,"enemies":"Large Slime","floor":13.0,"turns":6.0},{"damage":1.0,"enemies":"Exordium Thugs","floor":14.0,"turns":5.0},{"damage":34.0,"enemies":"Hexaghost","floor":16.0,"turns":8.0},{"damage":12.0,"enemies":"Shell Parasite","floor":18.0,"turns":3.0},{"damage":12.0,"enemies":"2 Thieves","floor":21.0,"turns":4.0},{"damage":1.0,"enemies":"Snecko","floor":24.0,"turns":4.0},{"damage":51,"enemies":"Gremlin Leader","floor":25,"turns":4}],"seed_played":"-6873565016628326609","potions_obtained":[{"floor":1.0,"key":"PowerPotion"},{"floor":6.0,"key":"Poison Potion"},{"floor":14.0,"key":"Weak Potion"},{"floor":21.0,"key":"SkillPotion"}],"is_trial":false,"path_per_floor":["?","?","?","?","?","?","$"],"character_chosen":"THE_SILENT","items_purchased":["Lantern","Caltrops","Swift Strike","Accuracy","Enlightenment","Dream Catcher"],"campfire_rested":2,"item_purchase_floors":[5,5,5,22,22,22],"current_hp_per_floor":[49,35,35,52,52,23,44,36,36,70,70,70,69,68,68,34,70,58,42,42,30,30,51,50,0],"gold":30,"neow_bonus":"TWO_FIFTY_GOLD","is_prod":false,"is_daily":false,"chose_seed":false,"campfire_upgraded":1,"win_rate":0.0,"timestamp":1550591814,"path_taken":["M","?","?","?","$","E","R","E","T","?","M","M","M","M","R","BOSS","M","?","?","M","?","R","M","E"],"build_version":"2019-01-23","purchased_purges":0,"victory":false,"max_hp_per_floor":[70,70,70,70,70,70,70,70,70,70,70,70,70,70,70,70,70,70,70,70,70,70,70,70,70],"card_choices":[{"not_picked":["Flechettes","Skewer"],"picked":"Distraction","floor":1.0},{"not_picked":["Underhanded Strike","Dagger Spray"],"picked":"Cloak And Dagger","floor":6.0},{"not_picked":["Masterful Stab","Bane"],"picked":"Catalyst","floor":8.0},{"not_picked":["Poisoned Stab","Catalyst"],"picked":"Leg Sweep","floor":11.0},{"not_picked":["Escape Plan","Quick Slash"],"picked":"Deadly Poison","floor":12.0},{"not_picked":["Slice","Flying Knee"],"picked":"Riddle With Holes","floor":13.0},{"not_picked":["Deadly Poison","Caltrops"],"picked":"Adrenaline","floor":14.0},{"not_picked":["Die Die Die","After Image"],"picked":"Envenom","floor":16.0},{"not_picked":["Flying Knee","Escape Plan"],"picked":"Bouncing Flask+1","floor":18.0},{"not_picked":["Underhanded Strike","PiercingWail"],"picked":"Flying Knee+1","floor":21.0},{"not_picked":["Dagger Throw","Leg Sweep"],"picked":"Poisoned Stab+1","floor":23.0},{"not_picked":["Cloak And Dagger","Acrobatics"],"picked":"Dagger Spray+1","floor":24.0}],"player_experience":154781,"relics_obtained":[{"floor":6.0,"key":"Ninja Scroll"},{"floor":8.0,"key":"Potion Belt"},{"floor":9.0,"key":"Boot"},{"floor":19.0,"key":"Nilry\u0027s Codex"}],"event_choices":[{"damage_healed":0.0,"max_hp_gain":0.0,"max_hp_loss":0.0,"gold_gain":0.0,"event_name":"Shining Light","player_choice":"Entered Light","floor":2.0,"gold_loss":0.0,"damage_taken":14.0,"cards_upgraded":["Neutralize","Defend_G"]},{"damage_healed":0.0,"max_hp_gain":0.0,"max_hp_loss":0.0,"gold_gain":0.0,"event_name":"Living Wall","player_choice":"Grow","floor":3.0,"gold_loss":0.0,"damage_taken":0.0,"cards_upgraded":["Survivor"]},{"damage_healed":17.0,"max_hp_gain":0.0,"max_hp_loss":0.0,"gold_gain":0.0,"event_name":"The Cleric","player_choice":"Healed","floor":4.0,"gold_loss":35.0,"damage_taken":0.0},{"cards_removed":["Catalyst"],"damage_healed":34.0,"max_hp_gain":0.0,"max_hp_loss":0.0,"gold_gain":0.0,"event_name":"Bonfire Elementals","player_choice":"Offered Uncommon","floor":10.0,"gold_loss":0.0,"damage_taken":0.0},{"damage_healed":0.0,"max_hp_gain":0.0,"max_hp_loss":0.0,"gold_gain":0.0,"event_name":"Cursed Tome","player_choice":"Obtained Book","floor":19.0,"gold_loss":0.0,"damage_taken":16.0},{"damage_healed":0.0,"max_hp_gain":0.0,"max_hp_loss":0.0,"gold_gain":0.0,"event_name":"Ghosts","player_choice":"Ignored","floor":20.0,"gold_loss":0.0,"damage_taken":0.0}],"is_beta":false,"boss_relics":[{"not_picked":["Runic Dome","Fusion Hammer"],"picked":"Cursed Key"}],"items_purged_floors":[],"is_endless":false,"potions_floor_spawned":[1,6,14,21],"killed_by":"Gremlin Leader","ascension_level":0}