{"gold_per_floor":[118,136,61,61,61,88,88,105,156,156,167,67,67,100,100,100],"floor_reached":16,"playtime":221,"items_purged":["Strike_R","Strike_R+1"],"score":246,"play_id":"f9c79e1d-8ecd-479c-b117-fc1aea2f2a56","local_time":"20190202170532","is_ascension_mode":true,"campfire_choices":[{"data":"Bash","floor":7,"key":"SMITH"},{"data":"Strike_R","floor":10,"key":"SMITH"},{"floor":15,"key":"REST"}],"neow_cost":"NONE","seed_source_timestamp":430177232269200,"circlet_count":0,"master_deck":["AscendersBane","Strike_R","Strike_R","Strike_R","Defend_R","Defend_R","Defend_R","Defend_R","Bash+1"],"relics":["Burning Blood","NeowsBlessing","Blood Vial","Boot","Bag of Marbles","Lantern"],"potions_floor_usage":[14,14],"damage_taken":[{"damage":0,"enemies":"Cultist","floor":1,"turns":1},{"damage":0,"enemies":"2 Louse","floor":2,"turns":1},{"damage":0,"enemies":"3 Sentries","floor":6,"turns":2},{"damage":12,"enemies":"Jaw Worm","floor":8,"turns":2},{"damage":17,"enemies":"Looter","floor":11,"turns":3},{"damage":38,"enemies":"Lagavulin","floor":14,"turns":6},{"damage":0,"enemies":"The Guardian","floor":16,"turns":1}],"seed_played":"-6055885117250393758","potions_obtained":[{"floor":1,"key":"Fire Potion"},{"floor":8,"key":"Weak Potion"},{"floor":11,"key":"SkillPotion"}],"is_trial":false,"path_per_floor":["M","M","$","?","$","E","R","M","T","R","M","$","?","E","R","B"],"character_chosen":"IRONCLAD","items_purchased":[],"campfire_rested":1,"item_purchase_floors":[],"current_hp_per_floor":[74,75,75,75,75,75,75,69,69,69,60,60,60,30,52,52],"gold":100,"neow_bonus":"THREE_ENEMY_KILL","is_prod":false,"is_daily":false,"chose_seed":false,"campfire_upgraded":2,"win_rate":0,"timestamp":1549123532,"path_taken":["M","M","$","?","$","E","R","?","T","R","M","$","?","E","R","BOSS"],"build_version":"2019-01-23","purchased_purges":2,"victory":false,"max_hp_per_floor":[75,75,75,75,75,75,75,75,75,75,75,75,75,75,75,75],"card_choices":[{"not_picked":["Uppercut","Reckless Charge","True Grit"],"picked":"SKIP","floor":1},{"not_picked":["Armaments","Havoc","True Grit"],"picked":"SKIP","floor":2},{"not_picked":["Havoc","Feel No Pain","Anger"],"picked":"SKIP","floor":6},{"not_picked":["True Grit","Armaments","Pommel Strike"],"picked":"SKIP","floor":8},{"not_picked":["Reaper","Iron Wave","Body Slam"],"picked":"SKIP","floor":11},{"not_picked":["Warcry","Clothesline","Infernal Blade"],"picked":"SKIP","floor":14}],"player_experience":311324,"relics_obtained":[{"floor":6,"key":"Boot"},{"floor":9,"key":"Bag of Marbles"},{"floor":14,"key":"Lantern"}],"event_choices":[{"damage_healed":0,"gold_gain":0,"player_choice":"Gave Potion","damage_taken":0,"relics_obtained":["Blood Vial"],"max_hp_gain":0,"max_hp_loss":0,"event_name":"WeMeetAgain","floor":4,"gold_loss":0},{"damage_healed":0,"gold_gain":0,"player_choice":"Leave","damage_taken":0,"max_hp_gain":0,"max_hp_loss":0,"event_name":"The Cleric","floor":13,"gold_loss":0}],"is_beta":false,"boss_relics":[],"items_purged_floors":[3,12],"is_endless":false,"potions_floor_spawned":[1,8,11],"killed_by":"The Guardian","ascension_level":17}