{"gold_per_floor":[115,115,133,144,1,34,46,80,80,80,94,48,48,61,61,162,162,176,176,50,63,82,108,108,108,135,149,164,164,164,114,114,114],"floor_reached":33,"playtime":1770,"items_purged":["Defend_R","Defend_R"],"score":302,"play_id":"e0c153c1-72ba-44b8-8de3-98b4bf426d6c","local_time":"20190215034340","is_ascension_mode":false,"campfire_choices":[{"floor":10,"key":"REST"},{"floor":15,"key":"REST"},{"floor":24,"key":"REST"},{"floor":29,"key":"REST"},{"floor":32,"key":"REST"}],"neow_cost":"PERCENT_DAMAGE","seed_source_timestamp":65263750886461,"circlet_count":0,"master_deck":["Strike_R","Strike_R","Strike_R","Strike_R","Strike_R","Defend_R","Bash","Infernal Blade","Whirlwind","Whirlwind","Pommel Strike","Perfected Strike","Shrug It Off","Dual Wield","Warcry","Twin Strike","Pommel Strike","Perfected Strike","Perfected Strike"],"relics":["Burning Blood","Orichalcum","Happy Flower","Boot","Velvet Choker","Frozen Egg 2","Potion Belt","Bag of Preparation","MutagenicStrength"],"potions_floor_usage":[8,14,16,16,23,23,23,33,33],"damage_taken":[{"damage":10,"enemies":"Jaw Worm","floor":1,"turns":4},{"damage":1,"enemies":"Cultist","floor":3,"turns":3},{"damage":11,"enemies":"2 Louse","floor":4,"turns":3},{"damage":38,"enemies":"Gremlin Nob","floor":6,"turns":5},{"damage":0,"enemies":"Exordium Wildlife","floor":7,"turns":2},{"damage":40,"enemies":"Lagavulin","floor":8,"turns":7},{"damage":9,"enemies":"Exordium Thugs","floor":11,"turns":3},{"damage":7,"enemies":"Looter","floor":14,"turns":3},{"damage":18,"enemies":"Slime Boss","floor":16,"turns":9},{"damage":19,"enemies":"2 Thieves","floor":18,"turns":3},{"damage":0,"enemies":"3 Byrds","floor":21,"turns":2},{"damage":31,"enemies":"Shelled Parasite and Fungi","floor":22,"turns":4},{"damage":19,"enemies":"Slavers","floor":23,"turns":2},{"damage":9,"enemies":"Snecko","floor":27,"turns":3},{"damage":18,"enemies":"Sentry and Sphere","floor":28,"turns":4},{"damage":106,"enemies":"Collector","floor":33,"turns":8}],"seed_played":"-5817503393863839219","potions_obtained":[{"floor":1,"key":"SpeedPotion"},{"floor":4,"key":"Explosive Potion"},{"floor":6,"key":"Strength Potion"},{"floor":11,"key":"PowerPotion"},{"floor":16,"key":"SteroidPotion"},{"floor":21,"key":"EntropicBrew"},{"floor":22,"key":"FearPotion"},{"floor":28,"key":"SpeedPotion"}],"is_trial":false,"path_per_floor":["M","?","M","M","$","E","M","E","T","R","M","$","?","M","R","B",null,"M","?","$","M","M","E","R","?","T","M","M","R","?","$","R","B"],"character_chosen":"IRONCLAD","items_purchased":["Whirlwind","Shrug It Off","Warcry","Perfected Strike"],"campfire_rested":5,"item_purchase_floors":[5,12,20,31],"current_hp_per_floor":[68,68,73,68,68,36,42,8,8,36,33,33,33,32,60,48,96,83,67,67,73,48,35,63,63,63,60,48,76,76,76,96,0],"gold":114,"neow_bonus":"TWENTY_PERCENT_HP_BONUS","is_prod":false,"is_daily":false,"chose_seed":false,"campfire_upgraded":0,"win_rate":0.0,"timestamp":1550169820,"path_taken":["M","?","M","?","?","E","M","E","T","R","M","$","?","M","R","BOSS","M","?","?","M","?","E","R","?","T","M","M","R","?","?","R","BOSS"],"build_version":"2019-01-23","purchased_purges":2,"victory":false,"max_hp_per_floor":[96,96,96,96,96,96,96,96,96,96,96,96,96,96,96,96,96,96,96,96,96,96,96,96,96,96,96,96,96,96,96,96,96],"card_choices":[{"not_picked":["Sword Boomerang","Body Slam","Searing Blow"],"picked":"SKIP","floor":1},{"not_picked":["Body Slam","Clash"],"picked":"Whirlwind","floor":3},{"not_picked":["Uppercut","Infernal Blade","Metallicize"],"picked":"SKIP","floor":4},{"not_picked":["True Grit","Bloodletting"],"picked":"Pommel Strike","floor":6},{"not_picked":["Sword Boomerang","Entrench","Evolve"],"picked":"SKIP","floor":7},{"not_picked":["Reaper","Anger","Hemokinesis"],"picked":"SKIP","floor":8},{"not_picked":["Thunderclap","Ghostly Armor"],"picked":"Perfected Strike","floor":11},{"not_picked":["Warcry","Armaments"],"picked":"Dual Wield","floor":14},{"not_picked":["Sword Boomerang","Iron Wave","Body Slam"],"picked":"SKIP","floor":18},{"not_picked":["True Grit","Clothesline"],"picked":"Twin Strike","floor":21},{"not_picked":["Evolve+1","Battle Trance"],"picked":"Pommel Strike","floor":22},{"not_picked":["Whirlwind+1","Thunderclap+1","Warcry"],"picked":"SKIP","floor":23},{"not_picked":["Armaments","Second Wind","Power Through+1"],"picked":"SKIP","floor":27},{"not_picked":["Pommel Strike","Rage"],"picked":"Perfected Strike","floor":28}],"player_experience":20588,"relics_obtained":[{"floor":6,"key":"Orichalcum"},{"floor":8,"key":"Happy Flower"},{"floor":9,"key":"Boot"},{"floor":23,"key":"Frozen Egg 2"},{"floor":26,"key":"Bag of Preparation"}],"event_choices":[{"damage_healed":0,"gold_gain":0,"cards_transformed":["Defend_R"],"player_choice":"Transformed","damage_taken":0,"max_hp_gain":0,"max_hp_loss":0,"event_name":"Transmorgrifier","floor":2,"gold_loss":0,"cards_obtained":["Infernal Blade"]},{"damage_healed":0,"gold_gain":0,"player_choice":"Fled","damage_taken":0,"max_hp_gain":0,"max_hp_loss":0,"event_name":"Scrap Ooze","floor":13,"gold_loss":0},{"damage_healed":0,"gold_gain":0,"player_choice":"Obtained Book","damage_taken":16,"max_hp_gain":0,"max_hp_loss":0,"event_name":"Cursed Tome","floor":19,"gold_loss":0},{"damage_healed":0,"gold_gain":0,"player_choice":"Opened","damage_taken":0,"relics_obtained":["Potion Belt"],"max_hp_gain":0,"max_hp_loss":0,"event_name":"The Mausoleum","floor":25,"gold_loss":0},{"damage_healed":0,"gold_gain":0,"player_choice":"Inject Mutagens","damage_taken":0,"relics_obtained":["MutagenicStrength"],"max_hp_gain":0,"max_hp_loss":0,"event_name":"Drug Dealer","floor":30,"gold_loss":0}],"is_beta":false,"boss_relics":[{"not_picked":["Fusion Hammer","Runic Dome"],"picked":"Velvet Choker"}],"items_purged_floors":[5,20],"is_endless":false,"potions_floor_spawned":[1,4,6,11,16,21,22,28],"killed_by":"Collector","ascension_level":0}