{"gold_per_floor":[362,362,380,395,395,421,96,96,119,119,194,223,235,281,293,406,418,448,172,188,188,36,36,36],"floor_reached":24,"playtime":1235,"items_purged":["Regret","Pain","Regret"],"score":284,"play_id":"83e62410-0bbf-4ea3-bd19-833e21054ddc","local_time":"20190112234343","is_ascension_mode":true,"campfire_choices":[{"data":"Limit Break","floor":8,"key":"SMITH"},{"data":"Spot Weakness","floor":10,"key":"SMITH"},{"floor":15,"key":"REST"},{"floor":23,"key":"REST"}],"neow_cost":"PERCENT_DAMAGE","seed_source_timestamp":415403206429227,"circlet_count":0,"master_deck":["Strike_R","Strike_R","Strike_R","Strike_R","Defend_R","Defend_R","Defend_R","Bash","Shrug It Off","Spot Weakness+1","Metallicize","Heavy Blade","Limit Break+1","True Grit","Metallicize","Limit Break","Parasite","Warcry","Armaments","Barricade","Flex","Heavy Blade+1"],"relics":["Burning Blood","PreservedInsect","Dream Catcher","Blood Vial","MawBank","Dead Branch","Calling Bell","Anchor","Sundial","Du-Vu Doll","Red Skull"],"potions_floor_usage":[12,14,18,21],"damage_taken":[{"damage":6,"enemies":"2 Louse","floor":1,"turns":3},{"damage":0,"enemies":"Cultist","floor":3,"turns":3},{"damage":3,"enemies":"Jaw Worm","floor":4,"turns":4},{"damage":46,"enemies":"3 Sentries","floor":6,"turns":9},{"damage":9,"enemies":"Lagavulin","floor":12,"turns":10},{"damage":13,"enemies":"Gremlin Nob","floor":14,"turns":3},{"damage":26,"enemies":"Slime Boss","floor":16,"turns":9},{"damage":64,"enemies":"3 Byrds","floor":18,"turns":8},{"damage":22,"enemies":"Spheric Guardian","floor":20,"turns":7},{"damage":7,"enemies":"Centurion and Healer","floor":21,"turns":4},{"damage":36,"enemies":"Book of Stabbing","floor":24,"turns":4}],"seed_played":"4729166943378599506","potions_obtained":[{"floor":4,"key":"Block Potion"},{"floor":6,"key":"SteroidPotion"},{"floor":16,"key":"Poison Potion"},{"floor":20,"key":"SmokeBomb"}],"is_trial":false,"path_per_floor":["M","?","M","M","?","E","$","R","T","R","?","E","?","E","R","B",null,"M","$","M","M","$","R","E"],"character_chosen":"IRONCLAD","items_purchased":["Heavy Blade","Limit Break","True Grit","Armaments","Red Skull","Flex"],"campfire_rested":2,"item_purchase_floors":[7,7,7,19,19,22],"current_hp_per_floor":[56,56,62,65,65,25,25,25,25,25,14,13,13,8,32,14,80,22,22,8,9,9,33,0],"gold":36,"neow_bonus":"TWO_FIFTY_GOLD","is_prod":false,"is_daily":false,"chose_seed":false,"campfire_upgraded":2,"win_rate":0,"timestamp":1547329423,"path_taken":["M","?","?","M","?","E","$","R","T","R","?","E","?","E","R","BOSS","M","$","M","M","$","R","E"],"build_version":"2019-01-10","purchased_purges":3,"victory":false,"max_hp_per_floor":[80,80,80,80,80,80,80,80,80,80,80,80,80,80,80,80,80,80,80,80,80,80,80,80],"card_choices":[{"not_picked":["Sword Boomerang","Blood for Blood"],"picked":"Shrug It Off","floor":1},{"not_picked":["Cleave","True Grit"],"picked":"Spot Weakness","floor":3},{"not_picked":["Wild Strike","Flex","Burning Pact"],"picked":"SKIP","floor":4},{"not_picked":["Intimidate","Hemokinesis"],"picked":"Metallicize","floor":6},{"not_picked":["Twin Strike","Hemokinesis","Fire Breathing"],"picked":"SKIP","floor":12},{"not_picked":["Uppercut","Dual Wield","Berserk"],"picked":"SKIP","floor":14},{"not_picked":["Corruption","Body Slam"],"picked":"Metallicize","floor":15},{"not_picked":["Reaper","Feed"],"picked":"Limit Break","floor":16},{"not_picked":["Clothesline","Anger"],"picked":"Warcry","floor":18},{"not_picked":["Fire Breathing+1","Headbutt"],"picked":"Barricade","floor":20},{"not_picked":["Burning Pact","Evolve+1"],"picked":"Heavy Blade+1","floor":23}],"player_experience":99615,"relics_obtained":[{"floor":6,"key":"Dream Catcher"},{"floor":9,"key":"Blood Vial"},{"floor":12,"key":"MawBank"},{"floor":14,"key":"Dead Branch"},{"floor":17,"key":"Anchor"},{"floor":17,"key":"Sundial"},{"floor":17,"key":"Du-Vu Doll"}],"event_choices":[{"cards_removed":["Defend_R"],"damage_healed":0,"gold_gain":0,"player_choice":"Purged","damage_taken":0,"max_hp_gain":0,"max_hp_loss":0,"event_name":"Purifier","floor":2,"gold_loss":0},{"damage_healed":0,"gold_gain":0,"player_choice":"Box","damage_taken":0,"relics_obtained":["PreservedInsect"],"max_hp_gain":0,"max_hp_loss":0,"event_name":"Big Fish","floor":5,"gold_loss":0,"cards_obtained":["Regret"]},{"damage_healed":0,"gold_gain":75,"player_choice":"Gather Gold","damage_taken":11,"max_hp_gain":0,"max_hp_loss":0,"event_name":"World of Goop","floor":11,"gold_loss":0},{"cards_removed":["Strike_R"],"damage_healed":0,"gold_gain":0,"player_choice":"Forget","damage_taken":0,"max_hp_gain":0,"max_hp_loss":0,"event_name":"Living Wall","floor":13,"gold_loss":0}],"is_beta":false,"boss_relics":[{"not_picked":["Fusion Hammer","Snecko Eye"],"picked":"Calling Bell"}],"items_purged_floors":[7,19,22],"is_endless":false,"potions_floor_spawned":[4,6,16,20,21],"killed_by":"Book of Stabbing","ascension_level":4}