{"path_per_floor":["M","$","?","M","M","R","E","R","T","M","?","?","$","M","R","B",null,"M","?","$","M","M","R","M","M","T","?","M"],"character_chosen":"THE_SILENT","items_purchased":["Pantograph"],"gold_per_floor":[114,114,114,127,139,139,169,169,195,215,274,274,24,47,47,168,168,188,288,213,236,251,251,269,284,284,284,308],"floor_reached":29,"campfire_rested":2,"playtime":1821,"current_hp_per_floor":[70,70,70,66,63,63,42,63,63,51,40,40,40,40,40,40,71,69,69,69,58,37,58,49,33,33,33,24],"items_purged":["Doubt"],"gold":308,"play_id":"2de79b91-ff8f-4ca6-a6d6-a620c378b33c","is_prod":false,"is_daily":false,"campfire_rituals":0,"campfire_upgraded":2,"is_hardmode":false,"path_taken":["M","$","?","M","M","R","E","R","T","M","?","?","$","M","R","BOSS","M","?","$","M","M","R","M","M","T","?","M","?"],"build_version":"2018-01-11-PROD1","purchased_purges":1,"victory":false,"master_deck":["Defend_G","Defend_G","Defend_G","Defend_G","Strike_G","Strike_G","Strike_G","Strike_G","Strike_G","Survivor","Neutralize","A Thousand Cuts","Blade Dance","Finisher","Outmaneuver","PiercingWail","Endless Agony","Blur","Outmaneuver","Night Terror","Clumsy","Writhe","Acrobatics","Deadly Poison","Prepared","Choke","Backflip","Dark Shackles","Footwork","Leg Sweep"],"max_hp_per_floor":[70,70,70,70,70,70,70,70,70,70,77,71,71,71,71,71,71,71,71,71,71,71,71,71,71,71,71,71],"relics":["Ring of the Snake","Mummified Hand","Whetstone","Strawberry","Golden Idol","Pantograph","Calling Bell","Toolbox","Mercury Hourglass","Anchor","Blood Vial"],"campfire_meditates":0,"card_choices":[{"not_picked":["Endless Agony","Deflect"],"picked":"Blade Dance"},{"not_picked":["Bouncing Flask","Distraction"],"picked":"Finisher"},{"not_picked":["Acrobatics","Dagger Spray"],"picked":"Outmaneuver"},{"not_picked":["Acrobatics","All Out Attack"],"picked":"PiercingWail"},{"not_picked":["Underhanded Strike","Flechettes"],"picked":"Endless Agony"},{"not_picked":["Tools of the Trade","Outmaneuver"],"picked":"Blur"},{"not_picked":["Bane","Backflip"],"picked":"Outmaneuver"},{"not_picked":["Tools of the Trade","Unload"],"picked":"Night Terror"},{"not_picked":["Well Laid Plans","Outmaneuver"],"picked":"Acrobatics"},{"not_picked":["Backflip","Dash"],"picked":"Deadly Poison"},{"not_picked":["Dagger Spray","PiercingWail"],"picked":"Prepared"},{"not_picked":["Flying Knee","Acrobatics"],"picked":"Choke"},{"not_picked":["Deflect","Prepared"],"picked":"Backflip"},{"not_picked":["Malaise","Reflex"],"picked":"Leg Sweep"}],"player_experience":22580,"potions_floor_usage":[16,16],"damage_taken":[{"damage":0,"enemies":"2 Louse","floor":1,"turns":3},{"damage":4,"enemies":"Cultist","floor":4,"turns":3},{"damage":3,"enemies":"Jaw Worm","floor":5,"turns":4},{"damage":21,"enemies":"Lagavulin","floor":7,"turns":5},{"damage":12,"enemies":"Exordium Wildlife","floor":10,"turns":3},{"damage":18,"enemies":"Lagavulin Event","floor":11,"turns":5},{"damage":0,"enemies":"3 Louse","floor":14,"turns":2},{"damage":25,"enemies":"Slime Boss","floor":16,"turns":6},{"damage":2,"enemies":"2 Thieves","floor":18,"turns":3},{"damage":11,"enemies":"Spheric Guardian","floor":21,"turns":4},{"damage":21,"enemies":"Centurion and Healer","floor":22,"turns":6},{"damage":9,"enemies":"Snake Plant","floor":24,"turns":5},{"damage":16,"enemies":"Snecko","floor":25,"turns":4},{"damage":11,"enemies":"Slaver and Parasite","floor":28,"turns":4},{"damage":31,"enemies":"Snake Plant","floor":29,"turns":5}],"event_choices":[{"event_name":"Purifier","player_choice":"Skipped","floor":3,"damage_taken":0},{"event_name":"Dead Adventurer","player_choice":"Searched \u00272\u0027 times","floor":11,"damage_taken":0},{"event_name":"Golden Idol","player_choice":"Lose Max HP","floor":12,"damage_taken":0},{"event_name":"Golden Shrine","player_choice":"Pray","floor":19,"damage_taken":0},{"event_name":"Match and Keep!","player_choice":"2 cards matched","floor":27,"damage_taken":0}],"boss_relics":[{"not_picked":["Eternal Feather","Runic Dome"],"picked":"Calling Bell"}],"potions_floor_spawned":[1,4,5,11,14,18,22],"seed_played":"-5415563722837698909","killed_by":"Snake Plant","is_trial":false}