{"gold_per_floor":[114,114,78,88,88,121,121,154,222,247,347,357,357,369,369,464,464,479,479,390,410,410,429,457,457],"floor_reached":25,"playtime":1711,"items_purged":[],"score":267,"play_id":"bf3d11ad-2b66-4f8c-a913-9e91d9a3875c","local_time":"20181024222549","is_ascension_mode":true,"campfire_choices":[{"data":"Dagger Spray","floor":7,"key":"SMITH"},{"data":"Noxious Fumes","floor":13,"key":"SMITH"},{"data":"Neutralize","floor":15,"key":"SMITH"}],"neow_cost":"NONE","seed_source_timestamp":173611170266928,"circlet_count":0,"master_deck":["Defend_G","Defend_G","Defend_G","Defend_G","Defend_G","Strike_G","Strike_G","Strike_G","Strike_G","Strike_G","Survivor","Neutralize+1","Distraction+1","Noxious Fumes+1","Dagger Spray+1","Dash","Slice","Poisoned Stab","Dagger Spray","Unload","Noxious Fumes","Mind Blast","All Out Attack+1","Neutralize","Dagger Spray","Dodge and Roll+1"],"relics":["Ring of the Snake","NeowsBlessing","Vajra","Mummified Hand","Pantograph","Centennial Puzzle","Eternal Feather","Nilry\u0027s Codex","Happy Flower"],"potions_floor_usage":[8,16,23],"damage_taken":[{"damage":0,"enemies":"Cultist","floor":1,"turns":1},{"damage":0,"enemies":"Small Slimes","floor":4,"turns":1},{"damage":0,"enemies":"Lagavulin","floor":6,"turns":1},{"damage":5,"enemies":"3 Sentries","floor":8,"turns":6},{"damage":1,"enemies":"Jaw Worm","floor":12,"turns":3},{"damage":0,"enemies":"Looter","floor":14,"turns":2},{"damage":11,"enemies":"Slime Boss","floor":16,"turns":9},{"damage":10,"enemies":"3 Byrds","floor":18,"turns":3},{"damage":2,"enemies":"Chosen","floor":21,"turns":4},{"damage":3,"enemies":"Snecko","floor":23,"turns":5},{"damage":34,"enemies":"Book of Stabbing","floor":24,"turns":5},{"damage":24,"enemies":"Snake Plant","floor":25,"turns":4}],"seed_played":"2394663746111678391","potions_obtained":[{"floor":1,"key":"Regen Potion"},{"floor":6,"key":"Block Potion"},{"floor":8,"key":"Poison Potion"},{"floor":24,"key":"LiquidBronze"}],"is_trial":false,"path_per_floor":["M","$","$","M","?","E","R","E","T","T","?","M","R","M","R","B",null,"M","?","$","M","?","M","E"],"character_chosen":"THE_SILENT","items_purchased":["Noxious Fumes","Mind Blast"],"campfire_rested":0,"item_purchase_floors":[3,20],"current_hp_per_floor":[70,70,70,70,70,70,70,65,65,65,65,64,64,64,64,59,70,60,44,44,42,42,53,19,0],"gold":457,"neow_bonus":"THREE_ENEMY_KILL","is_prod":false,"is_daily":false,"chose_seed":false,"campfire_upgraded":3,"win_rate":0,"timestamp":1540445149,"path_taken":["M","?","$","M","?","E","R","E","T","?","?","M","R","M","R","BOSS","M","?","$","M","?","M","E","M"],"build_version":"2018-10-18","purchased_purges":0,"victory":false,"max_hp_per_floor":[70,70,70,70,70,70,70,70,70,70,70,70,70,70,70,70,70,70,70,70,70,70,70,70,70],"card_choices":[{"not_picked":["Crippling Poison","Deflect"],"picked":"Distraction","floor":1},{"not_picked":["Blur","Masterful Stab"],"picked":"Dagger Spray","floor":4},{"not_picked":["Outmaneuver","Tactician"],"picked":"Dash","floor":6},{"not_picked":["Cloak And Dagger","Backflip"],"picked":"Slice","floor":8},{"not_picked":["Underhanded Strike","Deflect"],"picked":"Poisoned Stab","floor":12},{"not_picked":["Blade Dance","Quick Slash"],"picked":"Dagger Spray","floor":14},{"not_picked":["Wraith Form v2","Doppelganger"],"picked":"Unload","floor":16},{"not_picked":["Backstab+1","Outmaneuver+1"],"picked":"Noxious Fumes","floor":18},{"not_picked":["Dodge and Roll","Deadly Poison+1"],"picked":"All Out Attack+1","floor":21},{"not_picked":["Bane","Poisoned Stab","Prepared"],"picked":"SKIP","floor":23},{"not_picked":["Heel Hook+1","Flying Knee"],"picked":"Dodge and Roll+1","floor":24}],"player_experience":351830,"relics_obtained":[{"floor":6,"key":"Vajra"},{"floor":8,"key":"Mummified Hand"},{"floor":9,"key":"Pantograph"},{"floor":10,"key":"Centennial Puzzle"},{"floor":19,"key":"Nilry\u0027s Codex"},{"floor":24,"key":"Happy Flower"}],"event_choices":[{"damage_healed":0,"gold_gain":0,"player_choice":"Grow","damage_taken":0,"max_hp_gain":0,"max_hp_loss":0,"event_name":"Living Wall","floor":5,"gold_loss":0,"cards_upgraded":["Distraction"]},{"damage_healed":0,"gold_gain":100,"player_choice":"Gold","damage_taken":0,"max_hp_gain":0,"max_hp_loss":0,"event_name":"Wheel of Change","floor":11,"gold_loss":0},{"damage_healed":0,"gold_gain":0,"player_choice":"Obtained Book","damage_taken":16,"max_hp_gain":0,"max_hp_loss":0,"event_name":"Cursed Tome","floor":19,"gold_loss":0},{"damage_healed":0,"gold_gain":0,"player_choice":"2 cards matched","damage_taken":0,"max_hp_gain":0,"max_hp_loss":0,"event_name":"Match and Keep!","floor":22,"gold_loss":0,"cards_obtained":["Neutralize","Dagger Spray"]}],"is_beta":false,"boss_relics":[{"not_picked":["Runic Dome","Lizard Tail"],"picked":"Eternal Feather"}],"items_purged_floors":[],"is_endless":false,"potions_floor_spawned":[1,6,8,24],"killed_by":"Snake Plant","ascension_level":1}