{"path_per_floor":["M","M","?","M","M","M","R","M","T","M","$","M","M","?","R"],"character_chosen":"IRONCLAD","items_purchased":["Tiny Chest"],"gold_per_floor":[112,124,124,148,166,186,186,207,207,225,25,44,68,68,68,68],"floor_reached":16,"campfire_rested":2,"playtime":588,"current_hp_per_floor":[41,44,44,43,30,18,40,34,34,32,32,26,32,17,39,0],"items_purged":["Defend_R"],"gold":68,"score":147,"play_id":"d3a32f74-61eb-46e4-8f3f-de1293d4c6c0","local_time":"20180520041557","is_prod":false,"is_daily":false,"chose_seed":false,"is_ascension_mode":true,"campfire_upgraded":0,"timestamp":1526782557,"campfire_choices":[{"floor":7,"key":"REST"},{"floor":15,"key":"REST"}],"path_taken":["M","?","?","M","M","M","R","M","T","M","$","M","?","?","R","BOSS"],"build_version":"2018-05-17","seed_source_timestamp":0,"purchased_purges":1,"victory":false,"master_deck":["Strike_R","Strike_R","Strike_R","Strike_R","Strike_R","Defend_R","Defend_R","Defend_R+1","Bash","AscendersBane","Dropkick","Flex","Pommel Strike","Pommel Strike","Pommel Strike+1"],"max_hp_per_floor":[80,80,74,74,74,74,74,74,74,74,74,74,74,74,74,74],"relics":["Burning Blood","Golden Idol","Champion Belt","Tiny Chest"],"card_choices":[{"not_picked":["Barricade","Impervious"],"picked":"Dark Embrace","floor":0.0},{"not_picked":["Power Through","Iron Wave"],"picked":"Dropkick","floor":1},{"not_picked":["Pummel","Headbutt","Sword Boomerang"],"picked":"SKIP","floor":2},{"not_picked":["Shrug It Off","True Grit"],"picked":"Flex","floor":4},{"not_picked":["Disarm","Cleave"],"picked":"Pommel Strike","floor":5},{"not_picked":["Blood for Blood","Cleave","Havoc"],"picked":"SKIP","floor":6},{"not_picked":["Fire Breathing","Intimidate","Twin Strike"],"picked":"SKIP","floor":8},{"not_picked":["Rage","Juggernaut"],"picked":"Pommel Strike","floor":10},{"not_picked":["Anger","Fire Breathing"],"picked":"Pommel Strike","floor":12},{"not_picked":["Rage","Combust","Bloodletting"],"picked":"SKIP","floor":13}],"player_experience":126104,"potions_floor_usage":[16,16,16],"damage_taken":[{"damage":1,"enemies":"Cultist","floor":1,"turns":4},{"damage":3,"enemies":"Small Slimes","floor":2,"turns":4},{"damage":7,"enemies":"Jaw Worm","floor":4,"turns":4},{"damage":19,"enemies":"Exordium Wildlife","floor":5,"turns":4},{"damage":18,"enemies":"Red Slaver","floor":6,"turns":4},{"damage":12,"enemies":"Large Slime","floor":8,"turns":5},{"damage":8,"enemies":"2 Fungi Beasts","floor":10,"turns":3},{"damage":12,"enemies":"Looter","floor":12,"turns":3},{"damage":0,"enemies":"Exordium Wildlife","floor":13,"turns":3},{"damage":47,"enemies":"Hexaghost","floor":16,"turns":8}],"relics_obtained":[{"floor":9,"key":"Champion Belt"}],"event_choices":[{"event_name":"Golden Idol","player_choice":"Lose Max HP","floor":3,"damage_taken":0},{"event_name":"Shining Light","player_choice":"Entered Light","floor":14,"damage_taken":0}],"boss_relics":[],"potions_floor_spawned":[1,8,10,13],"seed_played":"-7728056970592440427","killed_by":"Hexaghost","ascension_level":10,"potions_obtained":[{"floor":1,"key":"BloodPotion"},{"floor":8,"key":"Fire Potion"},{"floor":10,"key":"PowerPotion"}],"is_trial":false}