{"gold_per_floor":[115,165,185,199,215,249,249,314,314,340,355,229,229],"floor_reached":13,"playtime":618,"items_purged":["Strike_G"],"score":210,"play_id":"a1c2f847-86ab-4690-8fc6-ddf3e534e07f","local_time":"20190219095634","is_ascension_mode":true,"campfire_choices":[{"floor":7,"key":"REST"}],"neow_cost":"NONE","seed_source_timestamp":509758505804100,"circlet_count":0,"master_deck":["AscendersBane","Defend_G","Defend_G","Defend_G","Defend_G","Defend_G","Strike_G","Strike_G","Strike_G","Strike_G","Survivor","Neutralize","Predator","Deadly Poison","Deadly Poison","Bouncing Flask","Dash","Crippling Poison","PiercingWail","Backflip"],"relics":["Ring of the Snake","Snake Skull","Shuriken","Tiny Chest","Omamori","Kunai"],"potions_floor_usage":[10,10],"damage_taken":[{"damage":0,"enemies":"2 Louse","floor":1,"turns":4},{"damage":0,"enemies":"Cultist","floor":3,"turns":3},{"damage":7,"enemies":"Small Slimes","floor":4,"turns":4},{"damage":2,"enemies":"Red Slaver","floor":5,"turns":4},{"damage":45,"enemies":"3 Sentries","floor":6,"turns":9},{"damage":10,"enemies":"Lagavulin","floor":8,"turns":5},{"damage":5,"enemies":"3 Sentries","floor":10,"turns":7},{"damage":6,"enemies":"3 Louse","floor":11,"turns":4},{"damage":7,"enemies":"Large Slime","floor":13,"turns":3}],"seed_played":"-6741818493939513076","potions_obtained":[{"floor":1,"key":"PowerPotion"},{"floor":4,"key":"AttackPotion"},{"floor":8,"key":"Poison Potion"}],"is_trial":false,"path_per_floor":["M","?","M","M","M","E","R","E","T","E","M","$","M"],"character_chosen":"THE_SILENT","items_purchased":["Backflip"],"campfire_rested":1,"item_purchase_floors":[12],"current_hp_per_floor":[59,59,59,52,50,5,24,14,14,9,3,3,0],"gold":229,"neow_bonus":"RANDOM_COMMON_RELIC","is_prod":false,"is_daily":false,"chose_seed":false,"campfire_upgraded":0,"win_rate":0,"timestamp":1550566594,"path_taken":["M","?","M","M","M","E","R","E","T","E","M","?","?"],"build_version":"2019-01-23","purchased_purges":1,"victory":false,"max_hp_per_floor":[66,66,66,66,66,66,66,66,66,66,66,66,66],"card_choices":[{"not_picked":["Sucker Punch","Prepared"],"picked":"Predator","floor":1},{"not_picked":["Backflip","Prepared"],"picked":"Deadly Poison","floor":3},{"not_picked":["Dodge and Roll","Cloak And Dagger"],"picked":"Deadly Poison","floor":4},{"not_picked":["Finisher","Deflect"],"picked":"Bouncing Flask","floor":5},{"not_picked":["Caltrops","Reflex"],"picked":"Dash","floor":6},{"not_picked":["Doppelganger","All Out Attack","Slice"],"picked":"SKIP","floor":8},{"not_picked":["Expertise","Eviscerate"],"picked":"Crippling Poison","floor":10},{"not_picked":["Backflip","Underhanded Strike"],"picked":"PiercingWail","floor":11}],"player_experience":513957,"relics_obtained":[{"floor":6,"key":"Shuriken"},{"floor":8,"key":"Tiny Chest"},{"floor":9,"key":"Omamori"},{"floor":10,"key":"Kunai"}],"event_choices":[{"damage_healed":0,"gold_gain":50,"player_choice":"Pray","damage_taken":0,"max_hp_gain":0,"max_hp_loss":0,"event_name":"Golden Shrine","floor":2,"gold_loss":0}],"is_beta":false,"boss_relics":[],"items_purged_floors":[12],"is_endless":false,"potions_floor_spawned":[1,4,8],"killed_by":"Large Slime","ascension_level":20}