{"gold_per_floor":[13,13,23,36,36,69,86,112,112,144,162,175,175,191,191,296,296,314,324,338,338,349,374,374,374],"floor_reached":25,"playtime":1450,"items_purged":[],"score":422,"play_id":"b1c438f8-01d0-493e-bf5b-db3f6cb6a466","local_time":"20190205141445","is_ascension_mode":true,"campfire_choices":[{"data":"Armaments","floor":13,"key":"SMITH"},{"data":"Entrench","floor":15,"key":"SMITH"},{"data":"Armaments","floor":24,"key":"SMITH"}],"neow_cost":"NO_GOLD","seed_source_timestamp":305378425582143,"circlet_count":0,"master_deck":["AscendersBane","Strike_R","Strike_R","Defend_R","Defend_R","Defend_R","Defend_R","Bash","Immolate","Shrug It Off","Armaments+1","Entrench+1","Ghostly Armor","Thunderclap","Armaments+1","Uppercut","Warcry","Body Slam","Headbutt","Barricade","Entrench+1","Body Slam","Body Slam"],"relics":["Burning Blood","Pen Nib","Calipers","Ice Cream","Paper Frog","Philosopher\u0027s Stone","Oddly Smooth Stone"],"potions_floor_usage":[6,10,10,16,16,19,19,23],"damage_taken":[{"damage":6,"enemies":"Jaw Worm","floor":1,"turns":6},{"damage":3,"enemies":"Cultist","floor":3,"turns":4},{"damage":0,"enemies":"2 Louse","floor":4,"turns":1},{"damage":35,"enemies":"Lagavulin","floor":6,"turns":7},{"damage":12,"enemies":"2 Fungi Beasts","floor":7,"turns":3},{"damage":20,"enemies":"3 Sentries","floor":8,"turns":4},{"damage":22,"enemies":"Gremlin Nob","floor":10,"turns":5},{"damage":0,"enemies":"Exordium Wildlife","floor":11,"turns":2},{"damage":0,"enemies":"Large Slime","floor":12,"turns":6},{"damage":3,"enemies":"Blue Slaver","floor":14,"turns":4},{"damage":14,"enemies":"Slime Boss","floor":16,"turns":14},{"damage":0,"enemies":"Shell Parasite","floor":18,"turns":5},{"damage":32,"enemies":"3 Byrds","floor":19,"turns":6},{"damage":4,"enemies":"Centurion and Healer","floor":20,"turns":7},{"damage":17,"enemies":"Snake Plant","floor":22,"turns":3},{"damage":20,"enemies":"Slavers","floor":23,"turns":4},{"damage":26,"enemies":"Book of Stabbing","floor":25,"turns":2}],"seed_played":"2410567421349803754","potions_obtained":[{"floor":3,"key":"Swift Potion"},{"floor":4,"key":"Strength Potion"},{"floor":8,"key":"Block Potion"},{"floor":12,"key":"SkillPotion"},{"floor":14,"key":"Dexterity Potion"},{"floor":16,"key":"PowerPotion"},{"floor":18,"key":"Regen Potion"},{"floor":19,"key":"Fire Potion"},{"floor":22,"key":"Ancient Potion"}],"is_trial":false,"path_per_floor":["M","$","M","M","?","E","M","E","T","E","M","M","R","M","R","B",null,"M","M","M","?","M","E","R","E"],"character_chosen":"IRONCLAD","items_purchased":[],"campfire_rested":0,"item_purchase_floors":[],"current_hp_per_floor":[72,72,75,80,80,51,45,31,31,15,21,27,27,30,30,22,66,72,60,62,47,36,22,22,0],"gold":374,"neow_bonus":"TRANSFORM_TWO_CARDS","is_prod":false,"is_daily":false,"chose_seed":false,"campfire_upgraded":3,"win_rate":0,"timestamp":1549368885,"path_taken":["M","$","M","M","?","E","M","E","T","E","?","M","R","?","R","BOSS","M","?","M","?","M","E","R","E"],"build_version":"2019-01-23","purchased_purges":0,"victory":false,"max_hp_per_floor":[80,80,80,80,80,80,80,80,80,80,80,80,80,80,80,80,80,80,80,80,85,85,85,85,85],"card_choices":[{"not_picked":["True Grit","Flex"],"picked":"Armaments","floor":1},{"not_picked":["Feel No Pain","Havoc","Twin Strike"],"picked":"SKIP","floor":3},{"not_picked":["Power Through","Iron Wave"],"picked":"Entrench","floor":4},{"not_picked":["Pommel Strike","Thunderclap"],"picked":"Ghostly Armor","floor":6},{"not_picked":["Clothesline","Headbutt"],"picked":"Thunderclap","floor":7},{"not_picked":["Dual Wield","Seeing Red"],"picked":"Armaments","floor":8},{"not_picked":["Perfected Strike","Armaments"],"picked":"Uppercut","floor":10},{"not_picked":["Rage","Armaments"],"picked":"Warcry","floor":11},{"not_picked":["Corruption","Iron Wave"],"picked":"Body Slam","floor":12},{"not_picked":["Fire Breathing","Flex"],"picked":"Headbutt","floor":14},{"not_picked":["Limit Break","Juggernaut"],"picked":"Barricade","floor":16},{"not_picked":["Thunderclap","Headbutt+1"],"picked":"Entrench+1","floor":18},{"not_picked":["Combust+1","Heavy Blade","Hemokinesis"],"picked":"SKIP","floor":19},{"not_picked":["Second Wind","Heavy Blade+1"],"picked":"Body Slam","floor":20},{"not_picked":["Evolve","Headbutt","Sever Soul"],"picked":"SKIP","floor":22},{"not_picked":["Perfected Strike+1","Pommel Strike"],"picked":"Body Slam","floor":23}],"player_experience":168501,"relics_obtained":[{"floor":6,"key":"Pen Nib"},{"floor":8,"key":"Calipers"},{"floor":9,"key":"Ice Cream"},{"floor":10,"key":"Paper Frog"},{"floor":23,"key":"Oddly Smooth Stone"}],"event_choices":[{"cards_removed":["Strike_R"],"damage_healed":0,"gold_gain":0,"player_choice":"Purged","damage_taken":0,"max_hp_gain":0,"max_hp_loss":0,"event_name":"Purifier","floor":5,"gold_loss":0},{"damage_healed":0,"gold_gain":0,"player_choice":"Shed Blood","damage_taken":20,"max_hp_gain":5,"max_hp_loss":0,"event_name":"Forgotten Altar","floor":21,"gold_loss":0}],"is_beta":false,"boss_relics":[{"not_picked":["White Beast Statue","Pandora\u0027s Box"],"picked":"Philosopher\u0027s Stone"}],"items_purged_floors":[],"is_endless":false,"potions_floor_spawned":[3,4,8,12,14,16,18,19,22],"killed_by":"Book of Stabbing","ascension_level":11}