{"gold_per_floor":[12,30,180,180,192,227,238,263,263,263,277,37,70,70,70,70],"floor_reached":16,"playtime":507,"items_purged":[],"score":210,"play_id":"76b04317-034a-4acb-b71d-e33af093cf4c","local_time":"20190130182249","is_ascension_mode":true,"campfire_choices":[{"floor":10,"key":"REST"},{"data":"Infernal Blade","floor":15,"key":"SMITH"}],"neow_cost":"NO_GOLD","seed_source_timestamp":175326390925900,"circlet_count":0,"master_deck":["AscendersBane","Strike_R","Strike_R","Strike_R","Strike_R+1","Strike_R+1","Defend_R","Defend_R","Defend_R","Defend_R+1","Bash","Sword Boomerang+1","Twin Strike","Doubt","Dual Wield","Heavy Blade","Flash of Steel","Infernal Blade+1"],"relics":["Burning Blood","Du-Vu Doll","Singing Bowl","Whetstone","Oddly Smooth Stone","Juzu Bracelet","Shuriken"],"potions_floor_usage":[8,13,13,16],"damage_taken":[{"damage":11,"enemies":"Small Slimes","floor":1,"turns":4},{"damage":2,"enemies":"Jaw Worm","floor":2,"turns":3},{"damage":0,"enemies":"Cultist","floor":5,"turns":3},{"damage":35,"enemies":"Lagavulin","floor":6,"turns":5},{"damage":0,"enemies":"2 Fungi Beasts","floor":7,"turns":2},{"damage":20,"enemies":"3 Sentries","floor":8,"turns":6},{"damage":2,"enemies":"Blue Slaver","floor":11,"turns":3},{"damage":16,"enemies":"Lagavulin","floor":13,"turns":5},{"damage":43,"enemies":"The Guardian","floor":16,"turns":7}],"seed_played":"6873799808925663289","potions_obtained":[{"floor":2,"key":"Fire Potion"},{"floor":7,"key":"Dexterity Potion"},{"floor":11,"key":"SpeedPotion"},{"floor":13,"key":"SkillPotion"}],"is_trial":false,"path_per_floor":["M","M","?","?","M","E","M","E","T","R","M","$","E","$","R","B"],"character_chosen":"IRONCLAD","items_purchased":["Juzu Bracelet","Flash of Steel"],"campfire_rested":1,"item_purchase_floors":[12,12],"current_hp_per_floor":[63,67,67,44,50,21,29,17,17,40,46,46,36,36,36,0],"gold":70,"neow_bonus":"ONE_RARE_RELIC","is_prod":false,"is_daily":false,"chose_seed":false,"campfire_upgraded":1,"win_rate":0,"timestamp":1548868969,"path_taken":["M","M","?","?","M","E","M","E","T","R","?","?","E","$","R","BOSS"],"build_version":"2019-01-23","purchased_purges":0,"victory":false,"max_hp_per_floor":[75,75,75,75,75,75,77,79,79,79,81,81,81,81,81,81],"card_choices":[{"not_picked":["Cleave","Shrug It Off"],"picked":"Sword Boomerang","floor":1},{"not_picked":["Carnage","Cleave"],"picked":"Twin Strike","floor":2},{"not_picked":["Clash","Rupture"],"picked":"Dual Wield","floor":5},{"not_picked":["Shockwave","Havoc"],"picked":"Heavy Blade","floor":6},{"not_picked":["Bludgeon","True Grit","Bloodletting"],"picked":"Singing Bowl","floor":7},{"not_picked":["Body Slam","Uppercut","Thunderclap"],"picked":"Singing Bowl","floor":8},{"not_picked":["Ghostly Armor","Feel No Pain","Shrug It Off"],"picked":"Singing Bowl","floor":11},{"not_picked":["Clash","Sentinel"],"picked":"Infernal Blade","floor":13}],"player_experience":280267,"relics_obtained":[{"floor":6,"key":"Singing Bowl"},{"floor":8,"key":"Whetstone"},{"floor":9,"key":"Oddly Smooth Stone"},{"floor":13,"key":"Shuriken"}],"event_choices":[{"damage_healed":0,"gold_gain":150,"player_choice":"AGREE","damage_taken":0,"max_hp_gain":0,"max_hp_loss":0,"event_name":"Liars Game","floor":3,"gold_loss":0,"cards_obtained":["Doubt"]},{"damage_healed":0,"gold_gain":0,"player_choice":"Entered Light","damage_taken":23,"max_hp_gain":0,"max_hp_loss":0,"event_name":"Shining Light","floor":4,"gold_loss":0,"cards_upgraded":["Strike_R","Defend_R"]}],"is_beta":false,"boss_relics":[],"items_purged_floors":[],"is_endless":false,"potions_floor_spawned":[2,7,11,13],"killed_by":"The Guardian","ascension_level":15}