{"gold_per_floor":[118,136,136,146,146,146,176,192,262,296,296,221,221,235,235,309,309,323,323,323,338,349,364,93,107,107,107,122,139,139,156,156,156],"floor_reached":33,"playtime":1559,"items_purged":["Strike_B","Defend_B"],"score":470,"play_id":"531a2d26-cc90-4380-a2a6-8f9dbf8426d8","local_time":"20190126200048","is_ascension_mode":true,"campfire_choices":[{"data":"Coolheaded","floor":6,"key":"SMITH"},{"floor":11,"key":"REST"},{"floor":13,"key":"REST"},{"floor":15,"key":"REST"},{"floor":27,"key":"REST"},{"floor":30,"key":"REST"},{"data":"Redo","floor":32,"key":"SMITH"}],"neow_cost":"NONE","seed_source_timestamp":818167361781761,"circlet_count":0,"master_deck":["AscendersBane","Strike_B","Defend_B","Defend_B","Defend_B","Zap","Dualcast","Coolheaded+1","Cold Snap","Conserve Battery","Echo Form","Sunder+1","Redo+1","Self Repair","Conserve Battery","Seek","Cold Snap","Coolheaded","Auto Shields"],"relics":["Cracked Core","Unceasing Top","Pear","PreservedInsect","Nuclear Battery","Happy Flower","StoneCalendar"],"potions_floor_usage":[16,22],"damage_taken":[{"damage":1,"enemies":"Small Slimes","floor":1,"turns":4},{"damage":0,"enemies":"Cultist","floor":2,"turns":3},{"damage":0,"enemies":"2 Louse","floor":4,"turns":4},{"damage":34,"enemies":"Lagavulin","floor":7,"turns":6},{"damage":14,"enemies":"Exordium Wildlife","floor":8,"turns":5},{"damage":22,"enemies":"Gremlin Nob","floor":10,"turns":4},{"damage":11,"enemies":"Large Slime","floor":14,"turns":5},{"damage":50,"enemies":"Hexaghost","floor":16,"turns":11},{"damage":39,"enemies":"3 Byrds","floor":18,"turns":5},{"damage":1,"enemies":"Chosen","floor":21,"turns":4},{"damage":4,"enemies":"Snecko","floor":22,"turns":5},{"damage":8,"enemies":"Centurion and Healer","floor":23,"turns":6},{"damage":33,"enemies":"Chosen and Byrds","floor":25,"turns":9},{"damage":20,"enemies":"Sentry and Sphere","floor":28,"turns":8},{"damage":14,"enemies":"Centurion and Healer","floor":29,"turns":5},{"damage":0,"enemies":"Snecko","floor":31,"turns":4},{"damage":60,"enemies":"Automaton","floor":33,"turns":8}],"seed_played":"-8944413702222165522","potions_obtained":[{"floor":2,"key":"Dexterity Potion"},{"floor":8,"key":"Dexterity Potion"},{"floor":18,"key":"AttackPotion"},{"floor":29,"key":"SteroidPotion"}],"is_trial":false,"path_per_floor":["M","M","?","M","?","R","E","M","T","E","R","$","R","M","R","B",null,"M","?","?","M","M","M","$","M","T","R","M","M","R","M","R","B"],"character_chosen":"DEFECT","items_purchased":["Happy Flower"],"campfire_rested":5,"item_purchase_floors":[24],"current_hp_per_floor":[63,63,63,63,63,63,29,15,25,3,27,27,51,47,71,28,68,36,36,36,42,45,44,44,18,18,42,36,36,60,60,60,0],"gold":156,"neow_bonus":"REMOVE_CARD","is_prod":false,"is_daily":false,"chose_seed":false,"campfire_upgraded":2,"win_rate":0,"timestamp":1548500448,"path_taken":["M","M","?","?","?","R","E","M","T","E","R","$","R","M","R","BOSS","M","?","?","M","?","M","$","M","T","R","M","M","R","M","R","BOSS"],"build_version":"2019-01-23","purchased_purges":2,"victory":false,"max_hp_per_floor":[71,71,71,71,71,71,71,71,81,81,81,81,81,81,81,81,81,81,81,81,81,81,81,81,81,81,81,81,81,81,81,81,81],"card_choices":[{"not_picked":["Beam Cell","Gash"],"picked":"Coolheaded","floor":1},{"not_picked":["Compile Driver","Conserve Battery"],"picked":"Cold Snap","floor":2},{"not_picked":["Barrage","Reinforced Body"],"picked":"Sunder","floor":4},{"not_picked":["Cold Snap","Storm"],"picked":"Redo","floor":7},{"not_picked":["Turbo","Darkness","Sweeping Beam"],"picked":"SKIP","floor":8},{"not_picked":["Compile Driver","Rainbow"],"picked":"Self Repair","floor":10},{"not_picked":["Stack","Tempest"],"picked":"Conserve Battery","floor":14},{"not_picked":["Echo Form","Biased Cognition"],"picked":"Seek","floor":16},{"not_picked":["Conserve Battery","Stack"],"picked":"Cold Snap","floor":18},{"not_picked":["Compile Driver","Stack","Go for the Eyes"],"picked":"SKIP","floor":21},{"not_picked":["Barrage","Rip and Tear","Stack+1"],"picked":"SKIP","floor":22},{"not_picked":["Gash+1","Consume","Scrape"],"picked":"SKIP","floor":23},{"not_picked":["Fusion","Gash"],"picked":"Coolheaded","floor":25},{"not_picked":["Storm","Genetic Algorithm","Doom and Gloom"],"picked":"SKIP","floor":28},{"not_picked":["Doom and Gloom","Steam Power","Stack"],"picked":"SKIP","floor":29},{"not_picked":["Barrage","Turbo"],"picked":"Auto Shields","floor":31}],"player_experience":547200,"relics_obtained":[{"floor":7,"key":"Unceasing Top"},{"floor":9,"key":"Pear"},{"floor":10,"key":"PreservedInsect"},{"floor":26,"key":"StoneCalendar"}],"event_choices":[{"damage_healed":0,"gold_gain":0,"player_choice":"2 cards matched","damage_taken":0,"max_hp_gain":0,"max_hp_loss":0,"event_name":"Match and Keep!","floor":3,"gold_loss":0,"cards_obtained":["Conserve Battery","Echo Form"]},{"damage_healed":0,"gold_gain":0,"player_choice":"Grow","damage_taken":0,"max_hp_gain":0,"max_hp_loss":0,"event_name":"Living Wall","floor":5,"gold_loss":0,"cards_upgraded":["Sunder"]},{"damage_healed":0,"gold_gain":0,"player_choice":"Ignored","damage_taken":0,"max_hp_gain":0,"max_hp_loss":0,"event_name":"Vampires","floor":19,"gold_loss":0},{"cards_removed":["Strike_B"],"damage_healed":0,"gold_gain":0,"player_choice":"Offered Basic","damage_taken":0,"max_hp_gain":0,"max_hp_loss":0,"event_name":"Bonfire Elementals","floor":20,"gold_loss":0}],"is_beta":false,"boss_relics":[{"not_picked":["Lizard Tail","Velvet Choker"],"picked":"Nuclear Battery"}],"items_purged_floors":[12,24],"is_endless":false,"potions_floor_spawned":[2,8,18,21,29],"killed_by":"Automaton","ascension_level":16}