{"gold_per_floor":[99,99,99,99,99,99,14,14,14,14,14],"floor_reached":11,"playtime":325,"items_purged":[],"score":153,"play_id":"5f04712e-3956-4307-98b8-d4a2fefff1b9","local_time":"20190131122811","is_ascension_mode":true,"campfire_choices":[],"neow_cost":"NONE","seed_source_timestamp":240632251429300,"circlet_count":0,"master_deck":["AscendersBane","Strike_R","Strike_R","Strike_R","Strike_R","Strike_R","Defend_R","Defend_R","Defend_R","Defend_R","Bash","Iron Wave","Cleave","Clothesline","Corruption","Shrug It Off"],"relics":["Ectoplasm","Singing Bowl","Tiny Chest","Orichalcum","Juzu Bracelet"],"potions_floor_usage":[8,10],"damage_taken":[{"damage":1,"enemies":"Cultist","floor":1,"turns":4},{"damage":0,"enemies":"Jaw Worm","floor":2,"turns":3},{"damage":6,"enemies":"2 Louse","floor":4,"turns":2},{"damage":0,"enemies":"Exordium Wildlife","floor":5,"turns":2},{"damage":19,"enemies":"Gremlin Nob","floor":6,"turns":4},{"damage":15,"enemies":"Lagavulin","floor":8,"turns":7},{"damage":0,"enemies":"Large Slime","floor":10,"turns":3},{"damage":15,"enemies":"3 Sentries","floor":11,"turns":2}],"seed_played":"-4472078491143283526","potions_obtained":[{"floor":2,"key":"Poison Potion"},{"floor":5,"key":"AttackPotion"},{"floor":8,"key":"Swift Potion"}],"is_trial":false,"path_per_floor":["M","M","?","M","M","E","$","E","T","M","E"],"character_chosen":"IRONCLAD","items_purchased":["Corruption"],"campfire_rested":0,"item_purchase_floors":[7],"current_hp_per_floor":[67,67,49,45,45,28,28,13,13,15,0],"gold":14,"neow_bonus":"BOSS_RELIC","is_prod":false,"is_daily":false,"chose_seed":false,"campfire_upgraded":0,"win_rate":0,"timestamp":1548934091,"path_taken":["M","M","?","M","M","E","$","E","T","M","E"],"build_version":"2019-01-23","purchased_purges":0,"victory":false,"max_hp_per_floor":[75,75,75,77,77,79,79,79,79,81,81],"card_choices":[{"not_picked":["Clothesline","Sentinel"],"picked":"Iron Wave","floor":1},{"not_picked":["Warcry","Heavy Blade"],"picked":"Cleave","floor":2},{"not_picked":["Rupture","Dropkick","Cleave"],"picked":"Singing Bowl","floor":4},{"not_picked":["Demon Form","Cleave"],"picked":"Clothesline","floor":5},{"not_picked":["Power Through","Sword Boomerang","Second Wind"],"picked":"Singing Bowl","floor":6},{"not_picked":["True Grit","Warcry"],"picked":"Shrug It Off","floor":8},{"not_picked":["Hemokinesis","Anger","Clash"],"picked":"Singing Bowl","floor":10}],"player_experience":290750,"relics_obtained":[{"floor":6,"key":"Tiny Chest"},{"floor":8,"key":"Orichalcum"},{"floor":9,"key":"Juzu Bracelet"}],"event_choices":[{"damage_healed":0,"gold_gain":0,"player_choice":"Success","damage_taken":18,"relics_obtained":["Singing Bowl"],"max_hp_gain":0,"max_hp_loss":0,"event_name":"Scrap Ooze","floor":3,"gold_loss":0}],"is_beta":false,"boss_relics":[],"items_purged_floors":[],"is_endless":false,"potions_floor_spawned":[2,5,8],"killed_by":"3 Sentries","ascension_level":16}