{"gold_per_floor":[110,110,124,141,153,153,153,188,188,203,203,218,218,218,218,337,337,361,384,384,384,398,398,423,493,493,511,511,186,186,186,186,186],"floor_reached":33,"playtime":6504,"items_purged":["Defend_B"],"score":279,"play_id":"6a2d4974-0610-4e7e-86a4-9daaf6252d4e","local_time":"20181015204606","is_ascension_mode":true,"campfire_choices":[{"data":"Coolheaded","floor":6,"key":"SMITH"},{"data":"Injury","floor":15,"key":"PURGE"},{"data":"Sunder","floor":23,"key":"SMITH"},{"floor":28,"key":"REST"},{"floor":30,"key":"REST"},{"data":"Blizzard","floor":32,"key":"SMITH"}],"neow_cost":"NONE","seed_source_timestamp":852881333842472,"circlet_count":0,"master_deck":["Strike_B","Strike_B","Strike_B","Strike_B","Defend_B","Defend_B","Defend_B","Zap","Dualcast","Cold Snap","Coolheaded+1","Core Surge","Streamline","Redo","Glacier","Multi-Cast","Conserve Battery","Cold Snap","Sunder+1","Cold Snap","Genetic Algorithm","Barrage","Glacier","Double Energy","Sweeping Beam","Leap+1","FTL","Bandage Up","Conserve Battery","Leap","Blizzard+1"],"relics":["Cracked Core","Centennial Puzzle","Peace Pipe","Bottled Flame","Cables","Pen Nib","Spirit Poop","Golden Idol","Orrery","Tiny Chest","Kunai","Pantograph"],"potions_floor_usage":[16,25,25,27,33],"damage_taken":[{"damage":3,"enemies":"2 Louse","floor":1,"turns":3},{"damage":1,"enemies":"Small Slimes","floor":3,"turns":3},{"damage":4,"enemies":"Jaw Worm","floor":4,"turns":3},{"damage":3,"enemies":"Blue Slaver","floor":5,"turns":5},{"damage":26,"enemies":"Lagavulin","floor":8,"turns":7},{"damage":6,"enemies":"Exordium Wildlife","floor":10,"turns":2},{"damage":0,"enemies":"Large Slime","floor":12,"turns":3},{"damage":28,"enemies":"The Guardian","floor":16,"turns":22},{"damage":7,"enemies":"Spheric Guardian","floor":18,"turns":5},{"damage":2,"enemies":"3 Byrds","floor":19,"turns":11},{"damage":2,"enemies":"Sentry and Sphere","floor":22,"turns":10},{"damage":14,"enemies":"Shelled Parasite and Fungi","floor":24,"turns":13},{"damage":43,"enemies":"Gremlin Leader","floor":25,"turns":10},{"damage":10,"enemies":"Snake Plant","floor":27,"turns":8},{"damage":90,"enemies":"Collector","floor":33,"turns":18}],"seed_played":"-1738297602809272292","potions_obtained":[{"floor":4,"key":"Regen Potion"},{"floor":5,"key":"Swift Potion"},{"floor":8,"key":"EssenceOfSteel"},{"floor":19,"key":"Weak Potion"},{"floor":22,"key":"AttackPotion"},{"floor":25,"key":"SpeedPotion"}],"is_trial":false,"path_per_floor":["M","?","M","M","M","R","?","E","T","M","?","M","?","?","R","B",null,"M","M","?","?","M","R","M","E","T","M","R","$","R","T","R"],"character_chosen":"DEFECT","items_purchased":["Bandage Up","Conserve Battery","Leap","Blizzard"],"campfire_rested":2,"item_purchase_floors":[29,29,29,29],"current_hp_per_floor":[79,72,71,67,64,64,64,38,38,32,32,32,32,32,32,19,82,75,73,73,73,71,71,57,14,14,4,28,28,52,52,52,0],"gold":186,"neow_bonus":"TEN_PERCENT_HP_BONUS","is_prod":false,"is_daily":false,"chose_seed":false,"campfire_upgraded":3,"win_rate":0,"timestamp":1539603966,"path_taken":["M","?","M","M","M","R","?","E","T","M","?","?","?","?","R","BOSS","M","M","?","?","M","R","M","E","T","M","R","$","R","?","R","BOSS"],"build_version":"2018-10-11","purchased_purges":1,"victory":false,"max_hp_per_floor":[82,82,82,82,82,82,82,82,82,82,82,82,82,82,82,82,82,82,82,82,82,82,82,82,82,82,82,82,82,82,82,82,82],"card_choices":[{"not_picked":["Compile Driver","Coolheaded"],"picked":"Cold Snap","floor":1},{"not_picked":["Steam Power","Rebound"],"picked":"Coolheaded","floor":3},{"not_picked":["Leap","Recycle"],"picked":"Core Surge","floor":4},{"not_picked":["Rebound","Undo"],"picked":"Streamline","floor":5},{"not_picked":["Streamline","Go for the Eyes","Rebound"],"picked":"SKIP","floor":8},{"not_picked":["Rebound","Beam Cell"],"picked":"Redo","floor":10},{"not_picked":["Go for the Eyes","Rip and Tear"],"picked":"Glacier","floor":12},{"not_picked":["Meteor Strike","Biased Cognition"],"picked":"Multi-Cast","floor":16},{"not_picked":["Coolheaded","Rebound"],"picked":"Conserve Battery","floor":17},{"not_picked":["Double Energy","Compile Driver"],"picked":"Cold Snap","floor":17},{"not_picked":["Fusion","Aggregate"],"picked":"Sunder","floor":17},{"not_picked":["Storm","Hello World"],"picked":"Cold Snap","floor":17},{"not_picked":["Stack+1","Turbo"],"picked":"Genetic Algorithm","floor":18},{"not_picked":["Coolheaded","Compile Driver"],"picked":"Barrage","floor":19},{"not_picked":["Go for the Eyes","Tempest"],"picked":"Double Energy","floor":22},{"not_picked":["Static Discharge","Gash"],"picked":"Sweeping Beam","floor":24},{"not_picked":["Recycle+1","Reinforced Body"],"picked":"Leap+1","floor":25},{"not_picked":["Rip and Tear","Leap"],"picked":"FTL","floor":27}],"player_experience":135313,"relics_obtained":[{"floor":8,"key":"Bottled Flame"},{"floor":9,"key":"Cables"},{"floor":25,"key":"Tiny Chest"},{"floor":26,"key":"Kunai"},{"floor":31,"key":"Pantograph"}],"event_choices":[{"event_name":"Scrap Ooze","player_choice":"success","floor":2,"damage_taken":7},{"event_name":"Big Fish","player_choice":"Box","floor":7,"damage_taken":0},{"event_name":"WeMeetAgain","player_choice":"Potion","floor":11,"damage_taken":0},{"event_name":"Bonfire Elementals","player_choice":"CURSE","floor":13,"damage_taken":0},{"event_name":"Golden Idol","player_choice":"Take Wound","floor":14,"damage_taken":0},{"event_name":"Duplicator","player_choice":"One dupe","floor":20,"damage_taken":0},{"event_name":"Ghosts","player_choice":"Ignored","floor":21,"damage_taken":0}],"is_beta":false,"boss_relics":[{"not_picked":["Busted Crown","Runic Dome"],"picked":"Orrery"}],"items_purged_floors":[29],"is_endless":false,"potions_floor_spawned":[4,5,8,19,22,25],"killed_by":"Collector","ascension_level":1}