{"gold_per_floor":[114,114,128,303,317,317,343,363,363,363,383,398,425,437,449,461],"floor_reached":16,"playtime":958,"items_purged":[],"score":151,"play_id":"f877b85b-42c1-455c-b8b2-fc5aaaa00a90","local_time":"20190129222111","is_ascension_mode":true,"campfire_choices":[{"data":"Caltrops","floor":6,"key":"SMITH"},{"floor":10,"key":"REST"},{"floor":15,"key":"REST"}],"neow_cost":"NONE","seed_source_timestamp":1016985488894387,"circlet_count":0,"master_deck":["Defend_G","Defend_G+1","Defend_G","Strike_G","Strike_G","Strike_G","Strike_G","Strike_G","Neutralize","Skewer+1","Die Die Die+1","Endless Agony+1","Poisoned Stab","Caltrops+1","Doubt","Accuracy+1","Outmaneuver","Dash","Crippling Poison","Bane","Underhanded Strike"],"relics":["Astrolabe","The Specimen","Ninja Scroll","Dodecahedron","MawBank"],"potions_floor_usage":[13,16],"damage_taken":[{"damage":0,"enemies":"Cultist","floor":1,"turns":2},{"damage":2,"enemies":"Jaw Worm","floor":3,"turns":2},{"damage":0,"enemies":"Small Slimes","floor":5,"turns":2},{"damage":33,"enemies":"3 Sentries","floor":7,"turns":5},{"damage":0,"enemies":"2 Fungi Beasts","floor":8,"turns":2},{"damage":12,"enemies":"Exordium Thugs","floor":11,"turns":4},{"damage":8,"enemies":"Blue Slaver","floor":12,"turns":2},{"damage":0,"enemies":"Gremlin Nob","floor":13,"turns":2},{"damage":44,"enemies":"The Guardian","floor":16,"turns":7}],"seed_played":"384941521701600988","potions_obtained":[{"floor":7,"key":"Energy Potion"},{"floor":8,"key":"Energy Potion"},{"floor":11,"key":"Weak Potion"},{"floor":12,"key":"Fire Potion"},{"floor":13,"key":"Ancient Potion"}],"is_trial":false,"path_per_floor":["M","T","M","?","M","R","E","M","T","R","M","M","E","?","R","B"],"character_chosen":"THE_SILENT","items_purchased":[],"campfire_rested":2,"item_purchase_floors":[],"current_hp_per_floor":[70,70,68,68,68,68,35,35,35,56,44,36,36,22,43,0],"gold":461,"neow_bonus":"BOSS_RELIC","is_prod":false,"is_daily":false,"chose_seed":false,"campfire_upgraded":1,"win_rate":0,"timestamp":1548771671,"path_taken":["M","?","M","?","M","R","E","M","T","R","M","M","E","?","R","BOSS"],"build_version":"2019-01-23","purchased_purges":0,"victory":false,"max_hp_per_floor":[70,70,70,70,70,70,70,70,70,70,70,70,70,70,70,70],"card_choices":[{"not_picked":["Acrobatics","Calculated Gamble"],"picked":"Poisoned Stab","floor":1},{"not_picked":["Terror","Underhanded Strike"],"picked":"Caltrops","floor":3},{"not_picked":["PiercingWail","Cloak And Dagger"],"picked":"Accuracy","floor":5},{"not_picked":["Underhanded Strike","Caltrops"],"picked":"Outmaneuver","floor":7},{"not_picked":["Outmaneuver","Acrobatics"],"picked":"Dash","floor":8},{"not_picked":["Flechettes","Eviscerate"],"picked":"Crippling Poison","floor":11},{"not_picked":["Dash","Backflip"],"picked":"Bane","floor":12},{"not_picked":["Reflex","Deflect"],"picked":"Underhanded Strike","floor":13}],"player_experience":69858,"relics_obtained":[{"floor":2,"key":"The Specimen"},{"floor":7,"key":"Ninja Scroll"},{"floor":9,"key":"Dodecahedron"},{"floor":13,"key":"MawBank"}],"event_choices":[{"damage_healed":0,"gold_gain":175,"player_choice":"AGREE","damage_taken":0,"max_hp_gain":0,"max_hp_loss":0,"event_name":"Liars Game","floor":4,"gold_loss":0,"cards_obtained":["Doubt"]},{"damage_healed":0,"gold_gain":0,"player_choice":"Entered Light","damage_taken":14,"max_hp_gain":0,"max_hp_loss":0,"event_name":"Shining Light","floor":14,"gold_loss":0,"cards_upgraded":["Accuracy","Defend_G"]}],"is_beta":false,"boss_relics":[],"items_purged_floors":[],"is_endless":false,"potions_floor_spawned":[7,8,11,12,13],"killed_by":"The Guardian","ascension_level":2}