{"path_per_floor":["M","$","$","M","M","R","E","M","T","M","R","M","M","M","R","B",null,"M","M","?","M","$","R","M","M","T","?","R","M"],"character_chosen":"IRONCLAD","items_purchased":["Lantern","Double Tap","Anchor","Corruption"],"gold_per_floor":[369,369,59,79,89,89,116,129,129,146,146,163,183,197,197,299,299,310,321,244,254,29,29,46,58,58,90,90,108,108],"floor_reached":30,"campfire_rested":4,"playtime":1297,"current_hp_per_floor":[72,72,72,71,71,71,52,51,51,18,41,26,28,18,42,13,72,71,72,72,37,37,66,65,47,47,30,62,37,0],"items_purged":[],"gold":108,"score":407,"play_id":"fa4a4e84-fe24-4d3f-b058-33ccd81aa60f","local_time":"20180520223311","is_prod":false,"is_daily":false,"chose_seed":false,"is_ascension_mode":true,"campfire_upgraded":1,"timestamp":1526848391,"campfire_choices":[{"data":"Clash","floor":6,"key":"SMITH"},{"floor":11,"key":"REST"},{"floor":15,"key":"REST"},{"floor":23,"key":"REST"},{"floor":28,"key":"REST"}],"path_taken":["M","?","$","M","M","R","E","M","T","M","R","M","?","M","R","BOSS","M","M","?","M","$","R","M","M","T","?","R","M","?"],"build_version":"2018-05-17","seed_source_timestamp":90122635613849,"purchased_purges":0,"victory":false,"master_deck":["Strike_R","Strike_R+1","Strike_R","Strike_R","Strike_R","Defend_R","Defend_R","Defend_R","Defend_R","Bash+1","AscendersBane","Clash+1","Double Tap","Sever Soul","Clash","Iron Wave","Sever Soul","Feed","Thunderclap","Clash","J.A.X.","Corruption","Iron Wave","Clash","Rage"],"max_hp_per_floor":[72,72,72,72,72,72,77,79,79,79,79,81,81,81,81,81,89,92,94,94,99,99,99,102,105,105,107,107,107,107],"relics":["Burning Blood","Lantern","Singing Bowl","Whetstone","Orrery","Anchor","Centennial Puzzle","Red Mask"],"card_choices":[{"not_picked":["Thunderclap","Armaments"],"picked":"Clash","floor":1},{"not_picked":["Anger","True Grit","Second Wind"],"picked":"SKIP","floor":4},{"not_picked":["Armaments","Combust","Shrug It Off"],"picked":"SKIP","floor":5},{"not_picked":["Havoc","Sword Boomerang"],"picked":"Sever Soul","floor":7},{"not_picked":["Body Slam","Flame Barrier","Pommel Strike"],"picked":"Singing Bowl","floor":8},{"not_picked":["Shrug It Off","Iron Wave"],"picked":"Clash","floor":10},{"not_picked":["Havoc","Reckless Charge","Infernal Blade"],"picked":"Singing Bowl","floor":12},{"not_picked":["Brutality","Headbutt"],"picked":"Iron Wave","floor":13},{"not_picked":["Bloodletting","Thunderclap"],"picked":"Sever Soul","floor":14},{"not_picked":["Barricade","Reaper"],"picked":"Feed","floor":16},{"not_picked":["Anger","Infernal Blade","Ghostly Armor"],"picked":"Singing Bowl","floor":17},{"not_picked":["Hemokinesis","Ghostly Armor","Sword Boomerang"],"picked":"Singing Bowl","floor":17},{"not_picked":["Cleave","Headbutt"],"picked":"Thunderclap","floor":17},{"not_picked":["Searing Blow","Warcry","Pummel"],"picked":"Singing Bowl","floor":17},{"not_picked":["Sword Boomerang","Power Through","Perfected Strike"],"picked":"Singing Bowl","floor":17},{"not_picked":["Rupture","Thunderclap+1"],"picked":"Clash","floor":18},{"not_picked":["Twin Strike","Wild Strike","Rupture"],"picked":"Singing Bowl","floor":19},{"not_picked":["Demon Form","Anger","Body Slam"],"picked":"Singing Bowl","floor":21},{"not_picked":["Intimidate","Flex"],"picked":"Iron Wave","floor":24},{"not_picked":["Flex","Havoc"],"picked":"Clash","floor":25},{"not_picked":["Shrug It Off","Wild Strike","Rampage"],"picked":"Singing Bowl","floor":27},{"not_picked":["Pommel Strike","Clash"],"picked":"Rage","floor":29}],"player_experience":138537,"potions_floor_usage":[7,16,16,16,27,27,30],"damage_taken":[{"damage":6,"enemies":"Cultist","floor":1,"turns":4},{"damage":7,"enemies":"Small Slimes","floor":4,"turns":2},{"damage":6,"enemies":"2 Louse","floor":5,"turns":2},{"damage":30,"enemies":"3 Sentries","floor":7,"turns":10},{"damage":9,"enemies":"Red Slaver","floor":8,"turns":2},{"damage":39,"enemies":"Large Slime","floor":10,"turns":5},{"damage":23,"enemies":"Exordium Thugs","floor":12,"turns":4},{"damage":4,"enemies":"2 Fungi Beasts","floor":13,"turns":3},{"damage":16,"enemies":"Blue Slaver","floor":14,"turns":3},{"damage":35,"enemies":"The Guardian","floor":16,"turns":6},{"damage":10,"enemies":"3 Byrds","floor":18,"turns":6},{"damage":7,"enemies":"Chosen","floor":19,"turns":3},{"damage":46,"enemies":"Centurion and Healer","floor":21,"turns":4},{"damage":10,"enemies":"Cultist and Chosen","floor":24,"turns":7},{"damage":27,"enemies":"Snake Plant","floor":25,"turns":4},{"damage":25,"enemies":"Masked Bandits","floor":27,"turns":4},{"damage":31,"enemies":"Snecko","floor":29,"turns":5},{"damage":58,"enemies":"Cultist and Chosen","floor":30,"turns":6}],"relics_obtained":[{"floor":7,"key":"Singing Bowl"},{"floor":9,"key":"Whetstone"},{"floor":26,"key":"Centennial Puzzle"},{"floor":27,"key":"Red Mask"}],"event_choices":[{"event_name":"Drug Dealer","player_choice":"Got JAXXED","floor":20,"damage_taken":0},{"event_name":"Masked Bandits","player_choice":"Fought over 58 gold","floor":27,"damage_taken":0}],"boss_relics":[{"not_picked":["Tiny House","Lizard Tail"],"picked":"Orrery"}],"potions_floor_spawned":[4,5,8,10,18,24,27,29],"seed_played":"-8160166606740083625","killed_by":"Cultist and Chosen","ascension_level":10,"potions_obtained":[{"floor":4,"key":"GamblersBrew"},{"floor":5,"key":"Fruit Juice"},{"floor":8,"key":"PowerPotion"},{"floor":10,"key":"Weak Potion"},{"floor":18,"key":"GamblersBrew"},{"floor":24,"key":"Weak Potion"},{"floor":27,"key":"Block Potion"},{"floor":29,"key":"FearPotion"}],"is_trial":false}