{"path_per_floor":["M","?","M","M","M","R","M","E","T","E","R","E","M","M","R","B",null,"M","M","M","$","M","E","?","?","T","R","M","M","R","M","R","B",null,"M","$","M","$","?","E","R","E","T","M"],"character_chosen":"THE_SILENT","items_purchased":["Mummified Hand","Apotheosis","Kunai"],"gold_per_floor":[119,119,132,147,163,163,173,202,250,281,281,306,325,339,339,436,436,452,467,480,227,247,274,274,274,300,300,315,333,333,353,353,453,453,469,53,65,65,0,32,32,62,86,96],"floor_reached":45,"campfire_rested":6,"playtime":2862,"current_hp_per_floor":[70,70,68,68,55,55,50,41,41,18,39,39,39,32,53,26,70,70,58,40,40,25,25,25,25,25,46,25,19,40,33,54,15,70,44,44,44,44,44,35,56,29,35,9],"items_purged":[],"gold":96,"play_id":"6bbf5d44-7b8a-4fd4-a83e-217bbaeef93d","is_prod":false,"is_daily":false,"is_ascension_mode":false,"campfire_upgraded":1,"path_taken":["M","?","M","M","M","R","M","E","T","E","R","E","M","M","R","BOSS","M","M","M","$","M","E","?","?","T","R","M","M","R","M","R","BOSS","M","$","M","$","?","E","R","E","T","M","M"],"build_version":"2018-02-01-PROD3","purchased_purges":0,"victory":false,"master_deck":["Defend_G","Defend_G","Defend_G","Defend_G","Strike_G","Strike_G","Strike_G","Strike_G","Strike_G","Survivor","Neutralize","Backstab","Endless Agony","Predator+1","Quick Slash","Deadly Poison","Burst","Prepared","Terror","Noxious Fumes","Dagger Spray","Choke","Die Die Die","Quick Slash","Sucker Punch+1","Quick Slash","Endless Agony","Backstab+1","Clumsy","Blade Dance","Deflect+1","Flying Knee","Poisoned Stab","Deflect","Noxious Fumes","Doppelganger","Outmaneuver","Apotheosis","Slice+1","Distraction","Finisher+1","Well Laid Plans+1","Parasite","Bane+1"],"max_hp_per_floor":[70,70,70,70,70,70,70,70,70,70,70,70,70,70,70,70,70,70,70,70,70,70,70,70,70,70,70,70,70,70,70,70,70,70,70,70,70,70,70,70,70,70,76,76],"relics":["Ring of the Snake","Omamori","Bronze Scales","Juzu Bracelet","Gambling Chip","Toolbox","Cursed Key","Mummified Hand","Ninja Scroll","Dream Catcher","Frozen Eye","Ancient Tea Set","Lizard Tail","Kunai","Red Mask","Darkstone Periapt","Orichalcum","Lantern"],"card_choices":[{"not_picked":["PiercingWail","Masterful Stab"],"picked":"Backstab"},{"not_picked":["Acrobatics","Calculated Gamble"],"picked":"Predator"},{"not_picked":["Bane","Concentrate"],"picked":"Quick Slash"},{"not_picked":["Flechettes","Setup"],"picked":"Deadly Poison"},{"not_picked":["Masterful Stab","Bouncing Flask"],"picked":"Burst"},{"not_picked":["Riddle With Holes","Unload"],"picked":"Prepared"},{"not_picked":["Acrobatics","Underhanded Strike"],"picked":"Terror"},{"not_picked":["Distraction","Deadly Poison"],"picked":"Noxious Fumes"},{"not_picked":["Slice","Deflect"],"picked":"Dagger Spray"},{"not_picked":["Distraction","Acrobatics"],"picked":"Choke"},{"not_picked":["Grand Finale","Corpse Explosion"],"picked":"Die Die Die"},{"not_picked":["Outmaneuver","Slice"],"picked":"Quick Slash"},{"not_picked":["Underhanded Strike","Wraith Form"],"picked":"Sucker Punch"},{"not_picked":["Bane","Heel Hook"],"picked":"Quick Slash"},{"not_picked":["Deflect","Dagger Spray"],"picked":"Endless Agony"},{"not_picked":["Sucker Punch","Slice"],"picked":"Backstab"},{"not_picked":["Dodge and Roll","Crippling Poison"],"picked":"Blade Dance"},{"not_picked":["Dagger Spray","Bane"],"picked":"Deflect"},{"not_picked":["Riddle With Holes","Venomology"],"picked":"Flying Knee"},{"not_picked":["Prepared","Deflect"],"picked":"Poisoned Stab"},{"not_picked":["Acrobatics","Endless Agony"],"picked":"Deflect"},{"not_picked":["Flying Knee","Cloak And Dagger"],"picked":"Noxious Fumes"},{"not_picked":["Burst","Corpse Explosion"],"picked":"Doppelganger"},{"not_picked":["Blur","Malaise"],"picked":"Outmaneuver"},{"not_picked":["PiercingWail","Well Laid Plans"],"picked":"Slice"},{"not_picked":["Dodge and Roll","Acrobatics"],"picked":"Distraction"},{"not_picked":["Glass Knife","Bane"],"picked":"Finisher"},{"not_picked":["Backflip","PiercingWail"],"picked":"Well Laid Plans"},{"not_picked":["Slice","All Out Attack"],"picked":"Bane"}],"player_experience":149579,"potions_floor_usage":[8,10,16,16,23,33,33,33,40,45],"damage_taken":[{"damage":0,"enemies":"Cultist","floor":1,"turns":4},{"damage":2,"enemies":"Small Slimes","floor":3,"turns":3},{"damage":0,"enemies":"2 Louse","floor":4,"turns":2},{"damage":13,"enemies":"Exordium Wildlife","floor":5,"turns":4},{"damage":5,"enemies":"Looter","floor":7,"turns":2},{"damage":9,"enemies":"Gremlin Nob","floor":8,"turns":3},{"damage":23,"enemies":"Lagavulin","floor":10,"turns":5},{"damage":0,"enemies":"Gremlin Nob","floor":12,"turns":2},{"damage":0,"enemies":"2 Fungi Beasts","floor":13,"turns":2},{"damage":7,"enemies":"Gremlin Gang","floor":14,"turns":2},{"damage":27,"enemies":"Hexaghost","floor":16,"turns":7},{"damage":0,"enemies":"Chosen","floor":18,"turns":2},{"damage":12,"enemies":"2 Thieves","floor":19,"turns":3},{"damage":18,"enemies":"Sentry and Sphere","floor":20,"turns":4},{"damage":15,"enemies":"Snake Plant","floor":22,"turns":2},{"damage":0,"enemies":"Gremlin Leader","floor":23,"turns":5},{"damage":25,"enemies":"Snecko","floor":28,"turns":4},{"damage":6,"enemies":"3 Cultists","floor":29,"turns":4},{"damage":7,"enemies":"Centurion and Healer","floor":31,"turns":3},{"damage":39,"enemies":"Automaton","floor":33,"turns":7},{"damage":26,"enemies":"3 Darklings","floor":35,"turns":3},{"damage":0,"enemies":"Orb Walker","floor":37,"turns":1},{"damage":55,"enemies":"Giant Head","floor":40,"turns":7},{"damage":27,"enemies":"Nemesis","floor":42,"turns":4},{"damage":26,"enemies":"3 Darklings","floor":44,"turns":3},{"damage":22,"enemies":"Maw","floor":45,"turns":4}],"event_choices":[{"event_name":"Living Wall","player_choice":"Change","floor":2,"damage_taken":0},{"event_name":"The Mausoleum","player_choice":"Yes","floor":24,"damage_taken":0},{"event_name":"Accursed Blacksmith","player_choice":"Rummage","floor":25,"damage_taken":0},{"event_name":"Tomb of Lord Red Mask","player_choice":"Paid","floor":39,"damage_taken":0}],"boss_relics":[{"not_picked":["Tiny House","White Beast Statue"],"picked":"Cursed Key"},{"not_picked":["Black Star","Runic Dome"],"picked":"Lizard Tail"}],"potions_floor_spawned":[3,4,5,10,13,16,18,20,22,29,35,37,44],"seed_played":"2094161408268143664","killed_by":"Maw","ascension_level":0,"is_trial":false}