{"gold_per_floor":[367,367,517,517,25,25,55,71,97,129,129,129,203,203,203,203],"floor_reached":16,"playtime":570,"items_purged":["Decay"],"score":200,"play_id":"66c9fd2a-282c-4ac6-b0d1-672b445bda6f","local_time":"20190217170849","is_ascension_mode":true,"campfire_choices":[{"data":"Noxious Fumes","floor":6,"key":"SMITH"},{"floor":15,"key":"REST"}],"neow_cost":"CURSE","seed_source_timestamp":362939920909300,"circlet_count":0,"master_deck":["AscendersBane","Defend_G","Defend_G","Defend_G","Defend_G","Defend_G","Strike_G","Strike_G","Strike_G","Strike_G+1","Strike_G+1","Survivor","Neutralize+1","Footwork","Noxious Fumes+1","Well Laid Plans","Flying Knee","Regret","Caltrops"],"relics":["Ring of the Snake","ClockworkSouvenir","Juzu Bracelet","Lantern","Whetstone","Anchor","Turnip","Golden Idol","Tiny Chest"],"potions_floor_usage":[10,13],"damage_taken":[{"damage":22,"enemies":"Cultist","floor":1,"turns":5},{"damage":2,"enemies":"Lagavulin","floor":7,"turns":9},{"damage":0,"enemies":"Small Slimes","floor":8,"turns":4},{"damage":5,"enemies":"3 Sentries","floor":10,"turns":7},{"damage":17,"enemies":"Gremlin Nob","floor":13,"turns":4},{"damage":22,"enemies":"Hexaghost","floor":16,"turns":9}],"seed_played":"5448397030063989434","potions_obtained":[{"floor":7,"key":"AttackPotion"},{"floor":10,"key":"SteroidPotion"}],"is_trial":false,"path_per_floor":["M","?","?","?","$","R","E","M","T","E","?","?","E","?","R","B"],"character_chosen":"THE_SILENT","items_purchased":["ClockworkSouvenir","Juzu Bracelet","Noxious Fumes"],"campfire_rested":1,"item_purchase_floors":[5,5,5],"current_hp_per_floor":[37,37,37,37,37,37,35,35,35,30,30,30,13,2,20,0],"gold":203,"neow_bonus":"TWO_FIFTY_GOLD","is_prod":false,"is_daily":false,"chose_seed":false,"campfire_upgraded":1,"win_rate":0,"timestamp":1550419729,"path_taken":["M","?","?","?","$","R","E","M","T","E","?","?","E","?","R","BOSS"],"build_version":"2019-01-23","purchased_purges":1,"victory":false,"max_hp_per_floor":[66,66,66,66,66,66,66,66,66,66,66,60,60,60,60,60],"card_choices":[{"not_picked":["Dagger Spray","Escape Plan"],"picked":"Footwork","floor":1},{"not_picked":["Underhanded Strike","Predator"],"picked":"Well Laid Plans","floor":7},{"not_picked":["Acrobatics","Choke"],"picked":"Flying Knee","floor":8},{"not_picked":["Acrobatics","Setup","Dagger Throw"],"picked":"SKIP","floor":10},{"not_picked":["Footwork","Outmaneuver"],"picked":"Caltrops","floor":13}],"player_experience":471873,"relics_obtained":[{"floor":7,"key":"Lantern"},{"floor":9,"key":"Whetstone"},{"floor":10,"key":"Anchor"},{"floor":13,"key":"Tiny Chest"}],"event_choices":[{"damage_healed":0,"gold_gain":0,"player_choice":"Grow","damage_taken":0,"max_hp_gain":0,"max_hp_loss":0,"event_name":"Living Wall","floor":2,"gold_loss":0,"cards_upgraded":["Neutralize"]},{"damage_healed":0,"gold_gain":150,"player_choice":"AGREE","damage_taken":0,"max_hp_gain":0,"max_hp_loss":0,"event_name":"Liars Game","floor":3,"gold_loss":0,"cards_obtained":["Doubt"]},{"cards_removed":["Doubt"],"damage_healed":0,"gold_gain":0,"player_choice":"Purged","damage_taken":0,"max_hp_gain":0,"max_hp_loss":0,"event_name":"Purifier","floor":4,"gold_loss":0},{"damage_healed":0,"gold_gain":0,"player_choice":"Box","damage_taken":0,"relics_obtained":["Turnip"],"max_hp_gain":0,"max_hp_loss":0,"event_name":"Big Fish","floor":11,"gold_loss":0,"cards_obtained":["Regret"]},{"damage_healed":0,"gold_gain":0,"player_choice":"Lose Max HP","damage_taken":0,"relics_obtained":["Golden Idol"],"max_hp_gain":0,"max_hp_loss":6,"event_name":"Golden Idol","floor":12,"gold_loss":0},{"damage_healed":0,"gold_gain":0,"player_choice":"Fled","damage_taken":11,"max_hp_gain":0,"max_hp_loss":0,"event_name":"Scrap Ooze","floor":14,"gold_loss":0}],"is_beta":false,"boss_relics":[],"items_purged_floors":[5],"is_endless":false,"potions_floor_spawned":[7,10],"killed_by":"Hexaghost","ascension_level":15}