{"gold_per_floor":[216,216,226,226,81,81,109,109,135,135,235,251,263,125,125,221,221,231,251,251,270,270,270,185,60,60,22,34,34,0,13,13,116,116,134,234,253,268,285,285,297,308,308,308,308,328,344,344],"floor_reached":48,"playtime":10755,"items_purged":["Defend_G","Strike_G","Strike_G"],"score":434,"play_id":"4d6112a9-2e71-4eb9-8f55-dcca8b2ca4ab","local_time":"20190216063112","is_ascension_mode":false,"campfire_choices":[{"data":"Survivor","floor":6.0,"key":"SMITH"},{"data":"Blade Dance","floor":8.0,"key":"SMITH"},{"data":"Neutralize","floor":10.0,"key":"SMITH"},{"floor":15.0,"key":"REST"},{"data":"Dagger Spray","floor":23.0,"key":"SMITH"},{"data":"Cloak And Dagger","floor":32.0,"key":"SMITH"},{"data":"Blade Dance","floor":40,"key":"SMITH"},{"floor":45,"key":"REST"}],"neow_cost":"NONE","seed_source_timestamp":126219853051893,"circlet_count":0,"master_deck":["Defend_G","Defend_G","Defend_G","Defend_G","Strike_G","Strike_G","Survivor+1","Neutralize+1","Dagger Spray+1","Footwork","Blade Dance+1","PiercingWail","Die Die Die","Well Laid Plans","After Image","Cloak And Dagger+1","PiercingWail","Blade Dance+1","Footwork","Backstab","A Thousand Cuts+1","PiercingWail","Backstab","Endless Agony+1","Crippling Poison+1","Madness","Madness"],"special_seed":0,"relics":["Ring of the Serpent","Bottled Flame","PreservedInsect","Eternal Feather","Lantern","Frozen Egg 2","Pocketwatch"],"potions_floor_usage":[33,33,41,47],"damage_taken":[{"damage":0.0,"enemies":"Small Slimes","floor":1.0,"turns":4.0},{"damage":1.0,"enemies":"Cultist","floor":3.0,"turns":4.0},{"damage":29.0,"enemies":"Gremlin Nob","floor":7.0,"turns":6.0},{"damage":0.0,"enemies":"2 Louse","floor":12.0,"turns":1.0},{"damage":13.0,"enemies":"Exordium Thugs","floor":13.0,"turns":6.0},{"damage":19.0,"enemies":"The Guardian","floor":16.0,"turns":20.0},{"damage":0.0,"enemies":"3 Byrds","floor":18.0,"turns":4.0},{"damage":0.0,"enemies":"Chosen","floor":19.0,"turns":8.0},{"damage":2.0,"enemies":"Centurion and Healer","floor":21.0,"turns":15.0},{"damage":0.0,"enemies":"Sentry and Sphere","floor":28.0,"turns":12.0},{"damage":0.0,"enemies":"Snake Plant","floor":31.0,"turns":9.0},{"damage":49,"enemies":"Collector","floor":33,"turns":18},{"damage":1,"enemies":"3 Shapes","floor":35,"turns":5},{"damage":2,"enemies":"3 Darklings","floor":37,"turns":6},{"damage":4,"enemies":"Maw","floor":38,"turns":10},{"damage":12,"enemies":"4 Shapes","floor":39,"turns":7},{"damage":19,"enemies":"Jaw Worm Horde","floor":41,"turns":5},{"damage":5,"enemies":"Maw","floor":42,"turns":10},{"damage":9,"enemies":"4 Shapes","floor":46,"turns":9},{"damage":14,"enemies":"Jaw Worm Horde","floor":47,"turns":7},{"damage":61,"enemies":"Transient","floor":48,"turns":5}],"seed_played":"7731158777593084939","potions_obtained":[{"floor":1.0,"key":"SkillPotion"},{"floor":16.0,"key":"SpeedPotion"},{"floor":19.0,"key":"LiquidBronze"},{"floor":21.0,"key":"Block Potion"},{"floor":28.0,"key":"Ancient Potion"},{"floor":37,"key":"AttackPotion"},{"floor":41,"key":"SpeedPotion"},{"floor":46,"key":"Ancient Potion"}],"is_trial":false,"path_per_floor":["M","?","M","?","$","R","E","R","T","R","?","M","M","$","R","B",null,"M","M","?","M","?","R","?","$","T","$","M","$","?","M","R","B",null,"M","?","M","M","M","R","M","M","T","?","R","M","M","M"],"character_chosen":"THE_SILENT","items_purchased":["Footwork","Well Laid Plans","Backstab"],"campfire_rested":2,"item_purchase_floors":[5,14,27],"current_hp_per_floor":[70,70,69,69,69,69,40,40,40,40,40,40,27,27,48,29,70,70,70,70,68,68,70,70,70,70,70,70,70,70,70,70,21,70,69,69,67,63,51,66,47,42,42,33,69,60,46,0],"gold":344,"neow_bonus":"HUNDRED_GOLD","is_prod":false,"is_daily":false,"chose_seed":false,"campfire_upgraded":6,"win_rate":0,"timestamp":1550266272,"path_taken":["M","?","?","?","$","R","E","R","T","R","?","M","M","$","R","BOSS","M","M","?","M","?","R","?","$","T","$","M","$","?","M","R","BOSS","M","?","?","?","M","R","M","M","T","?","R","M","M","M"],"build_version":"2019-01-23","purchased_purges":3,"victory":false,"max_hp_per_floor":[70,70,70,70,70,70,70,70,70,70,70,70,70,70,70,70,70,70,70,70,70,70,70,70,70,70,70,70,70,70,70,70,70,70,70,70,70,70,70,70,70,70,70,70,70,70,70,70],"card_choices":[{"not_picked":["Dash","Outmaneuver"],"picked":"Dagger Spray","floor":1.0},{"not_picked":["Backflip","Deadly Poison","Quick Slash"],"picked":"SKIP","floor":3.0},{"not_picked":["Quick Slash","Cloak And Dagger"],"picked":"Blade Dance","floor":7.0},{"not_picked":["Choke","Underhanded Strike"],"picked":"PiercingWail","floor":12.0},{"not_picked":["Terror","Choke"],"picked":"Die Die Die","floor":13.0},{"not_picked":["Phantasmal Killer","A Thousand Cuts"],"picked":"After Image","floor":16.0},{"not_picked":["Tactician","Flying Knee"],"picked":"Cloak And Dagger","floor":18.0},{"not_picked":["Backflip+1","Distraction"],"picked":"PiercingWail","floor":19.0},{"not_picked":["Poisoned Stab","Phantasmal Killer"],"picked":"Footwork","floor":21.0},{"not_picked":["Riddle With Holes","All Out Attack+1","Deflect"],"picked":"SKIP","floor":28.0},{"not_picked":["Predator","Setup","Acrobatics+1"],"picked":"SKIP","floor":31.0},{"not_picked":["Wraith Form v2+1","Venomology"],"picked":"A Thousand Cuts+1","floor":33},{"not_picked":["Acrobatics+1","Sucker Punch+1"],"picked":"PiercingWail","floor":35},{"not_picked":["Outmaneuver+1","Flying Knee"],"picked":"Backstab","floor":37},{"not_picked":["Slice+1","Crippling Poison+1"],"picked":"Endless Agony+1","floor":38},{"not_picked":["Flying Knee","Cloak And Dagger"],"picked":"Crippling Poison+1","floor":39},{"not_picked":["Cloak And Dagger+1","Acrobatics+1","Dagger Throw+1"],"picked":"SKIP","floor":41},{"not_picked":["Tactician","Blade Dance","Setup+1"],"picked":"SKIP","floor":42},{"not_picked":["Eviscerate","Riddle With Holes","Skewer"],"picked":"SKIP","floor":46},{"not_picked":["Catalyst","Flying Knee","Dodge and Roll"],"picked":"SKIP","floor":47}],"player_experience":154809,"relics_obtained":[{"floor":7.0,"key":"Bottled Flame"},{"floor":9.0,"key":"PreservedInsect"},{"floor":26.0,"key":"Frozen Egg 2"},{"floor":43,"key":"Pocketwatch"}],"event_choices":[{"cards_removed":["Strike_G"],"damage_healed":0.0,"max_hp_gain":0.0,"max_hp_loss":0.0,"gold_gain":0.0,"event_name":"Bonfire Elementals","player_choice":"Offered Basic","floor":2.0,"gold_loss":0.0,"damage_taken":0.0},{"damage_healed":0.0,"max_hp_gain":0.0,"max_hp_loss":0.0,"gold_gain":0.0,"event_name":"Liars Game","player_choice":"Ignored","floor":4.0,"gold_loss":0.0,"damage_taken":0.0},{"damage_healed":0.0,"max_hp_gain":0.0,"max_hp_loss":0.0,"gold_gain":100.0,"event_name":"Golden Shrine","player_choice":"Pray","floor":11.0,"gold_loss":0.0,"damage_taken":0.0},{"damage_healed":0.0,"max_hp_gain":0.0,"max_hp_loss":0.0,"gold_gain":0.0,"event_name":"The Library","player_choice":"Read","floor":20.0,"gold_loss":0.0,"damage_taken":0.0,"cards_obtained":["Blade Dance"]},{"damage_healed":0.0,"max_hp_gain":0.0,"max_hp_loss":0.0,"gold_gain":0.0,"event_name":"Vampires","player_choice":"Ignored","floor":22.0,"gold_loss":0.0,"damage_taken":0.0},{"damage_healed":0.0,"max_hp_gain":0.0,"max_hp_loss":0.0,"gold_gain":0.0,"event_name":"Addict","player_choice":"Obtained Relic","floor":24.0,"gold_loss":85.0,"damage_taken":0.0,"relics_obtained":["Lantern"]},{"damage_healed":0.0,"max_hp_gain":0.0,"max_hp_loss":0.0,"gold_gain":0.0,"event_name":"Masked Bandits","player_choice":"Paid Fearfully","floor":30.0,"gold_loss":34.0,"damage_taken":0.0},{"damage_healed":0,"gold_gain":100,"player_choice":"Pray","damage_taken":0,"max_hp_gain":0,"max_hp_loss":0,"event_name":"Golden Shrine","floor":36,"gold_loss":0},{"damage_healed":0,"gold_gain":0,"player_choice":"Embrace Madness","damage_taken":9,"max_hp_gain":0,"max_hp_loss":0,"event_name":"Winding Halls","floor":44,"gold_loss":0,"cards_obtained":["Madness","Madness"]}],"is_beta":false,"boss_relics":[{"not_picked":["Astrolabe","Snecko Eye"],"picked":"Eternal Feather"},{"not_picked":["Busted Crown","White Beast Statue"],"picked":"Ring of the Serpent"}],"items_purged_floors":[5,14,25],"is_endless":false,"potions_floor_spawned":[1,16,19,21,28,37,41,46],"killed_by":"Transient","ascension_level":0}