{"gold_per_floor":[110,110,12,12,31,31,100,100,124,148,173,173,248,272,272,397,397,417,542,542,560,78,78,116,116,116,136,51,76,76,52,52,176,176,200,200,224,224],"floor_reached":38,"playtime":2159,"items_purged":["Pain","Injury"],"score":412,"play_id":"79dd0fee-9a98-4594-a3a9-7eabe05f6303","local_time":"20190218103201","is_ascension_mode":false,"campfire_choices":[{"data":"Tempest","floor":6,"key":"SMITH"},{"data":"Ball Lightning","floor":8,"key":"SMITH"},{"data":"Zap","floor":12,"key":"SMITH"},{"data":"Dualcast","floor":15,"key":"SMITH"},{"floor":23,"key":"REST"},{"floor":25,"key":"REST"},{"data":"Sunder","floor":30,"key":"SMITH"},{"data":"Thunder Strike","floor":32,"key":"SMITH"}],"neow_cost":"NONE","seed_source_timestamp":557024979470547,"circlet_count":0,"master_deck":["Strike_B","Strike_B","Defend_B","Defend_B","Defend_B","Zap+1","Dualcast+1","Turbo","Barrage","Tempest+1","Ball Lightning+1","Loop","Ball Lightning","Thunder Strike+1","Thunder Strike+1","Go for the Eyes+1","Undo+1","Conserve Battery+1","Cold Snap","Ghostly","Ghostly","Ghostly","Ghostly","Ghostly","Defragment","Sunder+1","Compile Driver","Meteor Strike","Double Energy+1","Streamline","All For One","Doom and Gloom","Doom and Gloom"],"relics":["Cracked Core","WarpedTongs","Golden Idol","Blood Vial","Ancient Tea Set","Astrolabe","Peace Pipe","Gremlin Horn","Happy Flower","HandDrill","Red Mask","Pantograph","Unceasing Top","Inserter"],"potions_floor_usage":[11,19,24,24,27,33,33],"damage_taken":[{"damage":5,"enemies":"Jaw Worm","floor":1,"turns":4},{"damage":0,"enemies":"Cultist","floor":5,"turns":3},{"damage":25,"enemies":"3 Sentries","floor":7,"turns":7},{"damage":0,"enemies":"2 Louse","floor":10,"turns":2},{"damage":3,"enemies":"Exordium Wildlife","floor":11,"turns":4},{"damage":0,"enemies":"Gremlin Gang","floor":14,"turns":3},{"damage":36,"enemies":"The Guardian","floor":16,"turns":7},{"damage":10,"enemies":"Shell Parasite","floor":18,"turns":4},{"damage":39,"enemies":"Colosseum Slavers","floor":19,"turns":5},{"damage":28,"enemies":"Colosseum Nobs","floor":19,"turns":5},{"damage":0,"enemies":"Chosen","floor":21,"turns":4},{"damage":4,"enemies":"Masked Bandits","floor":24,"turns":5},{"damage":0,"enemies":"3 Cultists","floor":27,"turns":2},{"damage":8,"enemies":"Snake Plant","floor":29,"turns":3},{"damage":2,"enemies":"Automaton","floor":33,"turns":7},{"damage":16,"enemies":"3 Darklings","floor":35,"turns":5},{"damage":2,"enemies":"Orb Walker","floor":37,"turns":3},{"damage":31,"enemies":"Transient","floor":38,"turns":5}],"seed_played":"5135722794982960574","potions_obtained":[{"floor":7,"key":"Block Potion"},{"floor":14,"key":"FocusPotion"},{"floor":16,"key":"SkillPotion"},{"floor":18,"key":"Strength Potion"},{"floor":21,"key":"FocusPotion"},{"floor":27,"key":"Explosive Potion"},{"floor":29,"key":"Poison Potion"},{"floor":33,"key":"PowerPotion"},{"floor":37,"key":"SkillPotion"}],"is_trial":false,"path_per_floor":["M","?","$","?","M","R","?","R","T","M","M","R","?","M","R","B",null,"M","?","?","M","$","R","?","R","T","M","?","M","R","$","R","B",null,"M","?","M","M"],"character_chosen":"DEFECT","items_purchased":["Barrage","Happy Flower","HandDrill","Sunder","Streamline"],"campfire_rested":2,"item_purchase_floors":[3,22,22,22,31],"current_hp_per_floor":[77,77,77,77,77,77,52,52,52,54,53,53,42,44,44,10,82,72,9,9,11,11,23,21,33,33,35,35,29,29,29,29,39,41,25,25,25,0],"gold":224,"neow_bonus":"TEN_PERCENT_HP_BONUS","is_prod":false,"is_daily":false,"chose_seed":false,"campfire_upgraded":6,"win_rate":0.0,"timestamp":1550457121,"path_taken":["M","?","?","?","M","R","?","R","T","?","?","R","?","M","R","BOSS","M","?","?","M","?","R","?","R","T","?","?","M","R","?","R","BOSS","M","?","M","?"],"build_version":"2019-01-23","purchased_purges":2,"victory":false,"max_hp_per_floor":[82,82,82,82,82,82,82,82,82,82,82,82,82,82,82,82,82,82,82,41,41,41,41,41,41,41,41,41,41,41,41,41,41,41,41,41,41,41],"card_choices":[{"not_picked":["Leap","Force Field"],"picked":"Turbo","floor":1},{"not_picked":["Steam","Barrage"],"picked":"Tempest","floor":5},{"not_picked":["Chaos","Hologram"],"picked":"Ball Lightning","floor":7},{"not_picked":["Steam Power","Recycle"],"picked":"Loop","floor":10},{"not_picked":["Turbo","Cold Snap"],"picked":"Rebound","floor":11},{"not_picked":["Chaos","Redo"],"picked":"Ball Lightning","floor":14},{"not_picked":["All For One","Biased Cognition"],"picked":"Thunder Strike","floor":16},{"not_picked":["Coolheaded","Turbo+1"],"picked":"Conserve Battery+1","floor":18},{"not_picked":["Conserve Battery","Steam"],"picked":"Cold Snap","floor":19},{"not_picked":["Stack+1","Gash"],"picked":"Defragment","floor":21},{"not_picked":["Chaos+1","Barrage+1"],"picked":"Compile Driver","floor":24},{"not_picked":["FTL","Fusion+1"],"picked":"Meteor Strike","floor":27},{"not_picked":["Chaos","Rebound+1"],"picked":"Double Energy+1","floor":29},{"not_picked":["Reboot","Biased Cognition"],"picked":"All For One","floor":33},{"not_picked":["Defragment+1","Coolheaded+1"],"picked":"Doom and Gloom","floor":35},{"not_picked":["Sweeping Beam+1","Stack+1"],"picked":"Doom and Gloom","floor":37}],"player_experience":99864,"relics_obtained":[{"floor":7,"key":"Blood Vial"},{"floor":9,"key":"Ancient Tea Set"},{"floor":19,"key":"Peace Pipe"},{"floor":19,"key":"Gremlin Horn"},{"floor":24,"key":"Red Mask"},{"floor":26,"key":"Pantograph"}],"event_choices":[{"damage_healed":0,"gold_gain":0,"player_choice":"Rummage","damage_taken":0,"relics_obtained":["WarpedTongs"],"max_hp_gain":0,"max_hp_loss":0,"event_name":"Accursed Blacksmith","floor":2,"gold_loss":0,"cards_obtained":["Pain"]},{"damage_healed":0,"gold_gain":0,"player_choice":"Take Wound","damage_taken":0,"relics_obtained":["Golden Idol"],"max_hp_gain":0,"max_hp_loss":0,"event_name":"Golden Idol","floor":4,"gold_loss":0,"cards_obtained":["Injury"]},{"damage_healed":0,"gold_gain":0,"player_choice":"Searched \u00271\u0027 times","damage_taken":0,"max_hp_gain":0,"max_hp_loss":0,"event_name":"Dead Adventurer","floor":7,"gold_loss":0},{"damage_healed":0,"gold_gain":75,"player_choice":"Gather Gold","damage_taken":11,"max_hp_gain":0,"max_hp_loss":0,"event_name":"World of Goop","floor":13,"gold_loss":0},{"damage_healed":0,"gold_gain":0,"player_choice":"Fight","damage_taken":0,"max_hp_gain":0,"max_hp_loss":0,"event_name":"Colosseum","floor":19,"gold_loss":0},{"damage_healed":0,"gold_gain":0,"player_choice":"Fought Nobs","damage_taken":0,"max_hp_gain":0,"max_hp_loss":0,"event_name":"Colosseum","floor":19,"gold_loss":0},{"damage_healed":0,"gold_gain":0,"player_choice":"Became a Ghost","damage_taken":0,"max_hp_gain":0,"max_hp_loss":41,"event_name":"Ghosts","floor":20,"gold_loss":0,"cards_obtained":["Ghostly","Ghostly","Ghostly","Ghostly","Ghostly"]},{"damage_healed":0,"gold_gain":0,"player_choice":"Fought Bandits","damage_taken":0,"max_hp_gain":0,"max_hp_loss":0,"event_name":"Masked Bandits","floor":24,"gold_loss":0},{"damage_healed":0,"gold_gain":0,"player_choice":"Obtained Relic","damage_taken":0,"relics_obtained":["Unceasing Top"],"max_hp_gain":0,"max_hp_loss":0,"event_name":"Addict","floor":28,"gold_loss":85},{"cards_removed":["Strike_B"],"damage_healed":0,"gold_gain":0,"player_choice":"Card Removal","damage_taken":0,"max_hp_gain":0,"max_hp_loss":0,"event_name":"Wheel of Change","floor":36,"gold_loss":0}],"is_beta":false,"boss_relics":[{"not_picked":["Cursed Key","Runic Dome"],"picked":"Astrolabe"},{"not_picked":["Tiny House","Snecko Eye"],"picked":"Inserter"}],"items_purged_floors":[3,22],"is_endless":false,"potions_floor_spawned":[7,14,16,18,21,27,29,33,37],"killed_by":"Transient","ascension_level":0}