{"gold_per_floor":[114,114,127,2,18,48,62,79,131,142,142,159,159,179,179,279,279,253,193,45,65,18,50,50,50,50,80,95,95,95],"floor_reached":30,"playtime":2051,"items_purged":[],"score":299,"play_id":"6a106067-13c8-4611-a182-64824c33e3c8","local_time":"20181220122903","is_ascension_mode":true,"campfire_choices":[{"floor":11,"key":"REST"},{"floor":15,"key":"REST"},{"floor":24,"key":"REST"}],"neow_cost":"NONE","seed_source_timestamp":450286218721057,"circlet_count":0,"master_deck":["Defend_G","Defend_G","Defend_G","Defend_G","Defend_G","Strike_G","Strike_G","Survivor","Neutralize","Poisoned Stab","Caltrops","Backflip","PiercingWail","Footwork","Backflip","Blur","Wraith Form v2","Riddle With Holes","Escape Plan","Caltrops","Deadly Poison","Backflip","Deadly Poison","Poisoned Stab+1","Poisoned Stab"],"relics":["Ring of the Snake","Anchor","Pantograph","Lantern","Philosopher\u0027s Stone","Pen Nib","Shovel","Strawberry"],"potions_floor_usage":[14,18,23,28,30],"damage_taken":[{"damage":0,"enemies":"2 Louse","floor":1,"turns":3},{"damage":6,"enemies":"Cultist","floor":3,"turns":5},{"damage":2,"enemies":"Small Slimes","floor":5,"turns":4},{"damage":31,"enemies":"3 Sentries","floor":6,"turns":10},{"damage":0,"enemies":"2 Fungi Beasts","floor":7,"turns":6},{"damage":26,"enemies":"Exordium Thugs","floor":8,"turns":9},{"damage":7,"enemies":"Large Slime","floor":10,"turns":9},{"damage":0,"enemies":"3 Louse","floor":12,"turns":4},{"damage":19,"enemies":"Gremlin Gang","floor":14,"turns":6},{"damage":3,"enemies":"The Guardian","floor":16,"turns":20},{"damage":0,"enemies":"2 Thieves","floor":18,"turns":5},{"damage":1,"enemies":"Shell Parasite","floor":21,"turns":9},{"damage":55,"enemies":"Gremlin Leader","floor":23,"turns":8},{"damage":18,"enemies":"Book of Stabbing","floor":27,"turns":5},{"damage":35,"enemies":"Sentry and Sphere","floor":28,"turns":8},{"damage":21,"enemies":"Gremlin Leader","floor":30,"turns":7}],"seed_played":"6756675195806145271","potions_obtained":[{"floor":1,"key":"SteroidPotion"},{"floor":10,"key":"SkillPotion"},{"floor":12,"key":"SneckoOil"},{"floor":14,"key":"FearPotion"},{"floor":21,"key":"LiquidBronze"},{"floor":27,"key":"Regen Potion"}],"is_trial":false,"path_per_floor":["M","?","M","$","M","E","M","M","T","M","R","M","?","M","R","B",null,"M","?","$","M","$","E","R","?","T","E","M","?","E"],"character_chosen":"THE_SILENT","items_purchased":["Caltrops","Backflip","Escape Plan","Caltrops","Deadly Poison"],"campfire_rested":3,"item_purchase_floors":[4,4,20,20,22],"current_hp_per_floor":[77,77,71,71,69,38,38,12,12,5,28,28,21,2,25,47,77,77,77,77,76,76,21,44,44,44,33,13,13,0],"gold":95,"neow_bonus":"TEN_PERCENT_HP_BONUS","is_prod":false,"is_daily":false,"chose_seed":false,"campfire_upgraded":0,"win_rate":0,"timestamp":1545301743,"path_taken":["M","?","M","$","M","E","M","M","T","M","R","?","?","M","R","BOSS","M","?","$","M","?","E","R","?","T","E","M","?","E"],"build_version":"2018-12-13","purchased_purges":0,"victory":false,"max_hp_per_floor":[77,77,77,77,77,77,77,77,77,77,77,77,77,77,77,77,77,77,77,77,77,77,77,77,77,77,84,84,84,84],"card_choices":[{"not_picked":["Caltrops","Cloak And Dagger","Sucker Punch"],"picked":"SKIP","floor":1},{"not_picked":["Prepared","Dagger Throw"],"picked":"Poisoned Stab","floor":3},{"not_picked":["Outmaneuver","Skewer"],"picked":"PiercingWail","floor":5},{"not_picked":["Adrenaline","Poisoned Stab"],"picked":"Footwork","floor":6},{"not_picked":["Underhanded Strike","Deflect","Dagger Throw"],"picked":"SKIP","floor":7},{"not_picked":["Slice","Dodge and Roll","Endless Agony"],"picked":"SKIP","floor":8},{"not_picked":["Underhanded Strike","Cloak And Dagger"],"picked":"Backflip","floor":10},{"not_picked":["Prepared","Finisher","Calculated Gamble"],"picked":"SKIP","floor":12},{"not_picked":["Dodge and Roll","Prepared"],"picked":"Blur","floor":14},{"not_picked":["Flying Knee","Blade Dance","Reflex"],"picked":"SKIP","floor":18},{"not_picked":["Cloak And Dagger+1","Infinite Blades+1","Dagger Spray+1"],"picked":"SKIP","floor":21},{"not_picked":["Cloak And Dagger","Reflex+1"],"picked":"Backflip","floor":23},{"not_picked":["Accuracy","Sucker Punch"],"picked":"Poisoned Stab+1","floor":27},{"not_picked":["Deflect","Slice"],"picked":"Poisoned Stab","floor":28}],"player_experience":44583,"relics_obtained":[{"floor":6,"key":"Pantograph"},{"floor":9,"key":"Lantern"},{"floor":23,"key":"Pen Nib"},{"floor":26,"key":"Shovel"},{"floor":27,"key":"Strawberry"}],"event_choices":[{"damage_healed":0,"gold_gain":0,"player_choice":"Gave Potion","damage_taken":0,"relics_obtained":["Anchor"],"max_hp_gain":0,"max_hp_loss":0,"event_name":"WeMeetAgain","floor":2,"gold_loss":0},{"cards_removed":["Strike_G"],"damage_healed":0,"gold_gain":0,"player_choice":"Card Removal","damage_taken":7,"max_hp_gain":0,"max_hp_loss":0,"event_name":"Golden Wing","floor":13,"gold_loss":0},{"damage_healed":0,"gold_gain":0,"cards_transformed":["Strike_G","Strike_G"],"player_choice":"Transformed Cards","damage_taken":0,"max_hp_gain":0,"max_hp_loss":0,"event_name":"Designer","floor":19,"gold_loss":60,"cards_obtained":["Wraith Form v2","Riddle With Holes"]},{"damage_healed":0,"gold_gain":0,"player_choice":"Read","damage_taken":0,"max_hp_gain":0,"max_hp_loss":0,"event_name":"The Library","floor":25,"gold_loss":0,"cards_obtained":["Deadly Poison"]},{"damage_healed":0,"gold_gain":0,"player_choice":"Ignored","damage_taken":0,"max_hp_gain":0,"max_hp_loss":0,"event_name":"Cursed Tome","floor":29,"gold_loss":0}],"is_beta":false,"boss_relics":[{"not_picked":["Fusion Hammer","HoveringKite"],"picked":"Philosopher\u0027s Stone"}],"items_purged_floors":[],"is_endless":false,"potions_floor_spawned":[1,10,12,14,21,27],"killed_by":"Gremlin Leader","ascension_level":2}