{"gold_per_floor":[119,119,119,119,44,79,79,104,130,165,165,208,208,227,227,227],"floor_reached":16,"playtime":761,"items_purged":["Strike_R"],"score":155,"play_id":"103858aa-d892-4096-9048-f48631376a9f","local_time":"20190217165700","is_ascension_mode":true,"campfire_choices":[{"data":"Flex","floor":7,"key":"SMITH"},{"floor":11,"key":"REST"},{"floor":15,"key":"REST"}],"neow_cost":"NONE","seed_source_timestamp":286681053492124,"circlet_count":0,"master_deck":["Strike_R","Strike_R","Defend_R","Defend_R","Defend_R","Defend_R","Bash","Flex+1","Warcry","Offering","Shrug It Off"],"relics":["Burning Blood","NeowsBlessing","Golden Idol","Pen Nib","Boot","Mercury Hourglass","Frozen Egg 2"],"potions_floor_usage":[10,12],"damage_taken":[{"damage":0,"enemies":"Jaw Worm","floor":1,"turns":1},{"damage":0,"enemies":"Gremlin Nob","floor":6,"turns":1},{"damage":0,"enemies":"Small Slimes","floor":8,"turns":1},{"damage":37,"enemies":"3 Sentries","floor":10,"turns":13},{"damage":22,"enemies":"Lagavulin","floor":12,"turns":5},{"damage":6,"enemies":"2 Louse","floor":14,"turns":2},{"damage":68,"enemies":"Hexaghost","floor":16,"turns":12}],"seed_played":"-4318615773632869428","potions_obtained":[{"floor":6,"key":"SteroidPotion"},{"floor":8,"key":"Explosive Potion"},{"floor":14,"key":"Energy Potion"}],"is_trial":false,"path_per_floor":["M","?","?","?","$","E","R","M","T","E","R","E","?","M","R","B"],"character_chosen":"IRONCLAD","items_purchased":[],"campfire_rested":2,"item_purchase_floors":[],"current_hp_per_floor":[80,80,60,53,53,59,59,65,65,34,58,42,42,42,66,0],"gold":227,"neow_bonus":"THREE_ENEMY_KILL","is_prod":false,"is_daily":false,"chose_seed":false,"campfire_upgraded":1,"win_rate":0,"timestamp":1550390220,"path_taken":["M","?","?","?","$","E","R","M","T","E","R","E","?","?","R","BOSS"],"build_version":"2019-01-23","purchased_purges":1,"victory":false,"max_hp_per_floor":[80,80,80,80,80,80,80,80,80,80,80,80,80,80,80,80],"card_choices":[{"not_picked":["Hemokinesis","Bloodletting"],"picked":"Flex","floor":1},{"not_picked":["Feel No Pain","Headbutt","Havoc"],"picked":"SKIP","floor":6},{"not_picked":["Dual Wield","Heavy Blade"],"picked":"Warcry","floor":8},{"not_picked":["Twin Strike","Warcry"],"picked":"Offering","floor":10},{"not_picked":["True Grit","Pommel Strike"],"picked":"Shrug It Off","floor":12},{"not_picked":["Sword Boomerang","Havoc","Brutality+1"],"picked":"SKIP","floor":14}],"player_experience":94091,"relics_obtained":[{"floor":6,"key":"Pen Nib"},{"floor":9,"key":"Boot"},{"floor":10,"key":"Mercury Hourglass"},{"floor":12,"key":"Frozen Egg 2"}],"event_choices":[{"damage_healed":0,"gold_gain":0,"player_choice":"Ignored","damage_taken":0,"max_hp_gain":0,"max_hp_loss":0,"event_name":"Shining Light","floor":2,"gold_loss":0},{"damage_healed":0,"gold_gain":0,"player_choice":"Take Damage","damage_taken":20,"relics_obtained":["Golden Idol"],"max_hp_gain":0,"max_hp_loss":0,"event_name":"Golden Idol","floor":3,"gold_loss":0},{"cards_removed":["Strike_R"],"damage_healed":0,"gold_gain":0,"player_choice":"Card Removal","damage_taken":7,"max_hp_gain":0,"max_hp_loss":0,"event_name":"Golden Wing","floor":4,"gold_loss":0},{"cards_removed":["Strike_R"],"damage_healed":0,"gold_gain":0,"player_choice":"Card Removal","damage_taken":0,"max_hp_gain":0,"max_hp_loss":0,"event_name":"Wheel of Change","floor":13,"gold_loss":0}],"is_beta":false,"boss_relics":[],"items_purged_floors":[5],"is_endless":false,"potions_floor_spawned":[6,8,14],"killed_by":"Hexaghost","ascension_level":2}