{"gold_per_floor":[115,115,115,14,14,50,50,69,123,148,201,201,215,233,233,323,323,343,343,343,54,79,79,79,79,79,93,93,141,141,156,156,255,255,268,393,726,726,742,742,753,753,828,828,101,117,0,17,17,17],"floor_reached":51,"playtime":2521,"items_purged":["Strike_B"],"score":1207,"play_id":"b6273504-3c87-46bd-bc60-5c923fb9c4a3","local_time":"20190125233551","is_ascension_mode":true,"campfire_choices":[{"floor":7,"key":"REST"},{"data":"Zap","floor":12,"key":"SMITH"},{"data":"Go for the Eyes","floor":15,"key":"SMITH"},{"data":"Hologram","floor":23,"key":"SMITH"},{"floor":25,"key":"REST"},{"data":"Dualcast","floor":28,"key":"SMITH"},{"data":"Glacier","floor":32,"key":"SMITH"},{"data":"Madness","floor":40,"key":"SMITH"},{"data":"Madness","floor":42,"key":"SMITH"},{"floor":49,"key":"REST"}],"neow_cost":"NONE","seed_source_timestamp":743698821708891,"circlet_count":0,"master_deck":["AscendersBane","Defend_B","Defend_B","Defend_B","Zap+1","Dualcast+1","All For One+1","Leap","Self Repair","Go for the Eyes+1","Injury","Cold Snap","Gash","Coolheaded","Chill","Electrodynamics","Cold Snap+1","Gash","Coolheaded","Self Repair","White Noise","Buffer","Reprogram","Hologram+1","Glacier+1","Gash+1","Seek","Gash","Madness+1","Madness+1","All For One","Trip","Gash","Capacitor+1"],"relics":["Cracked Core","Regal Pillow","Tiny Chest","Anchor","Orrery","FossilizedHelix","Nilry\u0027s Codex","Frozen Egg 2","Juzu Bracelet","Eternal Feather","Emotion Chip","Cables","Whetstone","Sundial","Frozen Eye","Red Mask"],"potions_floor_usage":[16,48],"damage_taken":[{"damage":10,"enemies":"Small Slimes","floor":1,"turns":3},{"damage":33,"enemies":"Gremlin Nob","floor":6,"turns":5},{"damage":7,"enemies":"Jaw Worm","floor":8,"turns":3},{"damage":0,"enemies":"2 Louse","floor":10,"turns":3},{"damage":0,"enemies":"Large Slime","floor":13,"turns":5},{"damage":21,"enemies":"Exordium Wildlife","floor":14,"turns":5},{"damage":27,"enemies":"Hexaghost","floor":16,"turns":11},{"damage":26,"enemies":"Shell Parasite","floor":18,"turns":8},{"damage":19,"enemies":"3 Byrds","floor":22,"turns":6},{"damage":0,"enemies":"Shelled Parasite and Fungi","floor":27,"turns":7},{"damage":2,"enemies":"Cultist and Chosen","floor":31,"turns":6},{"damage":41,"enemies":"Collector","floor":33,"turns":12},{"damage":1,"enemies":"3 Darklings","floor":35,"turns":6},{"damage":0,"enemies":"Mind Bloom Boss Battle","floor":36,"turns":6},{"damage":0,"enemies":"Orb Walker","floor":39,"turns":3},{"damage":50,"enemies":"Spire Growth","floor":41,"turns":7},{"damage":39,"enemies":"3 Darklings","floor":46,"turns":5},{"damage":20,"enemies":"Jaw Worm Horde","floor":48,"turns":8},{"damage":15,"enemies":"Donu and Deca","floor":50,"turns":4}],"seed_played":"9128590593613405360","potions_obtained":[{"floor":6,"key":"Energy Potion"},{"floor":13,"key":"Regen Potion"},{"floor":18,"key":"Ancient Potion"},{"floor":41,"key":"EssenceOfSteel"},{"floor":48,"key":"FearPotion"}],"is_trial":false,"path_per_floor":["M","?","?","$","?","E","R","M","T","M","T","R","M","M","R","B",null,"M","?","?","$","M","R","?","R","T","M","R","T","?","M","R","B",null,"M","?","?","?","M","R","M","R","T","?","$","M","?","M","R","B",null],"character_chosen":"DEFECT","items_purchased":["Self Repair","Go for the Eyes","FossilizedHelix","Gash","Whetstone","Sundial","Frozen Eye"],"campfire_rested":3,"item_purchase_floors":[4,4,21,45,45,45,45],"current_hp_per_floor":[54,54,47,47,47,21,57,50,50,57,57,57,64,50,50,45,65,53,53,53,53,48,48,27,63,63,70,70,70,70,71,71,51,66,71,71,71,58,71,71,35,53,53,53,53,21,21,15,69,54],"gold":17,"neow_bonus":"ONE_RANDOM_RARE_CARD","is_prod":false,"is_daily":false,"chose_seed":false,"campfire_upgraded":7,"win_rate":0,"timestamp":1548426951,"path_taken":["M","?","?","?","?","E","R","M","T","M","?","R","?","M","R","BOSS","M","?","?","$","?","R","?","R","T","M","R","?","?","M","R","BOSS","M","?","?","?","M","R","M","R","T","?","$","M","?","M","R","BOSS"],"build_version":"2019-01-23","purchased_purges":1,"victory":true,"max_hp_per_floor":[71,71,71,71,71,71,71,71,71,71,71,71,71,71,71,71,71,71,71,71,71,71,71,71,71,71,71,71,71,71,71,71,71,71,71,71,71,71,71,71,71,71,71,71,71,71,71,71,71,71],"card_choices":[{"not_picked":["Barrage","Conserve Battery"],"picked":"Leap","floor":1},{"not_picked":["Static Discharge","Undo"],"picked":"Cold Snap","floor":6},{"not_picked":["Recycle","Force Field","Sweeping Beam"],"picked":"SKIP","floor":8},{"not_picked":["Rebound","Compile Driver"],"picked":"Gash","floor":10},{"not_picked":["Streamline","Rebound"],"picked":"Coolheaded","floor":13},{"not_picked":["Aggregate","Loop"],"picked":"Chill","floor":14},{"not_picked":["Machine Learning","Buffer"],"picked":"Electrodynamics","floor":16},{"not_picked":["Beam Cell","Storm"],"picked":"Cold Snap","floor":17},{"not_picked":["Stack","Undo"],"picked":"Gash","floor":17},{"not_picked":["Steam","Steam Power"],"picked":"Coolheaded","floor":17},{"not_picked":["Steam","Compile Driver"],"picked":"Self Repair","floor":17},{"not_picked":["Reprogram","Steam"],"picked":"White Noise","floor":17},{"not_picked":["Scrape","Chaos","Steam"],"picked":"SKIP","floor":18},{"not_picked":["Ball Lightning","Fusion"],"picked":"Glacier","floor":22},{"not_picked":["Coolheaded","Loop+1"],"picked":"Gash+1","floor":27},{"not_picked":["Compile Driver","Go for the Eyes","Ball Lightning"],"picked":"SKIP","floor":31},{"not_picked":["Reboot","Multi-Cast"],"picked":"Seek","floor":33},{"not_picked":["White Noise","Rebound+1","Coolheaded+1"],"picked":"SKIP","floor":35},{"not_picked":["Cold Snap","Beam Cell"],"picked":"Gash","floor":36},{"not_picked":["Streamline","Hologram"],"picked":"All For One","floor":39},{"not_picked":["Barrage+1","Coolheaded","Genetic Algorithm+1"],"picked":"SKIP","floor":41},{"not_picked":["Impatience","Swift Strike"],"picked":"Trip","floor":44},{"not_picked":["Melter+1","Conserve Battery"],"picked":"Capacitor+1","floor":46},{"not_picked":["Cold Snap+1","White Noise+1","Doom and Gloom+1"],"picked":"SKIP","floor":48}],"player_experience":542191,"relics_obtained":[{"floor":6,"key":"Regal Pillow"},{"floor":9,"key":"Tiny Chest"},{"floor":11,"key":"Anchor"},{"floor":24,"key":"Nilry\u0027s Codex"},{"floor":26,"key":"Frozen Egg 2"},{"floor":29,"key":"Juzu Bracelet"},{"floor":36,"key":"Emotion Chip"},{"floor":43,"key":"Cables"}],"event_choices":[{"cards_removed":["Strike_B"],"damage_healed":0,"gold_gain":0,"player_choice":"Forget","damage_taken":0,"max_hp_gain":0,"max_hp_loss":0,"event_name":"Living Wall","floor":2,"gold_loss":0},{"cards_removed":["Defend_B"],"damage_healed":0,"gold_gain":0,"player_choice":"Card Removal","damage_taken":7,"max_hp_gain":0,"max_hp_loss":0,"event_name":"Golden Wing","floor":3,"gold_loss":0},{"damage_healed":0,"gold_gain":0,"player_choice":"Take Wound","damage_taken":0,"relics_obtained":["Golden Idol"],"max_hp_gain":0,"max_hp_loss":0,"event_name":"Golden Idol","floor":5,"gold_loss":0,"cards_obtained":["Injury"]},{"damage_healed":0,"gold_gain":0,"cards_transformed":["Strike_B","Strike_B"],"player_choice":"Became Test Subject","damage_taken":0,"max_hp_gain":0,"max_hp_loss":0,"event_name":"Drug Dealer","floor":19,"gold_loss":0,"cards_obtained":["Buffer","Reprogram"]},{"damage_healed":0,"gold_gain":0,"player_choice":"Read","damage_taken":0,"max_hp_gain":0,"max_hp_loss":0,"event_name":"The Library","floor":20,"gold_loss":0,"cards_obtained":["Hologram"]},{"damage_healed":0,"gold_gain":0,"player_choice":"Obtained Book","damage_taken":21,"max_hp_gain":0,"max_hp_loss":0,"event_name":"Cursed Tome","floor":24,"gold_loss":0},{"damage_healed":0,"gold_gain":0,"player_choice":"Ignored","damage_taken":0,"max_hp_gain":0,"max_hp_loss":0,"event_name":"Ghosts","floor":30,"gold_loss":0},{"damage_healed":0,"gold_gain":0,"player_choice":"Fight","damage_taken":0,"max_hp_gain":0,"max_hp_loss":0,"event_name":"MindBloom","floor":36,"gold_loss":0},{"damage_healed":0,"gold_gain":333,"player_choice":"Gave Idol","damage_taken":0,"max_hp_gain":0,"max_hp_loss":0,"event_name":"The Moai Head","floor":37,"relics_lost":["Golden Idol"],"gold_loss":0},{"damage_healed":0,"gold_gain":0,"player_choice":"Embrace Madness","damage_taken":13,"max_hp_gain":0,"max_hp_loss":0,"event_name":"Winding Halls","floor":38,"gold_loss":0,"cards_obtained":["Madness","Madness"]},{"damage_healed":0,"gold_gain":0,"player_choice":"Memory 1","damage_taken":0,"max_hp_gain":0,"max_hp_loss":0,"event_name":"SensoryStone","floor":44,"gold_loss":0},{"damage_healed":0,"gold_gain":0,"player_choice":"Paid","damage_taken":0,"relics_obtained":["Red Mask"],"max_hp_gain":0,"max_hp_loss":0,"event_name":"Tomb of Lord Red Mask","floor":47,"gold_loss":117}],"is_beta":false,"boss_relics":[{"not_picked":["White Beast Statue","Philosopher\u0027s Stone"],"picked":"Orrery"},{"not_picked":["Pandora\u0027s Box","Runic Pyramid"],"picked":"Eternal Feather"}],"items_purged_floors":[45],"is_endless":false,"potions_floor_spawned":[6,13,18,33,41,48],"ascension_level":15}