{"gold_per_floor":[127,139,151,163,194,206,276,298,360,372,398,444,471,483,495,609,621,645,675,697,326,425,425,425],"floor_reached":24,"playtime":979,"items_purged":[],"score":216,"play_id":"51b667a7-e32c-4953-b814-93cba9e07830","local_time":"20181006193636","is_ascension_mode":true,"campfire_choices":[{"data":"Zap","floor":6,"key":"SMITH"},{"data":"Dualcast","floor":10,"key":"SMITH"},{"floor":15,"key":"REST"},{"data":"Storm","floor":23,"key":"SMITH"}],"neow_cost":"NONE","seed_source_timestamp":1152677171514441,"circlet_count":0,"master_deck":["Strike_B","Strike_B","Strike_B","Defend_B","Defend_B","Defend_B","Zap+1","Dualcast+1","Sweeping Beam","Rip and Tear","Reboot","White Noise","Storm+1","Creative AI","White Noise+1","Aggregate+1","Self Repair"],"relics":["Cracked Core","MawBank","Tiny Chest","Pen Nib","Toxic Egg 2","Pocketwatch","Black Star","Bird Faced Urn"],"potions_floor_usage":[16,18],"damage_taken":[{"damage":3,"enemies":"Jaw Worm","floor":1,"turns":4},{"damage":0,"enemies":"Cultist","floor":5,"turns":2},{"damage":31,"enemies":"3 Sentries","floor":7,"turns":5},{"damage":0,"enemies":"2 Louse","floor":8,"turns":1},{"damage":5,"enemies":"Lots of Slimes","floor":11,"turns":2},{"damage":13,"enemies":"Lagavulin","floor":12,"turns":4},{"damage":5,"enemies":"Looter","floor":13,"turns":3},{"damage":39,"enemies":"Hexaghost","floor":16,"turns":9},{"damage":0,"enemies":"Spheric Guardian","floor":18,"turns":3},{"damage":16,"enemies":"Chosen","floor":19,"turns":5},{"damage":31,"enemies":"Sentry and Sphere","floor":20,"turns":4},{"damage":32,"enemies":"Slavers","floor":24,"turns":1}],"seed_played":"2898083742350704412","potions_obtained":[{"floor":5,"key":"Weak Potion"},{"floor":13,"key":"SteroidPotion"},{"floor":16,"key":"Strength Potion"},{"floor":19,"key":"Strength Potion"}],"is_trial":false,"path_per_floor":["M","?","$","?","M","R","E","M","T","R","M","E","M","?","R","B",null,"M","M","M","$","?","R"],"character_chosen":"DEFECT","items_purchased":["Bird Faced Urn","Self Repair"],"campfire_rested":1,"item_purchase_floors":[21,21],"current_hp_per_floor":[72,72,72,72,72,72,41,41,41,41,36,23,18,18,40,1,75,75,59,28,28,28,28,0],"gold":425,"neow_bonus":"RANDOM_COMMON_RELIC","is_prod":false,"is_daily":false,"chose_seed":false,"campfire_upgraded":3,"win_rate":0,"timestamp":1538847396,"path_taken":["M","?","?","?","M","R","E","M","T","R","M","E","?","?","R","BOSS","M","?","M","$","?","R","E"],"build_version":"2018-10-04v2","purchased_purges":0,"victory":false,"max_hp_per_floor":[75,75,75,75,75,75,75,75,75,75,75,75,75,75,75,75,75,75,75,75,75,75,75,75],"card_choices":[{"not_picked":["Streamline","Conserve Battery"],"picked":"Sweeping Beam","floor":1},{"not_picked":["Gash","Leap","Conserve Battery"],"picked":"SKIP","floor":5},{"not_picked":["Go for the Eyes","Compile Driver","Reprogram"],"picked":"SKIP","floor":7},{"not_picked":["Steam Power","Defragment"],"picked":"Reboot","floor":8},{"not_picked":["Leap","Defragment"],"picked":"White Noise","floor":11},{"not_picked":["Rip and Tear","Steam","Darkness"],"picked":"SKIP","floor":12},{"not_picked":["Barrage","Beam Cell"],"picked":"Storm","floor":13},{"not_picked":["Machine Learning","Rainbow+1"],"picked":"Creative AI","floor":16},{"not_picked":["Steam+1","Ball Lightning","Consume+1"],"picked":"SKIP","floor":18},{"not_picked":["Conserve Battery+1","Beam Cell"],"picked":"White Noise+1","floor":19},{"not_picked":["Blizzard","Go for the Eyes+1"],"picked":"Aggregate+1","floor":20}],"player_experience":218920,"relics_obtained":[{"floor":7,"key":"Tiny Chest"},{"floor":9,"key":"Pen Nib"},{"floor":12,"key":"Toxic Egg 2"}],"event_choices":[{"event_name":"Purifier","player_choice":"One Purge","floor":2,"damage_taken":0},{"event_name":"Transmorgrifier","player_choice":"Transform","floor":4,"damage_taken":0},{"event_name":"Dead Adventurer","player_choice":"Searched \u00271\u0027 times","floor":14,"damage_taken":0},{"event_name":"Nest","player_choice":"Stole From Cult","floor":22,"damage_taken":0}],"is_beta":false,"boss_relics":[{"not_picked":["Busted Crown","Orrery"],"picked":"Black Star"}],"items_purged_floors":[],"is_endless":false,"potions_floor_spawned":[5,13,16,19],"killed_by":"Slavers","ascension_level":1}