{"gold_per_floor":[112,112,125,125,144,144,218,143,143,143,143,166,166,185,185,185],"floor_reached":16,"playtime":512,"items_purged":["Strike_R"],"score":176,"play_id":"bed4eaf0-d893-4701-95c9-d8619ec4dc38","local_time":"20190206230824","is_ascension_mode":true,"campfire_choices":[{"data":"True Grit","floor":6,"key":"SMITH"},{"floor":10,"key":"REST"},{"floor":15,"key":"REST"}],"neow_cost":"NONE","seed_source_timestamp":14264111200000,"circlet_count":0,"master_deck":["AscendersBane","Strike_R","Strike_R","Strike_R","Strike_R","Defend_R","Defend_R","Defend_R","Defend_R","Bash","True Grit+1","Double Tap"],"relics":["Runic Pyramid","Golden Idol","Orichalcum","Pear"],"potions_floor_usage":[14,14],"damage_taken":[{"damage":2,"enemies":"Small Slimes","floor":1,"turns":7},{"damage":0,"enemies":"Jaw Worm","floor":3,"turns":6},{"damage":5,"enemies":"2 Louse","floor":5,"turns":4},{"damage":51,"enemies":"Gremlin Nob","floor":7,"turns":5},{"damage":7,"enemies":"Looter","floor":12,"turns":3},{"damage":3,"enemies":"Blue Slaver","floor":14,"turns":3},{"damage":63,"enemies":"Hexaghost","floor":16,"turns":10}],"seed_played":"-4356107138614953151","potions_obtained":[{"floor":3,"key":"Dexterity Potion"},{"floor":7,"key":"Poison Potion"}],"is_trial":false,"path_per_floor":["M","?","M","?","M","R","?","$","T","R","$","M","$","M","R","B"],"character_chosen":"IRONCLAD","items_purchased":[],"campfire_rested":2,"item_purchase_floors":[],"current_hp_per_floor":[66,66,66,66,61,61,10,10,20,43,43,36,36,33,56,0],"gold":185,"neow_bonus":"BOSS_RELIC","is_prod":false,"is_daily":false,"chose_seed":false,"campfire_upgraded":1,"win_rate":0,"timestamp":1549490904,"path_taken":["M","?","M","?","M","R","?","?","T","R","$","M","$","M","R","BOSS"],"build_version":"2019-01-23","purchased_purges":1,"victory":false,"max_hp_per_floor":[75,75,75,68,68,68,68,68,78,78,78,78,78,78,78,78],"card_choices":[{"not_picked":["Warcry","Cleave"],"picked":"True Grit","floor":1},{"not_picked":["Whirlwind","Pommel Strike","Cleave"],"picked":"SKIP","floor":3},{"not_picked":["Whirlwind","Pommel Strike","Cleave"],"picked":"SKIP","floor":3},{"not_picked":["Body Slam","Inflame","Offering"],"picked":"SKIP","floor":5},{"not_picked":["True Grit","Armaments","Flex"],"picked":"SKIP","floor":12},{"not_picked":["Evolve","Twin Strike"],"picked":"Double Tap","floor":14}],"player_experience":341498,"relics_obtained":[{"floor":7,"key":"Orichalcum"},{"floor":9,"key":"Pear"}],"event_choices":[{"damage_healed":0,"gold_gain":0,"player_choice":"Ignored","damage_taken":0,"max_hp_gain":0,"max_hp_loss":0,"event_name":"Liars Game","floor":2,"gold_loss":0},{"damage_healed":0,"gold_gain":0,"player_choice":"Lose Max HP","damage_taken":0,"relics_obtained":["Golden Idol"],"max_hp_gain":0,"max_hp_loss":7,"event_name":"Golden Idol","floor":4,"gold_loss":0},{"damage_healed":0,"gold_gain":0,"player_choice":"Searched \u00271\u0027 times","damage_taken":0,"max_hp_gain":0,"max_hp_loss":0,"event_name":"Dead Adventurer","floor":7,"gold_loss":0}],"is_beta":false,"boss_relics":[],"items_purged_floors":[8],"is_endless":false,"potions_floor_spawned":[3,7],"killed_by":"Hexaghost","ascension_level":19}