{"gold_per_floor":[117,132,143,155,155,167,190,218,230,242,281,293,305,333,345,457,469,498,525,548,573,605,617,646,658,738,750,762,824,836,848,860,975,987,1017,1029,1061,1085,1110,1122,1148,1160,1199,1211,1240,1252,1264,1621,1633,1740,1752,1779,1866,1878,1910,1872,1884,1912,1924,1936,1948,1976,1988,2016,1339,1339,1459,1459,1508,1423,1473,1489,1489,1489,1489,1489,1523,1523,1523,1543,1543,1668,1668,1798,1798,1814,1835,1835,1850,1875,1875,1894,1913,1954,1954,1954,1954,1970,1983,1983,2108,2108,2126,2144,2144,2168,2187,2187,2212,2212,2253,2253,2278,2297,2297,2320,2320,2444,2444,2463,2486,2486,958,978,978,997,997,1037,1037,1037,1053,1068,1068,1068,1192,1192,1211,1211,1121,1134,1134,1134,1153,1188,1221,1246,1246,1271,1290,1311,1311,1436,1436],"floor_reached":153,"playtime":4113,"items_purged":["Warcry","Pummel"],"score":4350,"play_id":"feb01ef0-6278-4ca8-9d4a-499d0f6c3edb","local_time":"20190201164740","daily_mods":["Draft","Vintage"],"is_ascension_mode":false,"campfire_choices":[{"data":"Searing Blow","floor":6.0,"key":"SMITH"},{"data":"Searing Blow+1","floor":10.0,"key":"SMITH"},{"data":"Searing Blow+2","floor":13.0,"key":"SMITH"},{"data":"Searing Blow+3","floor":15.0,"key":"SMITH"},{"data":"Searing Blow+4","floor":23.0,"key":"SMITH"},{"data":"Searing Blow+5","floor":27.0,"key":"SMITH"},{"data":"Searing Blow+6","floor":30.0,"key":"SMITH"},{"data":"Searing Blow+7","floor":32.0,"key":"SMITH"},{"data":"RitualDagger","floor":40.0,"key":"SMITH"},{"data":"Searing Blow+8","floor":42.0,"key":"SMITH"},{"data":"Searing Blow+9","floor":44.0,"key":"SMITH"},{"data":"Searing Blow+10","floor":46.0,"key":"SMITH"},{"data":"Searing Blow+11","floor":49.0,"key":"SMITH"},{"data":"Searing Blow+12","floor":57.0,"key":"SMITH"},{"data":"Searing Blow+14","floor":61.0,"key":"SMITH"},{"data":"Searing Blow+15","floor":66.0,"key":"SMITH"},{"data":"Searing Blow+16","floor":74.0,"key":"SMITH"},{"data":"Searing Blow+17","floor":76.0,"key":"SMITH"},{"data":"Searing Blow+18","floor":81.0,"key":"SMITH"},{"data":"Searing Blow+19","floor":83.0,"key":"SMITH"},{"data":"Searing Blow+20","floor":91.0,"key":"SMITH"},{"data":"Searing Blow+21","floor":95.0,"key":"SMITH"},{"data":"Searing Blow+22","floor":97.0,"key":"SMITH"},{"data":"Searing Blow+23","floor":100.0,"key":"SMITH"},{"data":"Searing Blow+24","floor":108.0,"key":"SMITH"},{"data":"Searing Blow+25","floor":110.0,"key":"SMITH"},{"data":"Searing Blow+26","floor":112.0,"key":"SMITH"},{"data":"Searing Blow+27","floor":115.0,"key":"SMITH"},{"data":"Searing Blow+28","floor":117.0,"key":"SMITH"},{"data":"Searing Blow+29","floor":125.0,"key":"SMITH"},{"data":"Searing Blow+30","floor":127.0,"key":"SMITH"},{"data":"Searing Blow+31","floor":129.0,"key":"SMITH"},{"data":"Searing Blow+32","floor":134.0,"key":"SMITH"},{"data":"Searing Blow+33","floor":142.0,"key":"SMITH"},{"data":"Searing Blow+34","floor":147.0,"key":"SMITH"},{"data":"Searing Blow+35","floor":151.0,"key":"SMITH"}],"neow_cost":"","seed_source_timestamp":0,"circlet_count":2,"master_deck":["Armaments+1","Burning Pact","Searing Blow+36","Iron Wave+1","Headbutt","RitualDagger+1","Exhume+1"],"special_seed":0,"relics":["Black Blood","Champion Belt","Darkstone Periapt","Pear","Dream Catcher","MawBank","Ice Cream","Blood Vial","Bottled Lightning","Ornamental Fan","Nunchaku","Runic Cube","Sundial","Regal Pillow","Du-Vu Doll","Bag of Preparation","Juzu Bracelet","Omamori","Blue Candle","Lizard Tail","Bag of Marbles","Pen Nib","Ancient Tea Set","Question Card","Lantern","Bronze Scales","Anchor","Old Coin","Busted Crown","Letter Opener","Odd Mushroom","Red Skull","Golden Idol","Whetstone","Toxic Egg 2","Art of War","Bottled Flame","Happy Flower","Shuriken","Brimstone","Eternal Feather","Tiny Chest","Centennial Puzzle","Molten Egg 2","Necronomicon","Vajra","Turnip","Dodecahedron","Cursed Key","Strawberry","Orichalcum","Prayer Wheel","Smiling Mask","Mummified Hand","Pantograph","PreservedInsect","Girya","Empty Cage","Pocketwatch","Potion Belt","Self Forming Clay","The Courier","Ginger","Gremlin Horn","Boot","Paper Frog","Runic Dome","Mercury Hourglass","Kunai","Singing Bowl","Medical Kit","Oddly Smooth Stone","Thread and Needle","Mango","Magic Flower","Calipers","Shovel","Incense Burner","StoneCalendar","FossilizedHelix","Torii","Gambling Chip","Dead Branch","WingedGreaves","Unceasing Top","Bird Faced Urn","Circlet","Coffee Dripper"],"potions_floor_usage":[],"damage_taken":[{"damage":0.0,"enemies":"2 Louse","floor":1.0,"turns":1.0},{"damage":0.0,"enemies":"Jaw Worm","floor":2.0,"turns":3.0},{"damage":0.0,"enemies":"Small Slimes","floor":3.0,"turns":4.0},{"damage":6.0,"enemies":"Gremlin Gang","floor":4.0,"turns":2.0},{"damage":19.0,"enemies":"Exordium Wildlife","floor":7.0,"turns":6.0},{"damage":6.0,"enemies":"Looter","floor":8.0,"turns":3.0},{"damage":20.0,"enemies":"Gremlin Nob","floor":11.0,"turns":4.0},{"damage":5.0,"enemies":"3 Louse","floor":14.0,"turns":2.0},{"damage":49.0,"enemies":"Hexaghost","floor":16.0,"turns":9.0},{"damage":3.0,"enemies":"Chosen","floor":18.0,"turns":4.0},{"damage":9.0,"enemies":"3 Byrds","floor":19.0,"turns":4.0},{"damage":12.0,"enemies":"3 Cultists","floor":20.0,"turns":5.0},{"damage":17.0,"enemies":"Snake Plant","floor":21.0,"turns":3.0},{"damage":27.0,"enemies":"Sentry and Sphere","floor":22.0,"turns":4.0},{"damage":21.0,"enemies":"Shelled Parasite and Fungi","floor":24.0,"turns":4.0},{"damage":22.0,"enemies":"Collector","floor":33.0,"turns":6.0},{"damage":20.0,"enemies":"3 Darklings","floor":35.0,"turns":7.0},{"damage":0.0,"enemies":"Orb Walker","floor":37.0,"turns":1.0},{"damage":21.0,"enemies":"Sphere and 2 Shapes","floor":38.0,"turns":4.0},{"damage":1.0,"enemies":"3 Darklings","floor":39.0,"turns":5.0},{"damage":7.0,"enemies":"4 Shapes","floor":41.0,"turns":3.0},{"damage":4.0,"enemies":"Writhing Mass","floor":45.0,"turns":4.0},{"damage":14.0,"enemies":"2 Orb Walkers","floor":48.0,"turns":4.0},{"damage":56.0,"enemies":"Donu and Deca","floor":50.0,"turns":6.0},{"damage":0.0,"enemies":"Jaw Worm","floor":52.0,"turns":1.0},{"damage":0.0,"enemies":"The Mushroom Lair","floor":55.0,"turns":2.0},{"damage":0.0,"enemies":"2 Louse","floor":58.0,"turns":2.0},{"damage":0.0,"enemies":"Small Slimes","floor":62.0,"turns":1.0},{"damage":0.0,"enemies":"3 Louse","floor":64.0,"turns":2.0},{"damage":0.0,"enemies":"Hexaghost","floor":67.0,"turns":2.0},{"damage":0.0,"enemies":"Spheric Guardian","floor":69.0,"turns":1.0},{"damage":0.0,"enemies":"Shell Parasite","floor":72.0,"turns":1.0},{"damage":0.0,"enemies":"Slavers","floor":77.0,"turns":2.0},{"damage":0.0,"enemies":"Shelled Parasite and Fungi","floor":80.0,"turns":1.0},{"damage":0.0,"enemies":"Colosseum Slavers","floor":82.0,"turns":1.0},{"damage":0.0,"enemies":"Colosseum Nobs","floor":82.0,"turns":1.0},{"damage":48.0,"enemies":"Collector","floor":84.0,"turns":3.0},{"damage":0.0,"enemies":"3 Shapes","floor":86.0,"turns":1.0},{"damage":0.0,"enemies":"Orb Walker","floor":87.0,"turns":1.0},{"damage":0.0,"enemies":"Jaw Worm Horde","floor":89.0,"turns":1.0},{"damage":0.0,"enemies":"4 Shapes","floor":90.0,"turns":1.0},{"damage":0.0,"enemies":"Spire Growth","floor":92.0,"turns":1.0},{"damage":0.0,"enemies":"Maw","floor":93.0,"turns":1.0},{"damage":0.0,"enemies":"Giant Head","floor":94.0,"turns":1.0},{"damage":0.0,"enemies":"3 Darklings","floor":98.0,"turns":1.0},{"damage":0.0,"enemies":"Spire Growth","floor":99.0,"turns":1.0},{"damage":0.0,"enemies":"Awakened One","floor":101.0,"turns":2.0},{"damage":0.0,"enemies":"Cultist","floor":103.0,"turns":1.0},{"damage":0.0,"enemies":"2 Louse","floor":104.0,"turns":1.0},{"damage":0.0,"enemies":"Jaw Worm","floor":106.0,"turns":1.0},{"damage":0.0,"enemies":"3 Louse","floor":107.0,"turns":1.0},{"damage":0.0,"enemies":"Exordium Thugs","floor":109.0,"turns":1.0},{"damage":0.0,"enemies":"3 Sentries","floor":111.0,"turns":1.0},{"damage":0.0,"enemies":"2 Fungi Beasts","floor":113.0,"turns":1.0},{"damage":0.0,"enemies":"Large Slime","floor":114.0,"turns":1.0},{"damage":0.0,"enemies":"3 Louse","floor":116.0,"turns":1.0},{"damage":0.0,"enemies":"The Guardian","floor":118.0,"turns":1.0},{"damage":0.0,"enemies":"Chosen","floor":120.0,"turns":1.0},{"damage":0.0,"enemies":"Shell Parasite","floor":121.0,"turns":1.0},{"damage":0.0,"enemies":"Snecko","floor":124.0,"turns":1.0},{"damage":0.0,"enemies":"3 Cultists","floor":126.0,"turns":1.0},{"damage":0.0,"enemies":"Gremlin Leader","floor":128.0,"turns":1.0},{"damage":0.0,"enemies":"Sentry and Sphere","floor":131.0,"turns":1.0},{"damage":0.0,"enemies":"Chosen and Byrds","floor":132.0,"turns":1.0},{"damage":0.0,"enemies":"Collector","floor":135.0,"turns":1.0},{"damage":0.0,"enemies":"Orb Walker","floor":137.0,"turns":1.0},{"damage":0.0,"enemies":"3 Darklings","floor":140.0,"turns":1.0},{"damage":0.0,"enemies":"4 Shapes","floor":143.0,"turns":1.0},{"damage":0.0,"enemies":"Giant Head","floor":144.0,"turns":1.0},{"damage":0.0,"enemies":"Nemesis","floor":145.0,"turns":1.0},{"damage":0.0,"enemies":"Transient","floor":146.0,"turns":1.0},{"damage":0.0,"enemies":"Jaw Worm Horde","floor":148.0,"turns":1.0},{"damage":0.0,"enemies":"Spire Growth","floor":149.0,"turns":1.0},{"damage":0.0,"enemies":"Transient","floor":150.0,"turns":1.0},{"damage":0.0,"enemies":"Awakened One","floor":152.0,"turns":2.0}],"seed_played":"-6922088437475942339","potions_obtained":[{"floor":2.0,"key":"Ancient Potion"},{"floor":8.0,"key":"EssenceOfSteel"},{"floor":11.0,"key":"PowerPotion"},{"floor":14.0,"key":"Block Potion"},{"floor":37.0,"key":"Block Potion"},{"floor":41.0,"key":"Block Potion"},{"floor":52.0,"key":"Fruit Juice"},{"floor":103.0,"key":"SteroidPotion"},{"floor":109.0,"key":"Fire Potion"},{"floor":111.0,"key":"Swift Potion"},{"floor":152.0,"key":"FairyPotion"}],"is_trial":true,"path_per_floor":["M","M","M","M","?","R","M","M","T","R","E","?","R","M","R","B",null,"M","M","M","M","M","R","M","?","T","R","?","?","R","?","R","B",null,"M","?","M","M","M","R","M","R","T","R","M","R","?","?","R","B",null,"M","?","?","?","?","R","M","?","T","R","M","?","M","$","R","B",null,"M","?","?","M","?","R","?","R","E","?","?","M","R","?","R","B",null,"M","M","?","M","M","R","M","M","E","R","?","R","M","M","R","B",null,"M","M","?","M","M","R","M","R","E","R","M","M","R","M","R","B",null,"M","M","?","$","M","R","M","R","E","R","?","M","M","?","R","B",null,"M","?","?","M","?","R","M","E","E","M","R","M","M","M","R","B",null],"character_chosen":"IRONCLAD","items_purchased":["Happy Flower","Shuriken","Brimstone","Medical Kit","Oddly Smooth Stone","Thread and Needle","Mango","Magic Flower","Calipers","Shovel"],"campfire_rested":0,"item_purchase_floors":[65,65,65,123,123,123,123,123,123,123],"current_hp_per_floor":[80,80,90,90,87,87,74,74,74,74,62,62,62,65,65,24,90,90,87,83,74,55,55,42,42,42,42,36,36,36,36,36,22,90,76,76,84,71,78,78,79,79,79,79,83,83,83,77,77,29,85,85,74,74,82,82,82,85,64,64,64,72,69,77,77,77,85,85,85,85,85,85,85,85,69,75,83,83,83,85,85,85,85,43,85,92,92,92,92,92,92,92,92,92,92,87,87,87,87,87,92,92,92,92,92,92,92,92,92,92,92,92,92,92,92,92,92,92,92,92,92,92,106,106,106,106,106,108,108,108,108,108,86,89,115,115,115,117,117,117,117,117,117,119,121,121,121,121,121,121,121,123,123],"gold":1436,"neow_bonus":"","is_prod":false,"is_daily":false,"chose_seed":false,"campfire_upgraded":36,"win_rate":0,"timestamp":1549036060,"path_taken":["M","M","M","M","?","R","M","M","T","R","E","?","R","M","R","BOSS","M","M","M","M","M","R","M","?","T","R","?","?","R","?","R","BOSS","M","?","M","M","M","R","M","R","T","R","M","R","?","?","R","BOSS","M","?","?","?","?","R","M","?","T","R","M","?","M","?","R","BOSS","M","?","?","M","?","R","?","R","E","?","?","M","R","?","R","BOSS","M","M","?","M","M","R","M","M","E","R","?","R","M","M","R","BOSS","M","M","?","M","M","R","M","R","E","R","M","M","R","M","R","BOSS","M","M","?","$","M","R","M","R","E","R","?","M","M","?","R","BOSS","M","?","?","M","?","R","M","E","E","M","R","M","M","M","R","BOSS"],"build_version":"2019-01-23","purchased_purges":2,"victory":false,"max_hp_per_floor":[80,80,90,90,90,90,90,90,90,90,90,90,90,90,90,90,90,90,90,90,90,90,90,90,90,90,90,90,90,90,90,90,90,90,90,90,90,90,90,90,90,90,90,90,90,90,85,85,85,85,85,85,85,85,85,85,85,85,85,85,85,85,85,85,85,85,85,85,85,85,85,85,85,85,85,85,85,85,85,85,85,85,85,85,85,92,92,92,92,92,92,92,92,92,92,87,87,87,87,87,92,92,92,92,92,92,92,92,92,92,92,92,92,92,92,92,92,92,92,92,92,92,106,106,106,106,106,108,108,108,108,108,113,113,115,115,115,117,117,117,117,117,117,119,121,121,121,121,121,121,121,123,123],"card_choices":[{"not_picked":["Second Wind","Iron Wave"],"picked":"Armaments","floor":0.0},{"not_picked":["Sever Soul","True Grit"],"picked":"Warcry","floor":0.0},{"not_picked":["Perfected Strike","Reckless Charge"],"picked":"Pommel Strike","floor":0.0},{"not_picked":["Bloodletting","Anger"],"picked":"True Grit","floor":0.0},{"not_picked":["Clothesline","Wild Strike"],"picked":"Warcry","floor":0.0},{"not_picked":["Reckless Charge","Twin Strike"],"picked":"Rage","floor":0.0},{"not_picked":["Wild Strike","Power Through"],"picked":"Pummel","floor":0.0},{"not_picked":["Dual Wield","Shrug It Off"],"picked":"Burning Pact","floor":0.0},{"not_picked":["Uppercut","Iron Wave"],"picked":"Searing Blow","floor":0.0},{"not_picked":["Whirlwind","Body Slam"],"picked":"Iron Wave","floor":0.0},{"not_picked":["Heavy Blade","Clothesline"],"picked":"Cleave","floor":0.0},{"not_picked":["Sword Boomerang","Perfected Strike"],"picked":"Shrug It Off","floor":0.0},{"not_picked":["Wild Strike","Cleave"],"picked":"Headbutt","floor":0.0},{"not_picked":["Perfected Strike","Searing Blow"],"picked":"Body Slam","floor":0.0},{"not_picked":["Anger","Rampage"],"picked":"Cleave","floor":0.0},{"not_picked":["Iron Wave","Corruption","Headbutt"],"picked":"SKIP","floor":11.0},{"not_picked":["Fiend Fire"],"picked":"Exhume+1","floor":67.0},{"not_picked":["Twin Strike+1","Iron Wave+1"],"picked":"SKIP","floor":77.0},{"not_picked":["Thunderclap+1","Perfected Strike+1"],"picked":"SKIP","floor":94.0},{"not_picked":["Intimidate+1","Second Wind+1"],"picked":"SKIP","floor":111.0},{"not_picked":["Rampage+1","Corruption+1"],"picked":"Singing Bowl","floor":128.0},{"not_picked":["Reaper+1","Feed+1"],"picked":"Singing Bowl","floor":135.0},{"not_picked":["Sadistic Nature","Bandage Up+1"],"picked":"Singing Bowl","floor":138.0},{"not_picked":["Warcry+1","Clash+1"],"picked":"Singing Bowl","floor":144.0},{"not_picked":["Spot Weakness+1","Perfected Strike+1"],"picked":"Singing Bowl","floor":145.0},{"not_picked":["Bludgeon+1","Impervious+1"],"picked":"Singing Bowl","floor":152.0}],"player_experience":294990,"relics_obtained":[{"floor":1.0,"key":"Champion Belt"},{"floor":2.0,"key":"Darkstone Periapt"},{"floor":3.0,"key":"Pear"},{"floor":4.0,"key":"Dream Catcher"},{"floor":7.0,"key":"Ice Cream"},{"floor":8.0,"key":"Blood Vial"},{"floor":9.0,"key":"Bottled Lightning"},{"floor":11.0,"key":"Ornamental Fan"},{"floor":14.0,"key":"Nunchaku"},{"floor":18.0,"key":"Sundial"},{"floor":19.0,"key":"Regal Pillow"},{"floor":20.0,"key":"Du-Vu Doll"},{"floor":21.0,"key":"Bag of Preparation"},{"floor":22.0,"key":"Juzu Bracelet"},{"floor":24.0,"key":"Omamori"},{"floor":26.0,"key":"Blue Candle"},{"floor":35.0,"key":"Bag of Marbles"},{"floor":37.0,"key":"Pen Nib"},{"floor":38.0,"key":"Ancient Tea Set"},{"floor":39.0,"key":"Question Card"},{"floor":41.0,"key":"Lantern"},{"floor":43.0,"key":"Bronze Scales"},{"floor":45.0,"key":"Anchor"},{"floor":48.0,"key":"Old Coin"},{"floor":52.0,"key":"Letter Opener"},{"floor":55.0,"key":"Odd Mushroom"},{"floor":58.0,"key":"Red Skull"},{"floor":60.0,"key":"Whetstone"},{"floor":62.0,"key":"Toxic Egg 2"},{"floor":64.0,"key":"Bottled Flame"},{"floor":69.0,"key":"Tiny Chest"},{"floor":72.0,"key":"Molten Egg 2"},{"floor":75.0,"key":"Necronomicon"},{"floor":80.0,"key":"Vajra"},{"floor":82.0,"key":"Turnip"},{"floor":82.0,"key":"Dodecahedron"},{"floor":86.0,"key":"Strawberry"},{"floor":87.0,"key":"Orichalcum"},{"floor":89.0,"key":"Prayer Wheel"},{"floor":90.0,"key":"Smiling Mask"},{"floor":92.0,"key":"Mummified Hand"},{"floor":93.0,"key":"Pantograph"},{"floor":98.0,"key":"PreservedInsect"},{"floor":99.0,"key":"Girya"},{"floor":103.0,"key":"Pocketwatch"},{"floor":104.0,"key":"Potion Belt"},{"floor":106.0,"key":"Self Forming Clay"},{"floor":107.0,"key":"The Courier"},{"floor":109.0,"key":"Ginger"},{"floor":113.0,"key":"Gremlin Horn"},{"floor":114.0,"key":"Boot"},{"floor":116.0,"key":"Paper Frog"},{"floor":120.0,"key":"Mercury Hourglass"},{"floor":121.0,"key":"Kunai"},{"floor":124.0,"key":"Incense Burner"},{"floor":126.0,"key":"StoneCalendar"},{"floor":131.0,"key":"FossilizedHelix"},{"floor":132.0,"key":"Torii"},{"floor":137.0,"key":"Gambling Chip"},{"floor":140.0,"key":"Dead Branch"},{"floor":143.0,"key":"WingedGreaves"},{"floor":146.0,"key":"Unceasing Top"},{"floor":148.0,"key":"Bird Faced Urn"},{"floor":149.0,"key":"Circlet"},{"floor":150.0,"key":"Circlet"}],"event_choices":[{"damage_healed":0.0,"max_hp_gain":0.0,"max_hp_loss":0.0,"gold_gain":0.0,"event_name":"Scrap Ooze","player_choice":"Success","floor":5.0,"gold_loss":0.0,"damage_taken":3.0,"relics_obtained":["MawBank"]},{"damage_healed":0.0,"max_hp_gain":0.0,"max_hp_loss":0.0,"gold_gain":0.0,"event_name":"Liars Game","player_choice":"Ignored","floor":12.0,"gold_loss":0.0,"damage_taken":0.0},{"damage_healed":0.0,"max_hp_gain":0.0,"max_hp_loss":0.0,"gold_gain":0.0,"event_name":"The Mausoleum","player_choice":"Ignored","floor":25.0,"gold_loss":0.0,"damage_taken":0.0},{"damage_healed":0.0,"max_hp_gain":0.0,"max_hp_loss":0.0,"gold_gain":0.0,"event_name":"Nest","player_choice":"Joined the Cult","floor":28.0,"gold_loss":0.0,"damage_taken":6.0,"cards_obtained":["RitualDagger"]},{"damage_healed":0.0,"max_hp_gain":0.0,"max_hp_loss":0.0,"gold_gain":100.0,"event_name":"The Joust","player_choice":"Bet on Murderer","floor":29.0,"gold_loss":50.0,"damage_taken":0.0},{"damage_healed":0.0,"max_hp_gain":0.0,"max_hp_loss":0.0,"gold_gain":0.0,"event_name":"Vampires","player_choice":"Ignored","floor":31.0,"gold_loss":0.0,"damage_taken":0.0},{"cards_removed":["Cleave"],"damage_healed":0.0,"max_hp_gain":0.0,"max_hp_loss":0.0,"gold_gain":0.0,"event_name":"Falling","player_choice":"Removed Attack","floor":36.0,"gold_loss":0.0,"damage_taken":0.0},{"damage_healed":0.0,"max_hp_gain":0.0,"max_hp_loss":5.0,"gold_gain":0.0,"event_name":"Winding Halls","player_choice":"Max HP","floor":47.0,"gold_loss":0.0,"damage_taken":0.0},{"damage_healed":0.0,"max_hp_gain":0.0,"max_hp_loss":0.0,"gold_gain":0.0,"event_name":"Mysterious Sphere","player_choice":"Fight","floor":48.0,"gold_loss":0.0,"damage_taken":0.0},{"damage_healed":0.0,"max_hp_gain":0.0,"max_hp_loss":0.0,"gold_gain":75.0,"event_name":"World of Goop","player_choice":"Gather Gold","floor":53.0,"gold_loss":0.0,"damage_taken":11.0},{"damage_healed":0.0,"max_hp_gain":0.0,"max_hp_loss":0.0,"gold_gain":0.0,"event_name":"Wheel of Change","player_choice":"Cursed","floor":54.0,"gold_loss":0.0,"damage_taken":0.0,"cards_obtained":["Decay"]},{"damage_healed":0.0,"max_hp_gain":0.0,"max_hp_loss":0.0,"gold_gain":0.0,"event_name":"Mushrooms","player_choice":"Fought Mushrooms","floor":55.0,"gold_loss":0.0,"damage_taken":0.0},{"cards_removed":["Warcry"],"damage_healed":0.0,"max_hp_gain":0.0,"max_hp_loss":0.0,"gold_gain":0.0,"event_name":"The Cleric","player_choice":"Card Removal","floor":56.0,"gold_loss":50.0,"damage_taken":0.0},{"damage_healed":0.0,"max_hp_gain":0.0,"max_hp_loss":0.0,"gold_gain":0.0,"event_name":"Golden Idol","player_choice":"Take Damage","floor":59.0,"gold_loss":0.0,"damage_taken":21.0,"relics_obtained":["Golden Idol"]},{"damage_healed":0.0,"max_hp_gain":0.0,"max_hp_loss":0.0,"gold_gain":0.0,"event_name":"Scrap Ooze","player_choice":"Success","floor":63.0,"gold_loss":0.0,"damage_taken":3.0,"relics_obtained":["Art of War"]},{"damage_healed":0.0,"max_hp_gain":0.0,"max_hp_loss":0.0,"gold_gain":0.0,"event_name":"Addict","player_choice":"Obtained Relic","floor":70.0,"gold_loss":85.0,"damage_taken":0.0,"relics_obtained":["Centennial Puzzle"]},{"damage_healed":0.0,"max_hp_gain":0.0,"max_hp_loss":0.0,"gold_gain":100.0,"event_name":"The Joust","player_choice":"Bet on Murderer","floor":71.0,"gold_loss":50.0,"damage_taken":0.0},{"damage_healed":0.0,"max_hp_gain":0.0,"max_hp_loss":0.0,"gold_gain":0.0,"event_name":"Beggar","player_choice":"Ignored","floor":73.0,"gold_loss":0.0,"damage_taken":0.0},{"damage_healed":0.0,"max_hp_gain":0.0,"max_hp_loss":0.0,"gold_gain":0.0,"event_name":"Cursed Tome","player_choice":"Obtained Book","floor":75.0,"gold_loss":0.0,"damage_taken":16.0},{"damage_healed":0.0,"max_hp_gain":0.0,"max_hp_loss":0.0,"gold_gain":0.0,"event_name":"Ghosts","player_choice":"Ignored","floor":78.0,"gold_loss":0.0,"damage_taken":0.0},{"damage_healed":0.0,"max_hp_gain":0.0,"max_hp_loss":0.0,"gold_gain":0.0,"event_name":"Duplicator","player_choice":"Ignored","floor":79.0,"gold_loss":0.0,"damage_taken":0.0},{"damage_healed":0.0,"max_hp_gain":0.0,"max_hp_loss":0.0,"gold_gain":0.0,"event_name":"Colosseum","player_choice":"Fight","floor":82.0,"gold_loss":0.0,"damage_taken":0.0},{"damage_healed":0.0,"max_hp_gain":0.0,"max_hp_loss":0.0,"gold_gain":0.0,"event_name":"Colosseum","player_choice":"Fought Nobs","floor":82.0,"gold_loss":0.0,"damage_taken":0.0},{"damage_healed":0.0,"max_hp_gain":0.0,"max_hp_loss":0.0,"gold_gain":0.0,"event_name":"SensoryStone","player_choice":"Memory 1","floor":88.0,"gold_loss":0.0,"damage_taken":0.0},{"damage_healed":0.0,"max_hp_gain":0.0,"max_hp_loss":5.0,"gold_gain":0.0,"event_name":"Winding Halls","player_choice":"Max HP","floor":96.0,"gold_loss":0.0,"damage_taken":0.0},{"cards_removed":["Cleave"],"damage_healed":0.0,"max_hp_gain":0.0,"max_hp_loss":0.0,"gold_gain":0.0,"event_name":"Living Wall","player_choice":"Forget","floor":105.0,"gold_loss":0.0,"damage_taken":0.0},{"cards_removed":["Shrug It Off"],"damage_healed":0.0,"max_hp_gain":0.0,"max_hp_loss":0.0,"gold_gain":0.0,"event_name":"WeMeetAgain","player_choice":"Gave Card","floor":122.0,"gold_loss":0.0,"damage_taken":0.0,"relics_obtained":["Singing Bowl"]},{"damage_healed":0.0,"max_hp_gain":0.0,"max_hp_loss":0.0,"gold_gain":0.0,"event_name":"Vampires","player_choice":"Ignored","floor":130.0,"gold_loss":0.0,"damage_taken":0.0},{"damage_healed":0.0,"max_hp_gain":5.0,"max_hp_loss":0.0,"gold_gain":0.0,"event_name":"Forgotten Altar","player_choice":"Shed Blood","floor":133.0,"gold_loss":0.0,"damage_taken":27.0},{"damage_healed":0.0,"max_hp_gain":0.0,"max_hp_loss":0.0,"gold_gain":0.0,"event_name":"SensoryStone","player_choice":"Memory 1","floor":138.0,"gold_loss":0.0,"damage_taken":0.0},{"cards_removed":["Body Slam"],"damage_healed":0.0,"max_hp_gain":0.0,"max_hp_loss":0.0,"gold_gain":0.0,"event_name":"Designer","player_choice":"Upgrade and Remove","floor":139.0,"gold_loss":90.0,"damage_taken":0.0,"cards_upgraded":["Armaments"]},{"cards_removed":["Pommel Strike"],"damage_healed":0.0,"max_hp_gain":0.0,"max_hp_loss":0.0,"gold_gain":0.0,"event_name":"Falling","player_choice":"Removed Attack","floor":141.0,"gold_loss":0.0,"damage_taken":0.0}],"is_beta":false,"boss_relics":[{"not_picked":["Ectoplasm","Calling Bell"],"picked":"Runic Cube"},{"not_picked":["White Beast Statue","Astrolabe"],"picked":"Lizard Tail"},{"not_picked":["Tiny House","Sozu"],"picked":"Busted Crown"},{"not_picked":["Snecko Eye","Astrolabe"],"picked":"Eternal Feather"},{"not_picked":["Velvet Choker","Sozu"],"picked":"Cursed Key"},{"not_picked":["Runic Pyramid","Runic Dome"],"picked":"Empty Cage"},{"not_picked":["Sozu","Ectoplasm"],"picked":"Runic Dome"},{"not_picked":["Orrery","Calling Bell"],"picked":"Black Blood"},{"not_picked":["Fusion Hammer","Black Star"],"picked":"Coffee Dripper"}],"items_purged_floors":[65,123],"is_endless":true,"potions_floor_spawned":[2,8,11,14,19,21,37,41,50,52,58,67,72,82,84,87,90,92,99,101,103,109,111,113,121,124,132,144,145,149,150,152],"ascension_level":0}