{"gold_per_floor":[115,127,127,137,137,170,95,95,144,157,57,57,57],"floor_reached":13,"playtime":738,"items_purged":["Strike_R","Strike_R"],"score":91,"play_id":"500c4286-6c70-4078-aed2-f0a4a48c0c25","local_time":"20190217162614","is_ascension_mode":true,"campfire_choices":[{"floor":8,"key":"REST"}],"neow_cost":"NONE","seed_source_timestamp":284858829781263,"circlet_count":0,"master_deck":["Strike_R","Strike_R","Strike_R","Defend_R","Defend_R","Defend_R","Defend_R","Bash","True Grit+1"],"relics":["Burning Blood","Boot","Juzu Bracelet"],"potions_floor_usage":[],"damage_taken":[{"damage":9,"enemies":"2 Louse","floor":1,"turns":4},{"damage":6,"enemies":"Cultist","floor":2,"turns":3},{"damage":11,"enemies":"Small Slimes","floor":4,"turns":4},{"damage":47,"enemies":"Gremlin Nob","floor":6,"turns":6},{"damage":6,"enemies":"Blue Slaver","floor":10,"turns":6},{"damage":74,"enemies":"3 Sentries","floor":13,"turns":14}],"seed_played":"-8269841466975150345","potions_obtained":[{"floor":6,"key":"SteroidPotion"}],"is_trial":false,"path_per_floor":["M","M","?","M","?","E","$","R","T","M","$","?","E"],"character_chosen":"IRONCLAD","items_purchased":[],"campfire_rested":1,"item_purchase_floors":[],"current_hp_per_floor":[85,85,85,80,80,39,39,65,65,65,65,70,0],"gold":57,"neow_bonus":"TEN_PERCENT_HP_BONUS","is_prod":false,"is_daily":false,"chose_seed":false,"campfire_upgraded":0,"win_rate":0,"timestamp":1550388374,"path_taken":["M","M","?","?","?","E","$","R","T","M","$","?","E"],"build_version":"2019-01-23","purchased_purges":2,"victory":false,"max_hp_per_floor":[88,88,88,88,88,88,88,88,88,88,88,93,93],"card_choices":[{"not_picked":["Clothesline","Thunderclap","Anger"],"picked":"SKIP","floor":1},{"not_picked":["Infernal Blade","Sword Boomerang"],"picked":"True Grit","floor":2},{"not_picked":["Flex","Spot Weakness","Sword Boomerang"],"picked":"SKIP","floor":4},{"not_picked":["Carnage","Clash","Sword Boomerang"],"picked":"SKIP","floor":6},{"not_picked":["Bloodletting","Fire Breathing","Spot Weakness"],"picked":"SKIP","floor":10}],"player_experience":92291,"relics_obtained":[{"floor":6,"key":"Boot"},{"floor":9,"key":"Juzu Bracelet"}],"event_choices":[{"damage_healed":0,"gold_gain":0,"player_choice":"Forge","damage_taken":0,"max_hp_gain":0,"max_hp_loss":0,"event_name":"Accursed Blacksmith","floor":3,"gold_loss":0,"cards_upgraded":["True Grit"]},{"damage_healed":0,"gold_gain":0,"player_choice":"Ignored","damage_taken":0,"max_hp_gain":0,"max_hp_loss":0,"event_name":"Liars Game","floor":5,"gold_loss":0},{"damage_healed":0,"gold_gain":0,"player_choice":"Donut","damage_taken":0,"max_hp_gain":5,"max_hp_loss":0,"event_name":"Big Fish","floor":12,"gold_loss":0}],"is_beta":false,"boss_relics":[],"items_purged_floors":[7,11],"is_endless":false,"potions_floor_spawned":[6],"killed_by":"3 Sentries","ascension_level":2}