{"gold_per_floor":[110,110,188,201,12,41,57,90,116,130,130,142,175,189,189,288,288,302,302,322,87,97,97,97,117,117,36,36,56,56,56,56,56],"floor_reached":33,"playtime":2296,"items_purged":[],"score":328,"play_id":"38c483eb-a689-4a56-8eea-e8c7c50859f4","local_time":"20181024174845","is_ascension_mode":true,"campfire_choices":[{"data":"Metamorphosis","floor":11,"key":"SMITH"},{"floor":15,"key":"REST"},{"floor":24,"key":"REST"},{"floor":30,"key":"REST"},{"floor":32,"key":"REST"}],"neow_cost":"NONE","seed_source_timestamp":156402548093149,"circlet_count":0,"master_deck":["Defend_G","Defend_G","Defend_G","Defend_G","Defend_G","Strike_G","Strike_G","Strike_G","Strike_G","Strike_G","Survivor","Neutralize","Choke+1","Outmaneuver","Metamorphosis+1","Dagger Spray","Prepared","Backflip","Infinite Blades","Prepared","All Out Attack","Underhanded Strike","Night Terror+1","Blade Dance+1","Noxious Fumes+1","Well Laid Plans","Blade Dance+1","Dodge and Roll+1","Terror+1","Burst+1"],"relics":["Ring of the Snake","NeowsBlessing","Pen Nib","Smiling Mask","Orichalcum","Toxic Egg 2","WristBlade","Lee\u0027s Waffle","Paper Crane"],"potions_floor_usage":[8,12,13,16,23],"damage_taken":[{"damage":0,"enemies":"Jaw Worm","floor":1,"turns":1},{"damage":0,"enemies":"Small Slimes","floor":4,"turns":1},{"damage":0,"enemies":"Lagavulin","floor":6,"turns":1},{"damage":9,"enemies":"Cultist","floor":7,"turns":4},{"damage":13,"enemies":"3 Sentries","floor":8,"turns":4},{"damage":7,"enemies":"Exordium Thugs","floor":10,"turns":5},{"damage":8,"enemies":"Gremlin Gang","floor":12,"turns":3},{"damage":24,"enemies":"Lagavulin","floor":13,"turns":7},{"damage":3,"enemies":"Lots of Slimes","floor":14,"turns":2},{"damage":23,"enemies":"Slime Boss","floor":16,"turns":10},{"damage":24,"enemies":"2 Thieves","floor":18,"turns":4},{"damage":8,"enemies":"Shell Parasite","floor":20,"turns":4},{"damage":49,"enemies":"Sentry and Sphere","floor":22,"turns":7},{"damage":0,"enemies":"Slavers","floor":23,"turns":1},{"damage":16,"enemies":"3 Cultists","floor":25,"turns":4},{"damage":32,"enemies":"Snake Plant","floor":29,"turns":5},{"damage":64,"enemies":"Automaton","floor":33,"turns":6}],"seed_played":"6448936978852914027","potions_obtained":[{"floor":1,"key":"Explosive Potion"},{"floor":8,"key":"PowerPotion"},{"floor":10,"key":"Fire Potion"},{"floor":14,"key":"Weak Potion"},{"floor":18,"key":"Explosive Potion"},{"floor":22,"key":"SmokeBomb"}],"is_trial":false,"path_per_floor":["M","$","?","M","$","E","M","E","T","M","R","M","E","M","R","B",null,"M","?","M","$","M","E","R","M","T","$","?","M","R","$","R"],"character_chosen":"THE_SILENT","items_purchased":["Metamorphosis","Lee\u0027s Waffle","Well Laid Plans","Terror+1"],"campfire_rested":4,"item_purchase_floors":[5,21,21,27],"current_hp_per_floor":[70,70,70,70,70,70,61,48,48,41,41,33,9,6,27,4,70,46,46,38,77,28,28,51,35,35,35,35,3,26,26,49,0],"gold":56,"neow_bonus":"THREE_ENEMY_KILL","is_prod":false,"is_daily":false,"chose_seed":false,"campfire_upgraded":1,"win_rate":0,"timestamp":1540428525,"path_taken":["M","$","?","?","$","E","M","E","T","?","R","M","E","?","R","BOSS","M","?","M","$","?","E","R","M","T","$","?","M","R","$","R","BOSS"],"build_version":"2018-10-18","purchased_purges":0,"victory":false,"max_hp_per_floor":[70,70,70,70,70,70,70,70,70,70,70,70,70,70,70,70,70,70,70,70,77,77,77,77,77,77,77,77,77,77,77,77,77],"card_choices":[{"not_picked":["Tactician","Slice"],"picked":"Choke","floor":1},{"not_picked":["Finisher","Calculated Gamble"],"picked":"Outmaneuver","floor":4},{"not_picked":["Glass Knife","Tools of the Trade"],"picked":"Dagger Spray","floor":6},{"not_picked":["Underhanded Strike","Calculated Gamble"],"picked":"Prepared","floor":7},{"not_picked":["PiercingWail","Acrobatics"],"picked":"Backflip","floor":8},{"not_picked":["Quick Slash","Cloak And Dagger"],"picked":"Infinite Blades","floor":10},{"not_picked":["Underhanded Strike","Acrobatics"],"picked":"Prepared","floor":12},{"not_picked":["Storm of Steel","Quick Slash"],"picked":"All Out Attack","floor":13},{"not_picked":["Slice","Quick Slash"],"picked":"Underhanded Strike","floor":14},{"not_picked":["Tools of the Trade","Venomology+1"],"picked":"Night Terror+1","floor":16},{"not_picked":["Deflect+1","Underhanded Strike"],"picked":"Blade Dance+1","floor":18},{"not_picked":["Deadly Poison+1","Deflect+1"],"picked":"Noxious Fumes+1","floor":20},{"not_picked":["Cloak And Dagger+1","Flechettes"],"picked":"Blade Dance+1","floor":22},{"not_picked":["Underhanded Strike","Caltrops+1"],"picked":"Dodge and Roll+1","floor":25},{"not_picked":["Footwork+1","Quick Slash"],"picked":"Burst+1","floor":29}],"player_experience":335233,"relics_obtained":[{"floor":6,"key":"Pen Nib"},{"floor":8,"key":"Smiling Mask"},{"floor":9,"key":"Orichalcum"},{"floor":13,"key":"Toxic Egg 2"},{"floor":26,"key":"Paper Crane"}],"event_choices":[{"damage_healed":0,"gold_gain":78,"player_choice":"Gained Gold","damage_taken":0,"max_hp_gain":0,"max_hp_loss":0,"event_name":"Golden Wing","floor":3,"gold_loss":0},{"damage_healed":0,"gold_gain":0,"player_choice":"Ignored","damage_taken":0,"max_hp_gain":0,"max_hp_loss":0,"event_name":"Ghosts","floor":19,"gold_loss":0},{"damage_healed":0,"gold_gain":0,"player_choice":"Upgraded","damage_taken":0,"max_hp_gain":0,"max_hp_loss":0,"event_name":"Upgrade Shrine","floor":28,"gold_loss":0,"cards_upgraded":["Choke"]}],"is_beta":false,"boss_relics":[{"not_picked":["Busted Crown","Velvet Choker"],"picked":"WristBlade"}],"items_purged_floors":[],"is_endless":false,"potions_floor_spawned":[1,8,10,14,18,22,23],"killed_by":"Automaton","ascension_level":1}