{"gold_per_floor":[119,73,43,53,68,94,94,94,167,230,230,230,180,199,199,296,296,314,414,428,16,16,44,64,64,64,79,91,116,135,135,135,239,239,255,255,269,287,387,416,416,449,449,464,310,328,353,371,371,371,371,371,19,49,49],"floor_reached":56,"playtime":4293,"items_purged":[],"score":1427,"play_id":"fa840e90-017a-4c54-bc94-3be7aa2d125f","local_time":"20190221062737","is_ascension_mode":false,"campfire_choices":[{"data":"Zap","floor":7.0,"key":"SMITH"},{"floor":11.0,"key":"REST"},{"data":"Dualcast","floor":15.0,"key":"SMITH"},{"floor":25.0,"key":"REST"},{"data":"Loop","floor":32.0,"key":"SMITH"},{"floor":41.0,"key":"RECALL"},{"data":"Defend_B","floor":49.0,"key":"PURGE"},{"data":"Go for the Eyes","floor":52.0,"key":"SMITH"}],"neow_cost":"NONE","seed_source_timestamp":0,"circlet_count":0,"master_deck":["Strike_B","Strike_B","Defend_B","Defend_B","Defend_B","Zap+1","Dualcast+1","FTL","Cold Snap","Genetic Algorithm","Go for the Eyes+1","Electrodynamics","Echo Form","Steam+1","BootSequence+1","Loop+1","Ball Lightning","Glacier+1","Coolheaded+1","Core Surge","Melter","Chill+1","Reinforced Body+1"],"special_seed":0,"relics":["Cracked Core","NeowsBlessing","Bag of Preparation","Calipers","White Beast Statue","Peace Pipe","Bottled Flame","Singing Bowl","Lantern","Thread and Needle","Blue Candle","Oddly Smooth Stone","Runic Dome","Girya","Prayer Wheel","Pear","DataDisk","Letter Opener","Happy Flower","Bottled Tornado","ClockworkSouvenir","Bag of Marbles","Cables"],"potions_floor_usage":[55,55],"damage_taken":[{"damage":0.0,"enemies":"Small Slimes","floor":1.0,"turns":1.0},{"damage":0.0,"enemies":"Cultist","floor":4.0,"turns":1.0},{"damage":0.0,"enemies":"Jaw Worm","floor":5.0,"turns":1.0},{"damage":17.0,"enemies":"Lagavulin","floor":6.0,"turns":6.0},{"damage":15.0,"enemies":"Lagavulin Event","floor":10.0,"turns":5.0},{"damage":1.0,"enemies":"Looter","floor":14.0,"turns":3.0},{"damage":21.0,"enemies":"The Guardian","floor":16.0,"turns":14.0},{"damage":8.0,"enemies":"Spheric Guardian","floor":18.0,"turns":3.0},{"damage":8.0,"enemies":"Colosseum Slavers","floor":19.0,"turns":3.0},{"damage":18.0,"enemies":"Colosseum Nobs","floor":19.0,"turns":4.0},{"damage":3.0,"enemies":"3 Byrds","floor":20.0,"turns":4.0},{"damage":0.0,"enemies":"Slavers","floor":23.0,"turns":4.0},{"damage":10.0,"enemies":"Sentry and Sphere","floor":24.0,"turns":4.0},{"damage":0.0,"enemies":"Centurion and Healer","floor":27.0,"turns":5.0},{"damage":0.0,"enemies":"Chosen and Byrds","floor":28.0,"turns":4.0},{"damage":16.0,"enemies":"Gremlin Leader","floor":29.0,"turns":5.0},{"damage":0.0,"enemies":"3 Cultists","floor":30.0,"turns":3.0},{"damage":8.0,"enemies":"Automaton","floor":33.0,"turns":14.0},{"damage":0.0,"enemies":"3 Darklings","floor":35.0,"turns":6.0},{"damage":0.0,"enemies":"3 Shapes","floor":37.0,"turns":3.0},{"damage":6.0,"enemies":"Spire Growth","floor":38.0,"turns":5.0},{"damage":0.0,"enemies":"Mind Bloom Boss Battle","floor":39.0,"turns":11.0},{"damage":0.0,"enemies":"Nemesis","floor":40.0,"turns":11.0},{"damage":7.0,"enemies":"Giant Head","floor":42.0,"turns":16.0},{"damage":0.0,"enemies":"Sphere and 2 Shapes","floor":44.0,"turns":3.0},{"damage":0.0,"enemies":"Transient","floor":46.0,"turns":5.0},{"damage":13.0,"enemies":"Reptomancer","floor":47.0,"turns":6.0},{"damage":0.0,"enemies":"Jaw Worm Horde","floor":48.0,"turns":2.0},{"damage":7.0,"enemies":"Awakened One","floor":50.0,"turns":29.0},{"damage":2.0,"enemies":"Shield and Spear","floor":54.0,"turns":12.0},{"damage":98,"enemies":"The Heart","floor":55,"turns":15}],"seed_played":"-7554730940685468872","potions_obtained":[{"floor":1.0,"key":"Regen Potion"},{"floor":3.0,"key":"Swift Potion"},{"floor":3.0,"key":"FocusPotion"},{"floor":16.0,"key":"PowerPotion"},{"floor":18.0,"key":"FearPotion"},{"floor":19.0,"key":"Fire Potion"},{"floor":20.0,"key":"Swift Potion"},{"floor":23.0,"key":"AttackPotion"},{"floor":24.0,"key":"Strength Potion"},{"floor":27.0,"key":"FairyPotion"},{"floor":28.0,"key":"LiquidBronze"},{"floor":29.0,"key":"LiquidBronze"},{"floor":30.0,"key":"Fire Potion"},{"floor":33.0,"key":"GamblersBrew"},{"floor":35.0,"key":"Block Potion"},{"floor":38.0,"key":"SkillPotion"},{"floor":39.0,"key":"Regen Potion"},{"floor":40.0,"key":"SkillPotion"},{"floor":42.0,"key":"FearPotion"},{"floor":46.0,"key":"Swift Potion"},{"floor":47.0,"key":"Poison Potion"},{"floor":54.0,"key":"EssenceOfSteel"}],"is_trial":false,"path_per_floor":["M","$","?","M","M","E","R","?","T","?","R","$","?","M","R","B",null,"M","?","M","$","?","E","M","R","T","M","M","E","M","?","R","B",null,"M","T","M","M","?","E","R","E","T","M","$","M","E","M","R","B",null,"R","$","E","B",null],"character_chosen":"DEFECT","items_purchased":["Cold Snap","Singing Bowl","Lantern","Happy Flower","ClockworkSouvenir","Bag of Marbles"],"campfire_rested":2,"item_purchase_floors":[2,21,21,45,53,53],"current_hp_per_floor":[75,75,75,75,75,58,58,63,63,48,72,72,72,71,71,50,80,72,58,55,55,55,57,47,71,71,71,73,57,59,59,59,51,86,86,86,88,84,86,98,98,93,93,97,97,99,88,90,90,83,116,116,116,116,18],"gold":49,"neow_bonus":"THREE_ENEMY_KILL","is_prod":false,"is_daily":false,"chose_seed":true,"campfire_upgraded":4,"win_rate":0,"timestamp":1550698057,"path_taken":["M","$","?","M","?","E","R","?","T","?","R","$","?","M","R","BOSS","M","?","M","$","?","E","M","R","T","M","M","E","M","?","R","BOSS","M","?","M","M","?","E","R","E","T","M","$","M","E","M","R","BOSS","R","$","E","BOSS"],"build_version":"2019-01-23","purchased_purges":0,"victory":true,"max_hp_per_floor":[75,75,75,75,75,75,75,80,80,80,80,80,80,80,80,80,80,80,80,80,80,80,82,82,82,82,82,84,84,86,86,86,86,86,86,86,88,90,92,104,104,106,106,110,110,112,114,116,116,116,116,116,116,118,118],"card_choices":[{"not_picked":["Rebound","Redo"],"picked":"FTL","floor":1.0},{"not_picked":["Ball Lightning","Steam Power"],"picked":"Genetic Algorithm","floor":4.0},{"not_picked":["Rebound","Cold Snap"],"picked":"Go for the Eyes","floor":5.0},{"not_picked":["Capacitor","Gash","Beam Cell"],"picked":"SKIP","floor":6.0},{"not_picked":["Defragment","Turbo"],"picked":"Electrodynamics","floor":14.0},{"not_picked":["Thunder Strike","Reboot"],"picked":"Echo Form","floor":16.0},{"not_picked":["Go for the Eyes+1","Recycle"],"picked":"Steam+1","floor":18.0},{"not_picked":["Barrage","Cold Snap"],"picked":"BootSequence+1","floor":19.0},{"not_picked":["Barrage+1","Steam Power"],"picked":"Loop","floor":20.0},{"not_picked":["Thunder Strike","Cold Snap+1","Steam"],"picked":"Singing Bowl","floor":23.0},{"not_picked":["Genetic Algorithm","Hologram"],"picked":"Ball Lightning","floor":24.0},{"not_picked":["Go for the Eyes","Rebound+1"],"picked":"Glacier+1","floor":27.0},{"not_picked":["Rebound","Meteor Strike","Gash"],"picked":"Singing Bowl","floor":28.0},{"not_picked":["Conserve Battery","Cold Snap"],"picked":"Coolheaded+1","floor":29.0},{"not_picked":["Barrage","Lockon","Turbo"],"picked":"Singing Bowl","floor":30.0},{"not_picked":["Reboot","Meteor Strike"],"picked":"Core Surge","floor":33.0},{"not_picked":["Chaos+1","Compile Driver"],"picked":"Melter","floor":35.0},{"not_picked":["Coolheaded","Redo","Tempest"],"picked":"Singing Bowl","floor":37.0},{"not_picked":["Steam+1","Go for the Eyes","Rip and Tear"],"picked":"Singing Bowl","floor":38.0},{"not_picked":["Redo+1","Stack+1","Steam+1"],"picked":"Singing Bowl","floor":39.0},{"not_picked":["Stack+1","Echo Form","Cold Snap"],"picked":"Singing Bowl","floor":40.0},{"not_picked":["Steam+1","Go for the Eyes+1","Coolheaded"],"picked":"Singing Bowl","floor":42.0},{"not_picked":["Doom and Gloom","Barrage+1","Steam+1"],"picked":"Singing Bowl","floor":44.0},{"not_picked":["Doom and Gloom+1","Steam","Rebound+1"],"picked":"Singing Bowl","floor":44.0},{"not_picked":["Streamline","Sweeping Beam+1","Ball Lightning"],"picked":"Singing Bowl","floor":46.0},{"not_picked":["FTL+1","Barrage"],"picked":"Chill+1","floor":46.0},{"not_picked":["Rebound+1","Cold Snap","Hyperbeam"],"picked":"Singing Bowl","floor":47.0},{"not_picked":["Streamline+1","Sweeping Beam","Stack+1"],"picked":"Singing Bowl","floor":48.0},{"not_picked":["Go for the Eyes+1","Conserve Battery"],"picked":"Reinforced Body+1","floor":48.0},{"not_picked":["Turbo+1","Steam+1","Rip and Tear+1"],"picked":"Singing Bowl","floor":54.0}],"player_experience":1002431,"relics_obtained":[{"floor":6.0,"key":"Bag of Preparation"},{"floor":10.0,"key":"Calipers"},{"floor":19.0,"key":"Peace Pipe"},{"floor":19.0,"key":"Bottled Flame"},{"floor":23.0,"key":"Thread and Needle"},{"floor":26.0,"key":"Blue Candle"},{"floor":29.0,"key":"Oddly Smooth Stone"},{"floor":36.0,"key":"Girya"},{"floor":39.0,"key":"Prayer Wheel"},{"floor":40.0,"key":"Pear"},{"floor":42.0,"key":"DataDisk"},{"floor":43.0,"key":"Letter Opener"},{"floor":47.0,"key":"Bottled Tornado"},{"floor":54.0,"key":"Cables"}],"event_choices":[{"damage_healed":0.0,"max_hp_gain":0.0,"max_hp_loss":0.0,"gold_gain":0.0,"event_name":"The Woman in Blue","player_choice":"Bought 2 Potions","floor":3.0,"gold_loss":0.0,"damage_taken":0.0},{"damage_healed":0.0,"max_hp_gain":5.0,"max_hp_loss":0.0,"gold_gain":0.0,"event_name":"Big Fish","player_choice":"Donut","floor":8.0,"gold_loss":0.0,"damage_taken":0.0},{"damage_healed":0.0,"max_hp_gain":0.0,"max_hp_loss":0.0,"gold_gain":0.0,"event_name":"Dead Adventurer","player_choice":"Searched \u00271\u0027 times","floor":10.0,"gold_loss":0.0,"damage_taken":0.0},{"cards_removed":["Strike_B"],"damage_healed":0.0,"max_hp_gain":0.0,"max_hp_loss":0.0,"gold_gain":0.0,"event_name":"The Cleric","player_choice":"Card Removal","floor":13.0,"gold_loss":50.0,"damage_taken":0.0},{"damage_healed":0.0,"max_hp_gain":0.0,"max_hp_loss":0.0,"gold_gain":0.0,"event_name":"Colosseum","player_choice":"Fight","floor":19.0,"gold_loss":0.0,"damage_taken":0.0},{"damage_healed":0.0,"max_hp_gain":0.0,"max_hp_loss":0.0,"gold_gain":0.0,"event_name":"Colosseum","player_choice":"Fought Nobs","floor":19.0,"gold_loss":0.0,"damage_taken":0.0},{"damage_healed":0.0,"max_hp_gain":0.0,"max_hp_loss":0.0,"gold_gain":0.0,"event_name":"Vampires","player_choice":"Ignored","floor":22.0,"gold_loss":0.0,"damage_taken":0.0},{"cards_removed":["Strike_B"],"damage_healed":0.0,"max_hp_gain":0.0,"max_hp_loss":0.0,"gold_gain":0.0,"event_name":"Purifier","player_choice":"Purged","floor":31.0,"gold_loss":0.0,"damage_taken":0.0},{"damage_healed":0.0,"max_hp_gain":0.0,"max_hp_loss":0.0,"gold_gain":0.0,"event_name":"MindBloom","player_choice":"Fight","floor":39.0,"gold_loss":0.0,"damage_taken":0.0}],"is_beta":false,"boss_relics":[{"not_picked":["Fusion Hammer","Lizard Tail"],"picked":"White Beast Statue"},{"not_picked":["Philosopher\u0027s Stone","Tiny House"],"picked":"Runic Dome"}],"items_purged_floors":[],"is_endless":false,"potions_floor_spawned":[1,5,16,18,19,19,20,23,24,27,28,29,30,33,35,37,38,39,40,42,44,46,47,48,54],"ascension_level":0}