{"gold_per_floor":[118,118,128,78,78,78,95,95,95,121,121,46,57,57,57,57],"floor_reached":16,"playtime":587,"items_purged":["Strike_R"],"score":152,"play_id":"720dbc64-b90f-4956-8bde-d2b4839d87c1","local_time":"20190125053947","is_ascension_mode":true,"campfire_choices":[{"floor":6,"key":"DIG"},{"floor":8,"key":"DIG"},{"floor":11,"key":"DIG"},{"floor":15,"key":"REST"}],"neow_cost":"TEN_PERCENT_HP_LOSS","seed_source_timestamp":107721274333800,"circlet_count":0,"master_deck":["AscendersBane","Strike_R","Strike_R","Defend_R","Defend_R","Defend_R","Defend_R","Bash","Shockwave","Body Slam","Iron Wave","Battle Trance"],"relics":["Burning Blood","Shovel","Ornamental Fan","Letter Opener","Bottled Lightning","Ancient Tea Set","Mango","Gremlin Horn"],"potions_floor_usage":[10,16],"damage_taken":[{"damage":7,"enemies":"Small Slimes","floor":1,"turns":4},{"damage":3,"enemies":"2 Louse","floor":3,"turns":4},{"damage":0,"enemies":"Cultist","floor":7,"turns":5},{"damage":65,"enemies":"Lagavulin","floor":10,"turns":9},{"damage":16,"enemies":"Exordium Thugs","floor":13,"turns":7},{"damage":38,"enemies":"Hexaghost","floor":16,"turns":9}],"seed_played":"1718002040679144228","potions_obtained":[{"floor":1,"key":"Swift Potion"},{"floor":13,"key":"SteroidPotion"}],"is_trial":false,"path_per_floor":["M","?","M","?","?","R","M","R","T","E","R","$","M","T","R","B"],"character_chosen":"IRONCLAD","items_purchased":[],"campfire_rested":1,"item_purchase_floors":[],"current_hp_per_floor":[71,64,67,67,67,67,72,72,72,13,27,27,17,17,42,4],"gold":57,"neow_bonus":"ONE_RARE_RELIC","is_prod":false,"is_daily":false,"chose_seed":false,"campfire_upgraded":0,"win_rate":0,"timestamp":1548391187,"path_taken":["M","?","M","?","?","R","?","R","T","E","R","?","?","?","R","BOSS"],"build_version":"2019-01-23","purchased_purges":1,"victory":false,"max_hp_per_floor":[72,72,72,72,72,72,72,72,72,72,86,86,86,86,86,86],"card_choices":[{"not_picked":["Armaments","Anger"],"picked":"Shockwave","floor":1},{"not_picked":["Hemokinesis","Reckless Charge"],"picked":"Body Slam","floor":3},{"not_picked":["Hemokinesis","Carnage","Flex"],"picked":"SKIP","floor":7},{"not_picked":["Clothesline","Anger"],"picked":"Iron Wave","floor":10},{"not_picked":["Shrug It Off","Flex"],"picked":"Battle Trance","floor":13}],"player_experience":250240,"relics_obtained":[{"floor":6,"key":"Ornamental Fan"},{"floor":8,"key":"Letter Opener"},{"floor":9,"key":"Bottled Lightning"},{"floor":10,"key":"Ancient Tea Set"},{"floor":11,"key":"Mango"},{"floor":14,"key":"Gremlin Horn"}],"event_choices":[{"cards_removed":["Strike_R"],"damage_healed":0,"gold_gain":0,"player_choice":"Card Removal","damage_taken":7,"max_hp_gain":0,"max_hp_loss":0,"event_name":"Golden Wing","floor":2,"gold_loss":0},{"cards_removed":["Strike_R"],"damage_healed":0,"gold_gain":0,"player_choice":"Card Removal","damage_taken":0,"max_hp_gain":0,"max_hp_loss":0,"event_name":"The Cleric","floor":4,"gold_loss":50},{"damage_healed":0,"gold_gain":0,"player_choice":"Bought 0 Potions","damage_taken":0,"max_hp_gain":0,"max_hp_loss":0,"event_name":"The Woman in Blue","floor":5,"gold_loss":0}],"is_beta":false,"boss_relics":[],"items_purged_floors":[12],"is_endless":false,"potions_floor_spawned":[1,13],"killed_by":"Hexaghost","ascension_level":11}