{"gold_per_floor":[367,367,377,377,30,59,59,88,88,163,194,194,226,240,240,339,339,350,163,183,183,183,218,218,248,260,299,311,238,250,187,199,312,324,351,363,392,404,435,447,484,496,583,3,28,28,77,77,77,77],"floor_reached":51,"playtime":2503,"items_purged":["Gash"],"score":956,"play_id":"f365e2c8-227c-4134-afb9-2c025aaa3600","local_time":"20181005010120","is_ascension_mode":false,"campfire_choices":[{"data":"Storm","floor":7,"key":"SMITH"},{"data":"Defragment","floor":12,"key":"SMITH"},{"data":"Self Repair","floor":15,"key":"SMITH"},{"data":"Storm","floor":28,"key":"SMITH"},{"data":"Heatsinks","floor":32,"key":"SMITH"},{"data":"Fission","floor":40,"key":"SMITH"},{"data":"Defragment","floor":42,"key":"SMITH"},{"data":"Discovery","floor":49,"key":"SMITH"}],"neow_cost":"PERCENT_DAMAGE","seed_source_timestamp":997825663154462,"circlet_count":0,"master_deck":["Defend_B+1","Defend_B","Defend_B","Zap","Dualcast","Self Repair+1","Finesse","Steam+1","Storm+1","Beam Cell+1","Defragment+1","Capacitor","Thunder Strike+1","Defragment+1","Storm+1","Ball Lightning+1","Fission+1","FTL+1","Reinforced Body","Bite+1","Bite+1","Bite+1","Bite+1","Heatsinks+1","FTL+1","Buffer","Ball Lightning+1","White Noise+1","Defragment","Thunder Strike+1","Defragment+1","Hello World+1","Electrodynamics+1","Master of Strategy","Discovery+1","Dark Shackles"],"relics":["Cracked Core","Membership Card","War Paint","Bottled Lightning","Molten Egg 2","Juzu Bracelet","Bottled Tornado","Anchor","Orrery","Mummified Hand","MutagenicStrength","Oddly Smooth Stone","MawBank","Mercury Hourglass","Peace Pipe","The Courier","White Beast Statue","Vajra","Frozen Egg 2","Happy Flower","Lantern","WingedGreaves","Orichalcum","Toy Ornithopter","Blood Vial","Omamori","Incense Burner","Mango"],"potions_floor_usage":[8,50,50],"damage_taken":[{"damage":1,"enemies":"Jaw Worm","floor":1,"turns":3},{"damage":0,"enemies":"Small Slimes","floor":3,"turns":4},{"damage":11,"enemies":"Lagavulin","floor":6,"turns":7},{"damage":23,"enemies":"3 Sentries","floor":8,"turns":6},{"damage":17,"enemies":"Gremlin Nob","floor":11,"turns":4},{"damage":5,"enemies":"Lagavulin","floor":13,"turns":4},{"damage":1,"enemies":"2 Louse","floor":14,"turns":3},{"damage":6,"enemies":"Hexaghost","floor":16,"turns":8},{"damage":12,"enemies":"3 Byrds","floor":18,"turns":4},{"damage":10,"enemies":"2 Thieves","floor":20,"turns":3},{"damage":0,"enemies":"Book of Stabbing","floor":23,"turns":3},{"damage":12,"enemies":"Gremlin Leader","floor":25,"turns":5},{"damage":7,"enemies":"Book of Stabbing","floor":27,"turns":4},{"damage":42,"enemies":"Automaton","floor":33,"turns":6},{"damage":0,"enemies":"Orb Walker","floor":35,"turns":2},{"damage":4,"enemies":"3 Shapes","floor":37,"turns":2},{"damage":0,"enemies":"Maw","floor":39,"turns":4},{"damage":12,"enemies":"Nemesis","floor":41,"turns":3},{"damage":12,"enemies":"2 Orb Walkers","floor":45,"turns":3},{"damage":0,"enemies":"Mysterious Sphere","floor":47,"turns":3},{"damage":11,"enemies":"Donu and Deca","floor":50,"turns":3}],"seed_played":"5157503172859909084","potions_obtained":[{"floor":3,"key":"SkillPotion"},{"floor":8,"key":"Ancient Potion"},{"floor":18,"key":"Weak Potion"},{"floor":27,"key":"GamblersBrew"},{"floor":45,"key":"FocusPotion"}],"is_trial":false,"path_per_floor":["M","?","M","?","$","E","R","E","T","?","E","R","E","M","R","B",null,"M","$","M","?","?","E","?","E","T","E","R","?","$","?","R","B",null,"M","?","M","?","M","R","E","R","T","$","E","?","?","?","R","B"],"character_chosen":"DEFECT","items_purchased":["Membership Card","Finesse","Steam","War Paint","Mummified Hand","FTL+1","Thunder Strike+1","Defragment+1","Hello World+1","Happy Flower","Lantern","WingedGreaves","Orichalcum","Toy Ornithopter","Blood Vial","Omamori"],"campfire_rested":0,"item_purchase_floors":[5,5,5,5,19,19,44,44,44,44,44,44,44,44,44,44],"current_hp_per_floor":[53,53,60,53,53,49,49,33,33,22,12,12,14,20,20,24,75,73,73,73,52,52,52,52,52,52,46,46,46,46,46,46,29,52,52,49,48,48,49,49,43,43,43,43,33,33,62,52,52,62],"gold":77,"neow_bonus":"TWO_FIFTY_GOLD","is_prod":false,"is_daily":false,"chose_seed":false,"campfire_upgraded":8,"win_rate":0.0,"timestamp":1538694080,"path_taken":["M","?","M","?","$","E","R","E","T","?","E","R","E","M","R","BOSS","M","$","M","?","?","E","?","E","T","E","R","?","?","?","R","BOSS","M","?","M","?","M","R","E","R","T","$","E","?","?","?","R","BOSS"],"build_version":"2018-09-27","purchased_purges":1,"victory":true,"max_hp_per_floor":[75,75,75,75,75,75,75,75,75,75,75,75,75,75,75,75,75,75,75,75,52,52,52,52,52,52,52,52,52,52,52,52,52,52,52,49,49,49,49,49,49,49,49,49,49,49,63,63,63,63],"card_choices":[{"not_picked":["Streamline","Ball Lightning"],"picked":"Self Repair","floor":1},{"not_picked":["Go for the Eyes","Capacitor"],"picked":"Gash","floor":3},{"not_picked":["Darkness","Conserve Battery"],"picked":"Storm","floor":6},{"not_picked":["Fusion","Coolheaded"],"picked":"Beam Cell","floor":8},{"not_picked":["Thunder Strike+1","Barrage+1"],"picked":"Defragment","floor":11},{"not_picked":["Steam Power","Double Energy","Chill"],"picked":"SKIP","floor":13},{"not_picked":["Conserve Battery","Leap"],"picked":"Capacitor","floor":14},{"not_picked":["Rainbow","Machine Learning"],"picked":"Thunder Strike+1","floor":16},{"not_picked":["Self Repair","Auto Shields"],"picked":"Defragment","floor":17},{"not_picked":["Stack","Barrage+1"],"picked":"Storm","floor":17},{"not_picked":["Barrage+1","Beam Cell+1"],"picked":"Ball Lightning+1","floor":17},{"not_picked":["Steam","Hologram+1"],"picked":"Fission","floor":18},{"not_picked":["Reprogram","Redo"],"picked":"Reinforced Body","floor":20},{"not_picked":["Aggregate+1","Coolheaded","Stack"],"picked":"SKIP","floor":23},{"not_picked":["Consume","Rainbow"],"picked":"FTL+1","floor":25},{"not_picked":["Glacier","Leap+1","Steam Power"],"picked":"SKIP","floor":27},{"not_picked":["Multi-Cast","Fission"],"picked":"Buffer","floor":33},{"not_picked":["Leap","Barrage+1"],"picked":"Ball Lightning+1","floor":35},{"not_picked":["Genetic Algorithm+1","Gash+1"],"picked":"White Noise+1","floor":37},{"not_picked":["Doom and Gloom+1","Conserve Battery"],"picked":"Defragment","floor":39},{"not_picked":["Ball Lightning+1","Streamline+1","Conserve Battery"],"picked":"SKIP","floor":41},{"not_picked":["Ball Lightning+1","Stack"],"picked":"Electrodynamics+1","floor":45},{"not_picked":["Enlightenment","Dark Shackles"],"picked":"Master of Strategy","floor":48},{"not_picked":["Dramatic Entrance+1","Flash of Steel+1"],"picked":"Discovery","floor":48},{"not_picked":["Forethought","Chrysalis"],"picked":"Dark Shackles","floor":48}],"player_experience":205230,"relics_obtained":[{"floor":6,"key":"Bottled Lightning"},{"floor":8,"key":"Molten Egg 2"},{"floor":9,"key":"Juzu Bracelet"},{"floor":11,"key":"Bottled Tornado"},{"floor":13,"key":"Anchor"},{"floor":23,"key":"Oddly Smooth Stone"},{"floor":25,"key":"MawBank"},{"floor":26,"key":"Mercury Hourglass"},{"floor":27,"key":"Peace Pipe"},{"floor":41,"key":"Vajra"},{"floor":43,"key":"Frozen Egg 2"},{"floor":45,"key":"Incense Burner"},{"floor":47,"key":"Mango"}],"event_choices":[{"event_name":"Liars Game","player_choice":"disagreed","floor":2,"damage_taken":0},{"event_name":"Golden Wing","player_choice":"Card Removal","floor":4,"damage_taken":0},{"event_name":"World of Goop","player_choice":"Gather Gold","floor":10,"damage_taken":0},{"event_name":"Vampires","player_choice":"Became a vampire","floor":21,"damage_taken":0},{"event_name":"Drug Dealer","player_choice":"Inject Mutagens","floor":22,"damage_taken":0},{"event_name":"The Library","player_choice":"Read","floor":24,"damage_taken":0},{"event_name":"Addict","player_choice":"Obtained Relic","floor":29,"damage_taken":0},{"event_name":"Beggar","player_choice":"Gave Gold","floor":31,"damage_taken":0},{"event_name":"Winding Halls","player_choice":"Max HP","floor":36,"damage_taken":0},{"event_name":"Falling","player_choice":"Removed Attack","floor":38,"damage_taken":0},{"event_name":"Match and Keep!","player_choice":"0 cards matched","floor":46,"damage_taken":0},{"event_name":"Mysterious Sphere","player_choice":"Fight","floor":47,"damage_taken":0},{"event_name":"SensoryStone","player_choice":"Memory 3","floor":48,"damage_taken":0}],"is_beta":false,"boss_relics":[{"not_picked":["Calling Bell","FrozenCore"],"picked":"Orrery"},{"not_picked":["Runic Dome","Velvet Choker"],"picked":"White Beast Statue"}],"items_purged_floors":[19],"is_endless":false,"potions_floor_spawned":[3,8,18,27,33,35,37,39,41,45,47],"ascension_level":0}