{"gold_per_floor":[117,42,52,52,65,65,65,65,65,65,104,54,75,75,75,196,196,215,130,50,230,244,244,244,268,268,268,293,293,320,353,353,483,483,496,515,515,415,435,435,435,435,435,449,449],"floor_reached":45,"playtime":3252,"items_purged":["Strike_G","Strike_G"],"score":450,"play_id":"3c45439a-9e7c-4f32-8adc-b9e8149d1a1d","local_time":"20190217182348","is_ascension_mode":true,"campfire_choices":[{"floor":6.0,"key":"REST"},{"data":"After Image","floor":10.0,"key":"SMITH"},{"data":"Neutralize","floor":15.0,"key":"SMITH"},{"floor":23.0,"key":"REST"},{"floor":27,"key":"REST"},{"data":"Noxious Fumes","floor":29,"key":"SMITH"},{"data":"Footwork","floor":32,"key":"SMITH"},{"floor":40,"key":"REST"},{"data":"Noxious Fumes","floor":42,"key":"SMITH"}],"neow_cost":"PERCENT_DAMAGE","seed_source_timestamp":0,"circlet_count":0,"master_deck":["Defend_G+1","Defend_G+1","Defend_G","Defend_G","Defend_G","Survivor","Neutralize+1","After Image+1","Adrenaline","Deadly Poison","Outmaneuver","Noxious Fumes+1","Footwork+1","Noxious Fumes+1","Escape Plan+1"],"special_seed":0,"relics":["Ring of the Snake","Golden Idol","Mercury Hourglass","StoneCalendar","Orrery","War Paint","Singing Bowl","PreservedInsect","Oddly Smooth Stone","Black Star","Ornamental Fan"],"potions_floor_usage":[33,35,44],"damage_taken":[{"damage":0.0,"enemies":"2 Louse","floor":1.0,"turns":4.0},{"damage":0.0,"enemies":"Small Slimes","floor":3.0,"turns":7.0},{"damage":0.0,"enemies":"Jaw Worm","floor":5.0,"turns":13.0},{"damage":21.0,"enemies":"3 Sentries","floor":11.0,"turns":10.0},{"damage":1.0,"enemies":"Exordium Thugs","floor":13.0,"turns":7.0},{"damage":22.0,"enemies":"The Guardian","floor":16.0,"turns":24.0},{"damage":15.0,"enemies":"Spheric Guardian","floor":18.0,"turns":6.0},{"damage":1.0,"enemies":"3 Byrds","floor":22.0,"turns":6.0},{"damage":10,"enemies":"Snake Plant","floor":25,"turns":6},{"damage":1,"enemies":"Snecko","floor":28,"turns":7},{"damage":6,"enemies":"Book of Stabbing","floor":31,"turns":7},{"damage":40,"enemies":"Champ","floor":33,"turns":14},{"damage":9,"enemies":"3 Shapes","floor":35,"turns":5},{"damage":6,"enemies":"Orb Walker","floor":36,"turns":6},{"damage":26,"enemies":"Jaw Worm Horde","floor":39,"turns":6},{"damage":30,"enemies":"Transient","floor":44,"turns":5},{"damage":47,"enemies":"Reptomancer","floor":45,"turns":2}],"seed_played":"-3845331294514160162","potions_obtained":[{"floor":3.0,"key":"Explosive Potion"},{"floor":5.0,"key":"AttackPotion"},{"floor":22.0,"key":"FearPotion"},{"floor":28,"key":"Explosive Potion"},{"floor":31,"key":"GamblersBrew"},{"floor":33,"key":"Strength Potion"},{"floor":39,"key":"SteroidPotion"}],"is_trial":false,"path_per_floor":["M","$","M","$","M","R","?","?","T","R","E","?","M","$","R","B",null,"M","?","$","?","M","R","?","M","T","R","M","R","T","E","R","B",null,"M","M","?","$","M","R","?","R","T","M","E"],"character_chosen":"THE_SILENT","items_purchased":["Noxious Fumes"],"campfire_rested":4,"item_purchase_floors":[20],"current_hp_per_floor":[49,49,49,49,49,70,70,70,70,70,49,49,48,48,48,26,70,55,55,55,34,33,54,54,44,44,65,64,64,64,60,60,22,74,67,63,65,65,39,63,63,63,63,35,0],"gold":449,"neow_bonus":"REMOVE_TWO","is_prod":false,"is_daily":false,"chose_seed":false,"campfire_upgraded":5,"win_rate":0,"timestamp":1550395428,"path_taken":["M","$","M","$","M","R","?","?","T","R","E","?","M","?","R","BOSS","M","?","$","?","?","R","?","M","T","R","M","R","?","E","R","BOSS","M","M","?","$","M","R","?","R","T","M","E"],"build_version":"2019-01-23","purchased_purges":2,"victory":false,"max_hp_per_floor":[70,70,70,70,70,70,70,70,70,70,70,70,70,70,70,70,70,70,70,70,70,70,70,70,70,70,70,70,70,70,72,72,74,74,76,78,80,80,80,80,80,80,80,82,82],"card_choices":[{"not_picked":["Cloak And Dagger","Blade Dance","Bane"],"picked":"SKIP","floor":1.0},{"not_picked":["Deadly Poison","Sucker Punch"],"picked":"After Image","floor":3.0},{"not_picked":["Flying Knee","Sucker Punch","Dash"],"picked":"SKIP","floor":5.0},{"not_picked":["Dagger Throw","Prepared","Flying Knee"],"picked":"SKIP","floor":11.0},{"not_picked":["Cloak And Dagger","Flying Knee","Tactician"],"picked":"SKIP","floor":13.0},{"not_picked":["A Thousand Cuts","Storm of Steel"],"picked":"Adrenaline","floor":16.0},{"not_picked":["Outmaneuver","Riddle With Holes"],"picked":"Deadly Poison","floor":17.0},{"not_picked":["Bouncing Flask","Deflect"],"picked":"Outmaneuver","floor":18.0},{"not_picked":["Flechettes","Glass Knife","Catalyst"],"picked":"SKIP","floor":22.0},{"not_picked":["Deflect","Dagger Spray"],"picked":"Footwork","floor":25},{"not_picked":["Cloak And Dagger","Underhanded Strike+1"],"picked":"Noxious Fumes","floor":28},{"not_picked":["Backstab","Choke","Bouncing Flask"],"picked":"Singing Bowl","floor":31},{"not_picked":["Glass Knife","Phantasmal Killer","After Image"],"picked":"Singing Bowl","floor":33},{"not_picked":["Noxious Fumes","Predator+1","Flechettes"],"picked":"Singing Bowl","floor":35},{"not_picked":["Terror+1","Quick Slash+1","Prepared"],"picked":"Singing Bowl","floor":36},{"not_picked":["Panacea","Violence","Good Instincts"],"picked":"Singing Bowl","floor":37},{"not_picked":["Dagger Spray","Outmaneuver+1"],"picked":"Escape Plan+1","floor":39},{"not_picked":["Masterful Stab","Deadly Poison","Poisoned Stab"],"picked":"Singing Bowl","floor":44}],"player_experience":96570,"relics_obtained":[{"floor":9.0,"key":"Mercury Hourglass"},{"floor":11.0,"key":"StoneCalendar"},{"floor":26,"key":"Singing Bowl"},{"floor":30,"key":"PreservedInsect"},{"floor":31,"key":"Oddly Smooth Stone"},{"floor":43,"key":"Ornamental Fan"}],"event_choices":[{"damage_healed":0.0,"max_hp_gain":0.0,"max_hp_loss":0.0,"gold_gain":0.0,"event_name":"Golden Idol","player_choice":"Take Wound","floor":7.0,"gold_loss":0.0,"damage_taken":0.0,"relics_obtained":["Golden Idol"],"cards_obtained":["Injury"]},{"cards_removed":["Injury"],"damage_healed":0.0,"max_hp_gain":0.0,"max_hp_loss":0.0,"gold_gain":0.0,"event_name":"Living Wall","player_choice":"Forget","floor":8.0,"gold_loss":0.0,"damage_taken":0.0},{"cards_removed":["Strike_G"],"damage_healed":0.0,"max_hp_gain":0.0,"max_hp_loss":0.0,"gold_gain":0.0,"event_name":"The Cleric","player_choice":"Card Removal","floor":12.0,"gold_loss":50.0,"damage_taken":0.0},{"damage_healed":0.0,"max_hp_gain":0.0,"max_hp_loss":0.0,"gold_gain":0.0,"event_name":"Addict","player_choice":"Obtained Relic","floor":19.0,"gold_loss":85.0,"damage_taken":0.0,"relics_obtained":["War Paint"]},{"damage_healed":0.0,"max_hp_gain":0.0,"max_hp_loss":0.0,"gold_gain":180.0,"event_name":"Knowing Skull","player_choice":"GOLD GOLD ","floor":21.0,"potions_obtained":[],"gold_loss":0.0,"damage_taken":21.0,"cards_obtained":[]},{"damage_healed":0,"gold_gain":0,"player_choice":"Ignored","damage_taken":0,"max_hp_gain":0,"max_hp_loss":0,"event_name":"Cursed Tome","floor":24,"gold_loss":0},{"damage_healed":0,"gold_gain":0,"player_choice":"Memory 1","damage_taken":0,"max_hp_gain":0,"max_hp_loss":0,"event_name":"SensoryStone","floor":37,"gold_loss":0},{"damage_healed":0,"gold_gain":0,"player_choice":"Ignored","damage_taken":0,"max_hp_gain":0,"max_hp_loss":0,"event_name":"Mysterious Sphere","floor":41,"gold_loss":0}],"is_beta":false,"boss_relics":[{"not_picked":["Runic Pyramid","Cursed Key"],"picked":"Orrery"},{"not_picked":["Astrolabe","Fusion Hammer"],"picked":"Black Star"}],"items_purged_floors":[2,38],"is_endless":false,"potions_floor_spawned":[3,5,22,28,31,33,39],"killed_by":"Reptomancer","ascension_level":1}