{"path_per_floor":["M","?","M","M","M","E","R","?","T","M","E","?","M","$","R"],"character_chosen":"IRONCLAD","items_purchased":["Bloodletting","Prayer Wheel"],"gold_per_floor":[115,115,134,147,161,190,190,265,265,279,314,314,332,30,30,30],"floor_reached":16,"campfire_rested":0,"playtime":671,"current_hp_per_floor":[80,73,73,78,80,62,62,51,51,47,19,12,15,15,15,0],"items_purged":["Defend_R"],"gold":30,"score":112,"play_id":"89c9ac29-7842-4f82-b038-000b608441b8","local_time":"20180513103921","is_prod":false,"is_daily":false,"chose_seed":false,"is_ascension_mode":false,"campfire_upgraded":2,"timestamp":1526200761,"path_taken":["M","?","M","M","?","E","R","?","T","?","E","?","M","$","R","BOSS"],"build_version":"2018-05-10","seed_source_timestamp":245655935853005,"purchased_purges":2,"victory":false,"master_deck":["Strike_R","Strike_R","Strike_R","Strike_R","Strike_R","Defend_R","Defend_R","Defend_R","Heavy Blade+1","Heavy Blade","Evolve","Clash","Inflame","Bloodletting+1"],"max_hp_per_floor":[80,80,80,80,80,80,80,80,80,80,80,80,80,80,80,80],"relics":["Burning Blood","Paper Frog","Du-Vu Doll","Unceasing Top","Vajra","Prayer Wheel"],"card_choices":[{"not_picked":["Uppercut","Combust"],"picked":"Heavy Blade","floor":1},{"not_picked":["Wild Strike","Thunderclap"],"picked":"Heavy Blade","floor":3},{"not_picked":["Cleave","Dark Embrace"],"picked":"Evolve","floor":10},{"not_picked":["Flex","Sword Boomerang"],"picked":"Clash","floor":11},{"not_picked":["Reckless Charge","Rupture"],"picked":"Inflame","floor":13}],"player_experience":39523,"potions_floor_usage":[6,11,13],"damage_taken":[{"damage":5,"enemies":"2 Louse","floor":1,"turns":3},{"damage":6,"enemies":"Jaw Worm","floor":3,"turns":5},{"damage":1,"enemies":"Cultist","floor":4,"turns":3},{"damage":1,"enemies":"3 Louse","floor":5,"turns":4},{"damage":39,"enemies":"3 Sentries","floor":6,"turns":11},{"damage":10,"enemies":"2 Fungi Beasts","floor":10,"turns":3},{"damage":34,"enemies":"Gremlin Nob","floor":11,"turns":5},{"damage":11,"enemies":"Lots of Slimes","floor":13,"turns":3},{"damage":17,"enemies":"The Guardian","floor":16,"turns":5}],"event_choices":[{"event_name":"Golden Wing","player_choice":"Card Removal","floor":2,"damage_taken":0},{"event_name":"World of Goop","player_choice":"Gather Gold","floor":8,"damage_taken":0},{"event_name":"Scrap Ooze","player_choice":"success","floor":12,"damage_taken":7}],"boss_relics":[],"potions_floor_spawned":[1,3,4,13],"seed_played":"-217674950668971445","killed_by":"The Guardian","ascension_level":0,"is_trial":false}