{"gold_per_floor":[110,130,130,145,165,177,177,195,221,256,256,284,284,304,304,378,378,397,377,393,393,405,405,438,438,488,498,498,524,139,139,139,139],"floor_reached":33,"playtime":2595,"items_purged":["Strike_B"],"score":551,"play_id":"5382b780-294c-4705-a387-654a7364c98e","local_time":"20181117112715","is_ascension_mode":true,"campfire_choices":[{"floor":7,"key":"REST"},{"floor":11,"key":"REST"},{"data":"Capacitor","floor":13,"key":"SMITH"},{"floor":15,"key":"REST"},{"floor":23,"key":"REST"},{"floor":25,"key":"REST"},{"floor":28,"key":"REST"},{"floor":32,"key":"REST"}],"neow_cost":"NONE","seed_source_timestamp":200244708134923,"circlet_count":0,"master_deck":["AscendersBane","Strike_B","Strike_B","Defend_B+1","Defend_B","Defend_B+1","Defend_B","Zap","Dualcast","Sweeping Beam","BootSequence","Capacitor+1","Chill","Gash","Glacier","Ball Lightning","Glacier","Go for the Eyes","Electrodynamics","Coolheaded","Auto Shields","Cold Snap","Tempest","Gash","Self Repair","Reboot"],"relics":["Cracked Core","War Paint","Dodecahedron","Bag of Preparation","Nuclear Battery","Dream Catcher","Centennial Puzzle","Bronze Scales","Oddly Smooth Stone","Art of War","GremlinMask"],"potions_floor_usage":[10,10,29],"damage_taken":[{"damage":7,"enemies":"Jaw Worm","floor":1,"turns":2},{"damage":13,"enemies":"Small Slimes","floor":2,"turns":3},{"damage":6,"enemies":"Cultist","floor":4,"turns":3},{"damage":13,"enemies":"Large Slime","floor":5,"turns":5},{"damage":7,"enemies":"2 Fungi Beasts","floor":6,"turns":4},{"damage":0,"enemies":"Exordium Thugs","floor":8,"turns":4},{"damage":0,"enemies":"3 Sentries","floor":10,"turns":7},{"damage":8,"enemies":"Lagavulin","floor":12,"turns":9},{"damage":1,"enemies":"Large Slime","floor":14,"turns":7},{"damage":34,"enemies":"Hexaghost","floor":16,"turns":13},{"damage":2,"enemies":"Spheric Guardian","floor":18,"turns":8},{"damage":2,"enemies":"2 Thieves","floor":19,"turns":4},{"damage":12,"enemies":"Snake Plant","floor":20,"turns":7},{"damage":4,"enemies":"Centurion and Healer","floor":22,"turns":8},{"damage":47,"enemies":"Gremlin Leader","floor":24,"turns":11},{"damage":19,"enemies":"3 Cultists","floor":27,"turns":5},{"damage":35,"enemies":"Book of Stabbing","floor":29,"turns":8},{"damage":45,"enemies":"Champ","floor":33,"turns":14}],"seed_played":"-2298498058840703797","potions_obtained":[{"floor":1,"key":"Strength Potion"},{"floor":5,"key":"Fire Potion"},{"floor":6,"key":"Fire Potion"},{"floor":12,"key":"Energy Potion"},{"floor":18,"key":"GamblersBrew"},{"floor":19,"key":"Weak Potion"}],"is_trial":false,"path_per_floor":["M","M","?","M","M","M","R","M","T","E","R","E","R","M","R","B",null,"M","M","M","?","M","R","E","R","T","M","R","E","$","?","R","B"],"character_chosen":"DEFECT","items_purchased":["Oddly Smooth Stone","Art of War"],"campfire_rested":7,"item_purchase_floors":[30,30],"current_hp_per_floor":[64,51,44,38,25,18,41,41,41,41,64,56,56,55,78,44,70,68,66,54,39,35,59,12,36,36,24,48,20,20,20,44,0],"gold":139,"neow_bonus":"TEN_PERCENT_HP_BONUS","is_prod":false,"is_daily":false,"chose_seed":false,"campfire_upgraded":1,"win_rate":0,"timestamp":1542421635,"path_taken":["M","M","?","M","M","M","R","M","T","E","R","E","R","M","R","BOSS","M","M","M","?","M","R","E","R","T","M","R","E","$","?","R","BOSS"],"build_version":"2018-11-15","purchased_purges":1,"victory":false,"max_hp_per_floor":[78,78,78,78,78,78,78,78,78,78,78,78,78,78,78,78,78,78,78,78,83,83,83,83,83,83,83,83,83,83,83,83,83],"card_choices":[{"not_picked":["Storm","Turbo"],"picked":"Sweeping Beam","floor":1},{"not_picked":["Stack","Gash"],"picked":"BootSequence","floor":2},{"not_picked":["BootSequence","Coolheaded"],"picked":"Capacitor","floor":4},{"not_picked":["Barrage","Beam Cell"],"picked":"Chill","floor":5},{"not_picked":["Force Field","Turbo"],"picked":"Gash","floor":6},{"not_picked":["Skim","White Noise"],"picked":"Glacier","floor":8},{"not_picked":["Biased Cognition","Loop"],"picked":"Ball Lightning","floor":10},{"not_picked":["Ball Lightning","Melter"],"picked":"Glacier","floor":12},{"not_picked":["Streamline","Beam Cell"],"picked":"Go for the Eyes","floor":14},{"not_picked":["Core Surge","All For One"],"picked":"Electrodynamics","floor":16},{"not_picked":["Streamline","Rebound"],"picked":"Coolheaded","floor":18},{"not_picked":["Barrage+1","Hologram"],"picked":"Auto Shields","floor":19},{"not_picked":["Redo","Hologram"],"picked":"Cold Snap","floor":20},{"not_picked":["Heatsinks","Chaos"],"picked":"Tempest","floor":22},{"not_picked":["Turbo","Fission"],"picked":"Gash","floor":24},{"not_picked":["Coolheaded","Compile Driver"],"picked":"Self Repair","floor":25},{"not_picked":["Stack","Static Discharge","Beam Cell+1"],"picked":"SKIP","floor":27},{"not_picked":["Hello World","Go for the Eyes"],"picked":"Reboot","floor":29}],"player_experience":517940,"relics_obtained":[{"floor":9,"key":"War Paint"},{"floor":10,"key":"Dodecahedron"},{"floor":12,"key":"Bag of Preparation"},{"floor":24,"key":"Dream Catcher"},{"floor":26,"key":"Centennial Puzzle"},{"floor":29,"key":"Bronze Scales"}],"event_choices":[{"cards_removed":["Strike_B"],"damage_healed":0,"gold_gain":0,"player_choice":"Card Removal","damage_taken":7,"max_hp_gain":0,"max_hp_loss":0,"event_name":"Golden Wing","floor":3,"gold_loss":0},{"damage_healed":0,"gold_gain":0,"player_choice":"Shed Blood","damage_taken":20,"max_hp_gain":5,"max_hp_loss":0,"event_name":"Forgotten Altar","floor":21,"gold_loss":0},{"damage_healed":0,"gold_gain":0,"player_choice":"Trade","damage_taken":0,"relics_obtained":["GremlinMask"],"max_hp_gain":0,"max_hp_loss":0,"event_name":"FaceTrader","floor":31,"gold_loss":0}],"is_beta":false,"boss_relics":[{"not_picked":["Orrery","FrozenCore"],"picked":"Nuclear Battery"}],"items_purged_floors":[30],"is_endless":false,"potions_floor_spawned":[1,5,6,8,12,18,19,27],"killed_by":"Champ","ascension_level":14}