{"gold_per_floor":[110,127,3,18,18,51,51,94,171,171,171,121,121,145,145,271,271,271,186,186,186,186,186,17,17,17,17],"floor_reached":27,"playtime":1264,"items_purged":["Writhe"],"score":385,"play_id":"0551ef53-4306-4713-965c-3b4342d5926d","local_time":"20190126234745","is_ascension_mode":true,"campfire_choices":[{"floor":7,"key":"REST"},{"data":"Armaments","floor":10,"key":"SMITH"},{"floor":13,"key":"REST"},{"data":"Spot Weakness","floor":15,"key":"SMITH"}],"neow_cost":"PERCENT_DAMAGE","seed_source_timestamp":156328033799317,"circlet_count":0,"master_deck":["Strike_R","Strike_R","Strike_R","Strike_R","Defend_R","Defend_R","Defend_R","Defend_R","Bash","Body Slam","Armaments+1","Metallicize","Warcry","Carnage","Spot Weakness+1","Reaper","Shrug It Off","Demon Form","Havoc","Body Slam+1","True Grit+1","Heavy Blade+1","Shrug It Off+1","Feel No Pain","True Grit+1"],"relics":["Burning Blood","Golden Idol","Pocketwatch","Juzu Bracelet","Question Card","Ectoplasm","Toxic Egg 2","Kunai","Old Coin","Art of War","Anchor"],"potions_floor_usage":[16,25,25,25],"damage_taken":[{"damage":6,"enemies":"Cultist","floor":1,"turns":4},{"damage":3,"enemies":"2 Louse","floor":2,"turns":4},{"damage":10,"enemies":"Small Slimes","floor":4,"turns":5},{"damage":30,"enemies":"3 Sentries","floor":6,"turns":9},{"damage":34,"enemies":"Gremlin Nob","floor":8,"turns":5},{"damage":15,"enemies":"3 Louse","floor":14,"turns":3},{"damage":24,"enemies":"Slime Boss","floor":16,"turns":8},{"damage":0,"enemies":"Chosen","floor":18,"turns":4},{"damage":33,"enemies":"Spheric Guardian","floor":20,"turns":6},{"damage":40,"enemies":"Book of Stabbing","floor":23,"turns":6},{"damage":50,"enemies":"Gremlin Leader","floor":25,"turns":10},{"damage":48,"enemies":"3 Cultists","floor":27,"turns":7}],"seed_played":"-2129656807609370954","potions_obtained":[{"floor":6,"key":"Fire Potion"},{"floor":8,"key":"PowerPotion"},{"floor":11,"key":"Weak Potion"},{"floor":16,"key":"AttackPotion"},{"floor":23,"key":"Dexterity Potion"}],"is_trial":false,"path_per_floor":["M","M","$","M","?","E","R","E","T","R","?","?","R","M","R","B",null,"M","?","M","?","?","E","$","E","T","M"],"character_chosen":"IRONCLAD","items_purchased":["Metallicize","Warcry","Shrug It Off+1","Feel No Pain"],"campfire_rested":2,"item_purchase_floors":[3,3,24,24],"current_hp_per_floor":[67,70,70,66,42,18,46,18,18,18,18,18,46,49,49,40,82,96,96,69,69,69,43,43,11,11,0],"gold":17,"neow_bonus":"TWENTY_PERCENT_HP_BONUS","is_prod":false,"is_daily":false,"chose_seed":false,"campfire_upgraded":2,"win_rate":0,"timestamp":1548539265,"path_taken":["M","M","$","M","?","E","R","E","T","R","?","?","R","M","R","BOSS","M","?","M","?","?","E","$","E","T","M"],"build_version":"2019-01-23","purchased_purges":1,"victory":false,"max_hp_per_floor":[96,96,96,96,96,96,96,96,96,96,96,96,96,96,96,96,96,96,96,96,96,96,96,96,96,96,96],"card_choices":[{"not_picked":["Cleave","Twin Strike"],"picked":"Body Slam","floor":1},{"not_picked":["Bloodletting","Burning Pact"],"picked":"Armaments","floor":2},{"not_picked":["Cleave","Second Wind"],"picked":"Carnage","floor":4},{"not_picked":["Bloodletting","Reckless Charge"],"picked":"Spot Weakness","floor":6},{"not_picked":["Warcry","Pommel Strike"],"picked":"Reaper","floor":8},{"not_picked":["Clothesline","Intimidate","Dark Embrace"],"picked":"Shrug It Off","floor":14},{"not_picked":["Offering","Dark Embrace","Fiend Fire"],"picked":"Demon Form","floor":16},{"not_picked":["Cleave","Pommel Strike","Iron Wave"],"picked":"Havoc","floor":18},{"not_picked":["Wild Strike","Clothesline","Headbutt"],"picked":"Body Slam+1","floor":20},{"not_picked":["Clothesline","Second Wind+1","Bludgeon"],"picked":"Heavy Blade+1","floor":23},{"not_picked":["Flex+1","Clash+1","Feel No Pain"],"picked":"True Grit+1","floor":25}],"player_experience":148597,"relics_obtained":[{"floor":6,"key":"Pocketwatch"},{"floor":8,"key":"Juzu Bracelet"},{"floor":9,"key":"Question Card"},{"floor":23,"key":"Old Coin"},{"floor":25,"key":"Art of War"},{"floor":26,"key":"Anchor"}],"event_choices":[{"damage_healed":0,"gold_gain":0,"player_choice":"Take Damage","damage_taken":24,"relics_obtained":["Golden Idol"],"max_hp_gain":0,"max_hp_loss":0,"event_name":"Golden Idol","floor":5,"gold_loss":0},{"damage_healed":0,"gold_gain":0,"player_choice":"Got Potions","damage_taken":0,"max_hp_gain":0,"max_hp_loss":0,"event_name":"Lab","floor":11,"gold_loss":0},{"cards_removed":["Strike_R"],"damage_healed":0,"gold_gain":0,"player_choice":"Card Removal","damage_taken":0,"max_hp_gain":0,"max_hp_loss":0,"event_name":"The Cleric","floor":12,"gold_loss":50},{"damage_healed":0,"gold_gain":0,"player_choice":"Obtained Relic","damage_taken":0,"relics_obtained":["Toxic Egg 2"],"max_hp_gain":0,"max_hp_loss":0,"event_name":"Addict","floor":19,"gold_loss":85},{"damage_healed":0,"gold_gain":0,"player_choice":"Read","damage_taken":0,"max_hp_gain":0,"max_hp_loss":0,"event_name":"The Library","floor":21,"gold_loss":0,"cards_obtained":["True Grit"]},{"damage_healed":0,"gold_gain":0,"player_choice":"Opened","damage_taken":0,"relics_obtained":["Kunai"],"max_hp_gain":0,"max_hp_loss":0,"event_name":"The Mausoleum","floor":22,"gold_loss":0,"cards_obtained":["Writhe"]}],"is_beta":false,"boss_relics":[{"not_picked":["Coffee Dripper","Cursed Key"],"picked":"Ectoplasm"}],"items_purged_floors":[24],"is_endless":false,"potions_floor_spawned":[6,8,16,23],"killed_by":"3 Cultists","ascension_level":8}