{"gold_per_floor":[118,118,118,187,362,362,372,372,428,428,447,447,528,554,554,654,654,674,687,702,716,251,251,270,296,296,395,412,412,412,464,464,464],"floor_reached":33,"playtime":1230,"items_purged":["Doubt"],"score":367,"play_id":"2e2e2a1a-6bbd-4e06-a4c3-925ee460bc54","local_time":"20181028211707","is_ascension_mode":true,"campfire_choices":[{"data":"Self Repair","floor":6,"key":"SMITH"},{"data":"Zap","floor":8,"key":"SMITH"},{"data":"Ball Lightning","floor":10,"key":"SMITH"},{"data":"Ball Lightning","floor":12,"key":"SMITH"},{"floor":15,"key":"REST"},{"floor":23,"key":"REST"},{"floor":30,"key":"REST"},{"data":"Defragment","floor":32,"key":"SMITH"}],"neow_cost":"NONE","seed_source_timestamp":1983225986894104,"circlet_count":0,"master_deck":["Strike_B","Strike_B","Strike_B","Strike_B","Defend_B","Defend_B","Defend_B","Defend_B","Zap+1","Dualcast","Ball Lightning+1","Reboot","Self Repair+1","Ball Lightning+1","Defragment+1","Core Surge+1","BootSequence","Auto Shields","Conserve Battery","Coolheaded","Defragment","Finesse","Master of Strategy","BootSequence"],"relics":["Cracked Core","Singing Bowl","Tiny Chest","Molten Egg 2","Bag of Preparation","Sozu","Juzu Bracelet","Bottled Tornado","Meat on the Bone","Vajra"],"potions_floor_usage":[18,33],"damage_taken":[{"damage":14,"enemies":"Cultist","floor":1,"turns":5},{"damage":0,"enemies":"Small Slimes","floor":7,"turns":3},{"damage":7,"enemies":"Jaw Worm","floor":11,"turns":2},{"damage":30,"enemies":"3 Sentries","floor":14,"turns":6},{"damage":30,"enemies":"Slime Boss","floor":16,"turns":9},{"damage":12,"enemies":"2 Thieves","floor":18,"turns":3},{"damage":16,"enemies":"Shell Parasite","floor":19,"turns":4},{"damage":17,"enemies":"Snake Plant","floor":20,"turns":4},{"damage":49,"enemies":"Centurion and Healer","floor":21,"turns":6},{"damage":8,"enemies":"Sentry and Sphere","floor":24,"turns":4},{"damage":12,"enemies":"Gremlin Leader","floor":25,"turns":6},{"damage":20,"enemies":"Cultist and Chosen","floor":28,"turns":6},{"damage":79,"enemies":"Collector","floor":33,"turns":9}],"seed_played":"8505438123751102983","potions_obtained":[{"floor":11,"key":"Fire Potion"},{"floor":16,"key":"Poison Potion"}],"is_trial":false,"path_per_floor":["M","$","?","T","?","R","M","R","T","R","M","R","T","E","R","B",null,"M","M","M","M","$","R","M","E","T","?","M","T","R","T","R"],"character_chosen":"DEFECT","items_purchased":["Defragment","Finesse","Master of Strategy","BootSequence"],"campfire_rested":3,"item_purchase_floors":[22,22,22,22],"current_hp_per_floor":[61,61,61,61,61,61,63,63,63,63,66,66,66,46,71,51,76,74,68,61,22,22,47,41,41,41,41,33,33,60,60,60,0],"gold":464,"neow_bonus":"TEN_PERCENT_HP_BONUS","is_prod":false,"is_daily":false,"chose_seed":false,"campfire_upgraded":5,"win_rate":0,"timestamp":1540729027,"path_taken":["M","?","?","?","?","R","M","R","T","R","M","R","?","E","R","BOSS","M","M","M","M","$","R","M","E","T","?","M","?","R","?","R","BOSS"],"build_version":"2018-10-25v2","purchased_purges":1,"victory":false,"max_hp_per_floor":[82,82,82,82,82,82,84,84,84,84,84,84,84,84,84,84,84,84,84,84,84,84,84,86,88,88,88,90,90,90,90,90,90],"card_choices":[{"not_picked":["Storm","Gash"],"picked":"Ball Lightning","floor":1},{"not_picked":["Doom and Gloom","Turbo","Stack"],"picked":"Singing Bowl","floor":7},{"not_picked":["Beam Cell","Compile Driver"],"picked":"Ball Lightning","floor":11},{"not_picked":["Buffer","Static Discharge"],"picked":"Defragment","floor":14},{"not_picked":["Amplify","Electrodynamics"],"picked":"Core Surge+1","floor":16},{"not_picked":["Conserve Battery","Ball Lightning+1"],"picked":"BootSequence","floor":18},{"not_picked":["Undo","Barrage+1"],"picked":"Auto Shields","floor":19},{"not_picked":["Force Field","Hologram"],"picked":"Conserve Battery","floor":20},{"not_picked":["Turbo","Go for the Eyes+1"],"picked":"Coolheaded","floor":21},{"not_picked":["Aggregate","Streamline+1","Ball Lightning+1"],"picked":"Singing Bowl","floor":24},{"not_picked":["Compile Driver+1","Stack","Steam Power"],"picked":"Singing Bowl","floor":25},{"not_picked":["Rebound+1","Beam Cell+1","Skim"],"picked":"Singing Bowl","floor":28}],"player_experience":277468,"relics_obtained":[{"floor":4,"key":"Singing Bowl"},{"floor":9,"key":"Tiny Chest"},{"floor":13,"key":"Molten Egg 2"},{"floor":14,"key":"Bag of Preparation"},{"floor":25,"key":"Juzu Bracelet"},{"floor":26,"key":"Bottled Tornado"},{"floor":29,"key":"Meat on the Bone"},{"floor":31,"key":"Vajra"}],"event_choices":[{"damage_healed":0,"gold_gain":0,"player_choice":"2 cards matched","damage_taken":0,"max_hp_gain":0,"max_hp_loss":0,"event_name":"Match and Keep!","floor":3,"gold_loss":0,"cards_obtained":["Reboot","Self Repair"]},{"damage_healed":0,"gold_gain":175,"player_choice":"AGREE","damage_taken":0,"max_hp_gain":0,"max_hp_loss":0,"event_name":"Liars Game","floor":5,"gold_loss":0,"cards_obtained":["Doubt"]},{"damage_healed":0,"gold_gain":99,"player_choice":"Stole From Cult","damage_taken":0,"max_hp_gain":0,"max_hp_loss":0,"event_name":"Nest","floor":27,"gold_loss":0}],"is_beta":false,"boss_relics":[{"not_picked":["Orrery","Runic Pyramid"],"picked":"Sozu"}],"items_purged_floors":[22],"is_endless":false,"potions_floor_spawned":[11,16,19,24,25,28],"killed_by":"Collector","ascension_level":6}