{"gold_per_floor":[113,126,126,139,139,153,153,168,168,168,187,152,169,169,169,169],"floor_reached":16,"playtime":318,"items_purged":[],"score":179,"play_id":"5ce13030-e6b9-4375-869d-81db1fce0f23","local_time":"20190205105926","is_ascension_mode":true,"campfire_choices":[{"floor":7,"key":"REST"},{"floor":10,"key":"REST"},{"floor":15,"key":"REST"}],"neow_cost":"NONE","seed_source_timestamp":667319661067000,"circlet_count":0,"master_deck":["AscendersBane","Strike_R","Strike_R","Strike_R+1","Strike_R","Strike_R","Defend_R","Defend_R","Defend_R","Defend_R","Bash","Clash","Havoc+1","Clothesline","Clothesline"],"relics":["Velvet Choker","FaceOfCleric","Bottled Lightning"],"potions_floor_usage":[],"damage_taken":[{"damage":7,"enemies":"2 Louse","floor":1,"turns":3},{"damage":0,"enemies":"Small Slimes","floor":2,"turns":2},{"damage":2,"enemies":"Cultist","floor":4,"turns":4},{"damage":13,"enemies":"Large Slime","floor":6,"turns":5},{"damage":6,"enemies":"Blue Slaver","floor":8,"turns":3},{"damage":7,"enemies":"Exordium Thugs","floor":11,"turns":4},{"damage":0,"enemies":"2 Fungi Beasts","floor":13,"turns":2},{"damage":0,"enemies":"Hexaghost","floor":16,"turns":1}],"seed_played":"-1102048420187015032","potions_obtained":[{"floor":2,"key":"FearPotion"},{"floor":4,"key":"SteroidPotion"}],"is_trial":false,"path_per_floor":["M","M","?","M","?","M","R","M","T","R","M","?","M","?","R","B"],"character_chosen":"IRONCLAD","items_purchased":[],"campfire_rested":3,"item_purchase_floors":[],"current_hp_per_floor":[61,61,38,36,36,24,46,41,41,64,58,77,78,78,79,79],"gold":169,"neow_bonus":"BOSS_RELIC","is_prod":false,"is_daily":false,"chose_seed":false,"campfire_upgraded":0,"win_rate":0,"timestamp":1549360766,"path_taken":["M","M","?","M","?","?","R","M","T","R","M","?","M","?","R","BOSS"],"build_version":"2019-01-23","purchased_purges":0,"victory":false,"max_hp_per_floor":[75,75,75,75,75,76,76,77,77,77,78,78,79,79,79,79],"card_choices":[{"not_picked":["Anger","Reckless Charge"],"picked":"Clash","floor":1},{"not_picked":["Sword Boomerang","Shrug It Off"],"picked":"Havoc","floor":2},{"not_picked":["Entrench","Blood for Blood","True Grit"],"picked":"SKIP","floor":4},{"not_picked":["True Grit","Corruption","Flex"],"picked":"SKIP","floor":6},{"not_picked":["Second Wind","Armaments"],"picked":"Clothesline","floor":8},{"not_picked":["Fire Breathing","Infernal Blade"],"picked":"Clothesline","floor":11},{"not_picked":["Cleave","Searing Blow","Limit Break"],"picked":"SKIP","floor":13}],"player_experience":331233,"relics_obtained":[{"floor":9,"key":"Bottled Lightning"}],"event_choices":[{"damage_healed":0,"gold_gain":0,"player_choice":"Entered Light","damage_taken":23,"max_hp_gain":0,"max_hp_loss":0,"event_name":"Shining Light","floor":3,"gold_loss":0,"cards_upgraded":["Strike_R","Havoc"]},{"damage_healed":0,"gold_gain":0,"player_choice":"Trade","damage_taken":0,"relics_obtained":["FaceOfCleric"],"max_hp_gain":0,"max_hp_loss":0,"event_name":"FaceTrader","floor":5,"gold_loss":0},{"damage_healed":19,"gold_gain":0,"player_choice":"Healed","damage_taken":0,"max_hp_gain":0,"max_hp_loss":0,"event_name":"The Cleric","floor":12,"gold_loss":35},{"damage_healed":0,"gold_gain":0,"player_choice":"Got Potions","damage_taken":0,"max_hp_gain":0,"max_hp_loss":0,"event_name":"Lab","floor":14,"gold_loss":0}],"is_beta":false,"boss_relics":[],"items_purged_floors":[],"is_endless":false,"potions_floor_spawned":[2,4,13],"killed_by":"Hexaghost","ascension_level":18}