{"path_per_floor":["M","$","M","?","?","R","E","R","T","M","M","$","M","M","R","B",null,"M","M"],"character_chosen":"THE_SILENT","items_purchased":["Crippling Poison","Infinite Blades"],"gold_per_floor":[109,69,89,89,89,89,132,132,132,147,172,131,147,165,165,291,291,304,290],"floor_reached":20,"campfire_rested":2,"playtime":1520,"current_hp_per_floor":[70,70,70,53,53,70,34,34,34,26,23,23,9,8,29,18,70,50,27],"items_purged":[],"gold":290,"play_id":"39afb8ad-eed5-4abf-94b1-2bdf4ded05f6","is_prod":false,"is_daily":false,"campfire_rituals":0,"campfire_upgraded":1,"is_hardmode":false,"path_taken":["M","$","M","?","?","R","E","R","T","M","?","$","?","M","R","BOSS","M","M","M"],"build_version":"2018-01-11-PROD1","purchased_purges":0,"victory":false,"master_deck":["Defend_G","Defend_G","Defend_G","Defend_G","Defend_G","Strike_G","Strike_G","Strike_G","Strike_G","Strike_G","Survivor","Neutralize","Blade Dance","Crippling Poison","Predator","Cloak And Dagger","Sucker Punch","Dagger Spray","Infinite Blades","Storm of Steel","Footwork","Envenom","Dagger Spray","Bane"],"max_hp_per_floor":[70,70,70,70,70,70,70,70,70,70,70,70,70,70,70,70,70,70,70],"relics":["Ring of the Snake","Golden Idol","Mercury Hourglass","Oddly Smooth Stone","Black Star"],"campfire_meditates":0,"card_choices":[{"not_picked":["Deadly Poison","Backflip"],"picked":"Blade Dance"},{"not_picked":["Deadly Poison","PiercingWail"],"picked":"Predator"},{"not_picked":["Endless Agony","Heel Hook"],"picked":"Cloak And Dagger"},{"not_picked":["Slice","Skewer"],"picked":"Sucker Punch"},{"not_picked":["Deflect","PiercingWail"],"picked":"Dagger Spray"},{"not_picked":["Backflip","Acrobatics"],"picked":"Storm of Steel"},{"not_picked":["Slice","Poisoned Stab"],"picked":"Footwork"},{"not_picked":["Tactician","Corpse Explosion"],"picked":"Envenom"},{"not_picked":["Flying Knee","Slice"],"picked":"Dagger Spray"},{"not_picked":["Dodge and Roll","Underhanded Strike"],"picked":"Bane"}],"player_experience":53114,"potions_floor_usage":[14,16,16,20],"damage_taken":[{"damage":0,"enemies":"2 Louse","floor":1,"turns":2},{"damage":0,"enemies":"Cultist","floor":3,"turns":4},{"damage":36,"enemies":"3 Sentries","floor":7,"turns":9},{"damage":8,"enemies":"Small Slimes","floor":10,"turns":2},{"damage":3,"enemies":"Exordium Thugs","floor":11,"turns":4},{"damage":14,"enemies":"Gremlin Gang","floor":13,"turns":3},{"damage":4,"enemies":"3 Louse","floor":14,"turns":2},{"damage":26,"enemies":"Hexaghost","floor":16,"turns":14},{"damage":20,"enemies":"Shell Parasite","floor":18,"turns":6},{"damage":23,"enemies":"2 Thieves","floor":19,"turns":4},{"damage":37,"enemies":"3 Cultists","floor":20,"turns":5}],"event_choices":[{"event_name":"Golden Idol","player_choice":"Take Damage","floor":4,"damage_taken":0},{"event_name":"Living Wall","player_choice":"Grow","floor":5,"damage_taken":0}],"boss_relics":[{"not_picked":["The Specimen","Snecko Eye"],"picked":"Black Star"}],"potions_floor_spawned":[1,7,13,14],"seed_played":"7155235880224177180","killed_by":"3 Cultists","is_trial":false}