{"gold_per_floor":[115,129,79,79,254,254,318,318,399,430,442,467,455,467,479,614,626,654,661,673,685],"floor_reached":21,"playtime":609,"items_purged":[],"score":296,"play_id":"087870b8-980a-404d-a09b-3037ce59924a","local_time":"20181112215557","is_ascension_mode":true,"campfire_choices":[{"data":"Redo","floor":6,"key":"SMITH"},{"floor":8,"key":"REST"},{"data":"Darkness","floor":11,"key":"SMITH"},{"floor":15,"key":"REST"}],"neow_cost":"NONE","seed_source_timestamp":33044657994207,"circlet_count":0,"master_deck":["AscendersBane","Strike_B","Strike_B","Defend_B","Defend_B","Defend_B","Defend_B","Zap","Dualcast","Redo+1","Ball Lightning","Redo","Darkness+1","Machine Learning","Gash","Core Surge","Ball Lightning","Coolheaded","Rip and Tear"],"relics":["Cracked Core","Golden Idol","Tiny Chest","Darkstone Periapt","MawBank","Pocketwatch","Empty Cage"],"potions_floor_usage":[10,10,18,21],"damage_taken":[{"damage":0,"enemies":"Cultist","floor":1,"turns":3},{"damage":1,"enemies":"2 Louse","floor":2,"turns":2},{"damage":40,"enemies":"3 Sentries","floor":7,"turns":7},{"damage":8,"enemies":"Gremlin Nob","floor":10,"turns":3},{"damage":12,"enemies":"Jaw Worm","floor":12,"turns":2},{"damage":11,"enemies":"The Guardian","floor":16,"turns":6},{"damage":26,"enemies":"3 Byrds","floor":18,"turns":4},{"damage":29,"enemies":"2 Thieves","floor":19,"turns":4},{"damage":17,"enemies":"Centurion and Healer","floor":21,"turns":3}],"seed_played":"4395723015078778320","potions_obtained":[{"floor":1,"key":"Block Potion"},{"floor":7,"key":"Fire Potion"},{"floor":12,"key":"Fire Potion"},{"floor":18,"key":"Poison Potion"},{"floor":19,"key":"Ancient Potion"}],"is_trial":false,"path_per_floor":["M","M","?","?","?","R","E","R","T","E","R","M","?","?","R","B",null,"M","M","?","M"],"character_chosen":"DEFECT","items_purchased":[],"campfire_rested":2,"item_purchase_floors":[],"current_hp_per_floor":[68,67,67,67,67,67,27,49,49,41,41,29,29,17,39,28,63,37,8,8,0],"gold":685,"neow_bonus":"THREE_CARDS","is_prod":false,"is_daily":false,"chose_seed":false,"campfire_upgraded":2,"win_rate":0,"timestamp":1542027357,"path_taken":["M","?","?","?","?","R","E","R","T","E","R","M","?","?","R","BOSS","M","M","?","?"],"build_version":"2018-11-08","purchased_purges":0,"victory":false,"max_hp_per_floor":[75,75,75,75,75,75,75,75,75,75,75,75,75,75,75,75,75,75,75,75,75],"card_choices":[{"not_picked":["Hello World","Rebound"],"picked":"Redo","floor":0},{"not_picked":["Streamline","Doom and Gloom"],"picked":"Ball Lightning","floor":1},{"not_picked":["Fusion","Melter"],"picked":"Redo","floor":2},{"not_picked":["Fusion","Skim"],"picked":"Darkness","floor":7},{"not_picked":["Stack","Melter"],"picked":"Machine Learning","floor":10},{"not_picked":["Aggregate","Fusion"],"picked":"Gash","floor":12},{"not_picked":["Machine Learning","Biased Cognition"],"picked":"Core Surge","floor":16},{"not_picked":["Beam Cell+1","Sweeping Beam"],"picked":"Ball Lightning","floor":18},{"not_picked":["Recycle","Stack"],"picked":"Coolheaded","floor":19}],"player_experience":478754,"relics_obtained":[{"floor":7,"key":"Tiny Chest"},{"floor":9,"key":"Darkstone Periapt"},{"floor":10,"key":"MawBank"}],"event_choices":[{"cards_removed":["Strike_B"],"damage_healed":0,"gold_gain":0,"player_choice":"Card Removal","damage_taken":0,"max_hp_gain":0,"max_hp_loss":0,"event_name":"The Cleric","floor":3,"gold_loss":50},{"damage_healed":0,"gold_gain":0,"player_choice":"Take Wound","damage_taken":0,"relics_obtained":["Golden Idol"],"max_hp_gain":0,"max_hp_loss":0,"event_name":"Golden Idol","floor":4,"gold_loss":0,"cards_obtained":["Injury"]},{"damage_healed":0,"gold_gain":175,"player_choice":"AGREE","damage_taken":0,"max_hp_gain":0,"max_hp_loss":0,"event_name":"Liars Game","floor":5,"gold_loss":0,"cards_obtained":["Doubt"]},{"damage_healed":0,"gold_gain":0,"player_choice":"Left Gold","damage_taken":0,"max_hp_gain":0,"max_hp_loss":0,"event_name":"World of Goop","floor":13,"gold_loss":24},{"damage_healed":0,"gold_gain":0,"player_choice":"Success","damage_taken":12,"relics_obtained":["Pocketwatch"],"max_hp_gain":0,"max_hp_loss":0,"event_name":"Scrap Ooze","floor":14,"gold_loss":0},{"damage_healed":0,"gold_gain":0,"cards_transformed":["Strike_B"],"player_choice":"Transformed","damage_taken":0,"max_hp_gain":0,"max_hp_loss":0,"event_name":"Transmorgrifier","floor":20,"gold_loss":0,"cards_obtained":["Rip and Tear"]}],"is_beta":false,"boss_relics":[{"not_picked":["Calling Bell","Runic Dome"],"picked":"Empty Cage"}],"items_purged_floors":[],"is_endless":false,"potions_floor_spawned":[1,7,12,18,19],"killed_by":"Centurion and Healer","ascension_level":12}