{"gold_per_floor":[109,127,127,145,71,71,111,111,165,190,213,213,236,257,257,376,376,389,389,407,47,47,86,86,86,133,6,6,20,20,36,36,36],"floor_reached":33,"playtime":1373,"items_purged":["Strike_G"],"score":374,"play_id":"f211ad81-b002-472a-9b8d-3d2c64c40eb1","local_time":"20190216194220","is_ascension_mode":true,"campfire_choices":[{"data":"Footwork","floor":6.0,"key":"SMITH"},{"data":"Backstab","floor":8.0,"key":"SMITH"},{"data":"Glass Knife","floor":12.0,"key":"SMITH"},{"data":"Skewer","floor":15.0,"key":"SMITH"},{"floor":24.0,"key":"REST"},{"data":"RitualDagger","floor":28.0,"key":"SMITH"},{"floor":30,"key":"REST"},{"floor":32,"key":"REST"}],"neow_cost":"NONE","seed_source_timestamp":0,"circlet_count":0,"master_deck":["Defend_G","Defend_G","Defend_G","Defend_G","Defend_G","Strike_G","Strike_G","Strike_G","Strike_G","Survivor","Neutralize+1","Blur","Heel Hook","Footwork+1","Backstab+1","Glass Knife+1","Cloak And Dagger","Skewer+1","After Image","RitualDagger+1","Backflip","Caltrops","Poisoned Stab","Wraith Form v2","Noxious Fumes","Backflip"],"special_seed":0,"relics":["Ring of the Snake","Golden Idol","Strawberry","Blood Vial","Black Star","Paper Crane","Potion Belt","Lantern","Pen Nib"],"potions_floor_usage":[33],"damage_taken":[{"damage":0.0,"enemies":"Cultist","floor":1.0,"turns":5.0},{"damage":4.0,"enemies":"Jaw Worm","floor":2.0,"turns":8.0},{"damage":0.0,"enemies":"2 Louse","floor":4.0,"turns":5.0},{"damage":32.0,"enemies":"Gremlin Nob","floor":7.0,"turns":5.0},{"damage":0.0,"enemies":"Blue Slaver","floor":10.0,"turns":5.0},{"damage":1.0,"enemies":"2 Fungi Beasts","floor":11.0,"turns":3.0},{"damage":0.0,"enemies":"3 Louse","floor":13.0,"turns":2.0},{"damage":0.0,"enemies":"Blue Slaver","floor":14.0,"turns":4.0},{"damage":26.0,"enemies":"Slime Boss","floor":16.0,"turns":11.0},{"damage":6.0,"enemies":"2 Thieves","floor":18.0,"turns":5.0},{"damage":10.0,"enemies":"Spheric Guardian","floor":20.0,"turns":4.0},{"damage":26.0,"enemies":"Gremlin Leader","floor":23.0,"turns":8.0},{"damage":36.0,"enemies":"Snecko","floor":29.0,"turns":6.0},{"damage":18,"enemies":"Snake Plant","floor":31,"turns":6},{"damage":32,"enemies":"Collector","floor":33,"turns":6}],"seed_played":"531737980800380651","potions_obtained":[{"floor":2.0,"key":"AttackPotion"},{"floor":4.0,"key":"SkillPotion"},{"floor":10.0,"key":"GhostInAJar"},{"floor":16.0,"key":"Swift Potion"},{"floor":20.0,"key":"LiquidBronze"},{"floor":29.0,"key":"FearPotion"}],"is_trial":false,"path_per_floor":["M","M","?","M","$","R","E","R","T","M","M","R","M","M","R","B",null,"M","?","M","$","?","E","R","?","T","$","R","M","R","M","R","B"],"character_chosen":"THE_SILENT","items_purchased":["Footwork","Paper Crane","Caltrops","Noxious Fumes","PowerPotion"],"campfire_rested":3,"item_purchase_floors":[5,21,21,27,27],"current_hp_per_floor":[63,59,59,59,59,59,34,34,34,36,37,37,39,41,41,17,58,54,48,40,40,40,16,37,37,37,37,37,3,24,8,29,0],"gold":36,"neow_bonus":"UPGRADE_CARD","is_prod":false,"is_daily":false,"chose_seed":false,"campfire_upgraded":5,"win_rate":0,"timestamp":1550342540,"path_taken":["M","M","?","M","$","R","E","R","T","M","M","R","M","M","R","BOSS","M","?","M","$","?","E","R","?","T","?","R","M","R","M","R","BOSS"],"build_version":"2019-01-23","purchased_purges":1,"victory":false,"max_hp_per_floor":[70,70,65,65,65,65,72,72,72,72,72,72,72,72,72,72,72,72,72,72,72,72,72,72,72,72,72,72,72,72,72,72,72],"card_choices":[{"not_picked":["Cloak And Dagger","Backflip"],"picked":"Blur","floor":1.0},{"not_picked":["Outmaneuver","Underhanded Strike","Expertise"],"picked":"SKIP","floor":2.0},{"not_picked":["Blade Dance","Cloak And Dagger"],"picked":"Heel Hook","floor":4.0},{"not_picked":["Terror","Setup"],"picked":"Backstab","floor":7.0},{"not_picked":["Bane","Quick Slash","Outmaneuver"],"picked":"SKIP","floor":10.0},{"not_picked":["Endless Agony","Dagger Throw"],"picked":"Glass Knife","floor":11.0},{"not_picked":["Flying Knee","Underhanded Strike"],"picked":"Cloak And Dagger","floor":13.0},{"not_picked":["Finisher","Blade Dance"],"picked":"Skewer","floor":14.0},{"not_picked":["Die Die Die","Tools of the Trade"],"picked":"After Image","floor":16.0},{"not_picked":["Heel Hook","Outmaneuver","Expertise"],"picked":"SKIP","floor":18.0},{"not_picked":["Blade Dance+1","Poisoned Stab+1"],"picked":"Backflip","floor":20.0},{"not_picked":["Deflect","Flying Knee"],"picked":"Poisoned Stab","floor":23.0},{"not_picked":["Poisoned Stab+1","Underhanded Strike"],"picked":"Backflip","floor":29.0},{"not_picked":["Deflect+1","Flechettes","Dagger Throw+1"],"picked":"SKIP","floor":31}],"player_experience":437933,"relics_obtained":[{"floor":7.0,"key":"Strawberry"},{"floor":9.0,"key":"Blood Vial"},{"floor":23.0,"key":"Potion Belt"},{"floor":23.0,"key":"Lantern"},{"floor":26.0,"key":"Pen Nib"}],"event_choices":[{"damage_healed":0.0,"max_hp_gain":0.0,"max_hp_loss":5.0,"gold_gain":0.0,"event_name":"Golden Idol","player_choice":"Lose Max HP","floor":3.0,"gold_loss":0.0,"damage_taken":0.0,"relics_obtained":["Golden Idol"]},{"damage_healed":0.0,"max_hp_gain":0.0,"max_hp_loss":0.0,"gold_gain":0.0,"event_name":"Nest","player_choice":"Joined the Cult","floor":19.0,"gold_loss":0.0,"damage_taken":6.0,"cards_obtained":["RitualDagger"]},{"damage_healed":0.0,"max_hp_gain":0.0,"max_hp_loss":0.0,"gold_gain":0.0,"event_name":"Beggar","player_choice":"Ignored","floor":22.0,"gold_loss":0.0,"damage_taken":0.0},{"damage_healed":0.0,"max_hp_gain":0.0,"max_hp_loss":0.0,"gold_gain":0.0,"event_name":"The Library","player_choice":"Read","floor":25.0,"gold_loss":0.0,"damage_taken":0.0,"cards_obtained":["Wraith Form v2"]}],"is_beta":false,"boss_relics":[{"not_picked":["Eternal Feather","Runic Dome"],"picked":"Black Star"}],"items_purged_floors":[21],"is_endless":false,"potions_floor_spawned":[2,4,10,16,20,29],"killed_by":"Collector","ascension_level":8}