{"gold_per_floor":[119,130,146,74,74,74,74,104,128,141,161,161,86,96,96,200,200,219,65,65,81,81,81],"floor_reached":23,"playtime":1251,"items_purged":["Pain"],"score":191,"play_id":"d8690771-b0f2-4a16-9e4c-47bd3c714681","local_time":"20190215014153","is_ascension_mode":false,"campfire_choices":[{"floor":12,"key":"REST"},{"data":"Rampage","floor":15,"key":"SMITH"}],"neow_cost":"NONE","seed_source_timestamp":58475921457608,"circlet_count":0,"master_deck":["Strike_R","Strike_R","Strike_R","Strike_R","Strike_R","Defend_R","Defend_R+1","Bash","Cleave","Headbutt","Clash","Warcry+1","Pommel Strike","Rampage+1","Limit Break","Perfected Strike","Limit Break","Twin Strike","Perfected Strike"],"relics":["Burning Blood","WarpedTongs","Pen Nib","War Paint","Regal Pillow","Snecko Eye"],"potions_floor_usage":[16,16,16],"damage_taken":[{"damage":4,"enemies":"Jaw Worm","floor":1,"turns":5},{"damage":5,"enemies":"Cultist","floor":2,"turns":4},{"damage":8,"enemies":"2 Louse","floor":3,"turns":3},{"damage":14,"enemies":"Gremlin Nob","floor":8,"turns":4},{"damage":3,"enemies":"Exordium Thugs","floor":10,"turns":2},{"damage":15,"enemies":"Blue Slaver","floor":11,"turns":3},{"damage":0,"enemies":"Large Slime","floor":14,"turns":5},{"damage":18,"enemies":"Slime Boss","floor":16,"turns":9},{"damage":39,"enemies":"Shell Parasite","floor":18,"turns":5},{"damage":24,"enemies":"Spheric Guardian","floor":21,"turns":4},{"damage":45,"enemies":"Shelled Parasite and Fungi","floor":23,"turns":2}],"seed_played":"-2364364557865992305","potions_obtained":[{"floor":10,"key":"Weak Potion"},{"floor":11,"key":"Poison Potion"},{"floor":14,"key":"Block Potion"}],"is_trial":false,"path_per_floor":["M","M","M","$","?","$","?","E","T","M","M","R","$","M","R","B",null,"M","$","?","M","?","M"],"character_chosen":"IRONCLAD","items_purchased":["Clash","Warcry","Limit Break"],"campfire_rested":1,"item_purchase_floors":[4,4,19],"current_hp_per_floor":[80,80,78,78,78,78,71,63,63,66,57,80,80,80,80,68,80,47,47,47,29,29,0],"gold":81,"neow_bonus":"REMOVE_CARD","is_prod":false,"is_daily":false,"chose_seed":false,"campfire_upgraded":1,"win_rate":0.0,"timestamp":1550162513,"path_taken":["M","M","M","$","?","?","?","E","T","M","?","R","$","M","R","BOSS","M","$","?","M","?","M"],"build_version":"2019-01-23","purchased_purges":1,"victory":false,"max_hp_per_floor":[80,80,80,80,80,80,80,80,80,80,80,80,80,80,80,80,80,80,80,80,80,80,80],"card_choices":[{"not_picked":["Clothesline","Flex"],"picked":"Cleave","floor":1},{"not_picked":["Bloodletting","Power Through","Armaments"],"picked":"SKIP","floor":2},{"not_picked":["Power Through","Iron Wave"],"picked":"Headbutt","floor":3},{"not_picked":["Seeing Red","Reckless Charge","Uppercut"],"picked":"SKIP","floor":8},{"not_picked":["Sever Soul","True Grit"],"picked":"Pommel Strike","floor":10},{"not_picked":["Armaments","Seeing Red","Flex"],"picked":"SKIP","floor":11},{"not_picked":["Impervious","Headbutt"],"picked":"Rampage","floor":14},{"not_picked":["Bludgeon","Berserk"],"picked":"Limit Break","floor":16},{"not_picked":["Spot Weakness","Pommel Strike"],"picked":"Perfected Strike","floor":18},{"not_picked":["Body Slam","Dual Wield"],"picked":"Twin Strike","floor":21}],"player_experience":14003,"relics_obtained":[{"floor":8,"key":"War Paint"},{"floor":9,"key":"Regal Pillow"}],"event_choices":[{"damage_healed":0,"gold_gain":0,"player_choice":"Rummage","damage_taken":0,"relics_obtained":["WarpedTongs"],"max_hp_gain":0,"max_hp_loss":0,"event_name":"Accursed Blacksmith","floor":5,"gold_loss":0,"cards_obtained":["Pain"]},{"damage_healed":0,"gold_gain":0,"player_choice":"Success","damage_taken":7,"relics_obtained":["Pen Nib"],"max_hp_gain":0,"max_hp_loss":0,"event_name":"Scrap Ooze","floor":7,"gold_loss":0},{"cards_removed":["Defend_R"],"damage_healed":0,"gold_gain":0,"player_choice":"Elegance","damage_taken":0,"max_hp_gain":0,"max_hp_loss":0,"event_name":"Back to Basics","floor":20,"gold_loss":0},{"damage_healed":0,"gold_gain":0,"player_choice":"Copied","damage_taken":0,"max_hp_gain":0,"max_hp_loss":0,"event_name":"Duplicator","floor":22,"gold_loss":0,"cards_obtained":["Perfected Strike"]}],"is_beta":false,"boss_relics":[{"not_picked":["Runic Dome","Busted Crown"],"picked":"Snecko Eye"}],"items_purged_floors":[13],"is_endless":false,"potions_floor_spawned":[10,11,14],"killed_by":"Shelled Parasite and Fungi","ascension_level":0}