{"path_per_floor":["M","M","?","M","$","E","M","R","T","M","M","R","M","M","R","B",null,"M","$","M","M","M","R","M"],"character_chosen":"THE_SILENT","items_purchased":["PiercingWail","Toolbox"],"gold_per_floor":[109,129,129,146,123,155,168,168,191,201,213,213,224,236,236,335,335,352,112,131,149,166,166,180],"floor_reached":25,"campfire_rested":1,"playtime":2249,"current_hp_per_floor":[70,70,70,67,67,58,58,58,58,58,58,58,58,56,56,40,70,70,70,70,43,2,23,6],"items_purged":[],"gold":180,"play_id":"67acf95b-531f-45a0-9586-efb013a6e945","is_prod":false,"is_daily":false,"is_ascension_mode":false,"campfire_upgraded":3,"path_taken":["M","M","?","M","$","E","M","R","T","M","M","R","M","M","R","BOSS","M","$","M","M","?","R","?","E"],"build_version":"2018-02-01-PROD3","purchased_purges":0,"victory":false,"master_deck":["Defend_G","Defend_G","Defend_G","Defend_G","Defend_G","Strike_G","Strike_G","Strike_G","Strike_G","Strike_G","Survivor","Neutralize+1","Adrenaline+1","Finisher","Setup","Blade Dance","PiercingWail","Flying Knee","Dagger Spray","All Out Attack","Terror+1","Flying Knee","Dagger Throw","A Thousand Cuts","Outmaneuver","Noxious Fumes","Poisoned Stab","Sucker Punch","Poisoned Stab+1"],"max_hp_per_floor":[70,70,70,70,70,70,70,70,70,70,70,70,70,70,70,70,70,70,70,70,70,70,70,70],"relics":["Ring of the Snake","Orichalcum","Mummified Hand","Snake Skull","Lizard Tail","Toolbox"],"card_choices":[{"not_picked":["Predator","Blade Dance"],"picked":"Finisher"},{"not_picked":["Sucker Punch","Backstab"],"picked":"Setup"},{"not_picked":["PiercingWail","Crippling Poison"],"picked":"Blade Dance"},{"not_picked":["Backflip","Accuracy"],"picked":"Flying Knee"},{"not_picked":["Riddle With Holes","Blade Dance"],"picked":"Dagger Spray"},{"not_picked":["Sucker Punch","Deadly Poison"],"picked":"All Out Attack"},{"not_picked":["Cloak And Dagger","Crippling Poison"],"picked":"Terror"},{"not_picked":["Prepared","Bane"],"picked":"Flying Knee"},{"not_picked":["Cloak And Dagger","Acrobatics"],"picked":"Dagger Throw"},{"not_picked":["Tactician","Venomology"],"picked":"A Thousand Cuts"},{"not_picked":["Prepared","Bane"],"picked":"Outmaneuver"},{"not_picked":["Slice","Prepared"],"picked":"Noxious Fumes"},{"not_picked":["Cloak And Dagger","Deadly Poison"],"picked":"Poisoned Stab"},{"not_picked":["Backflip","Dagger Spray"],"picked":"Sucker Punch"},{"not_picked":["Choke","Deadly Poison"],"picked":"Poisoned Stab"}],"player_experience":143356,"potions_floor_usage":[16],"damage_taken":[{"damage":0,"enemies":"2 Louse","floor":1,"turns":3},{"damage":0,"enemies":"Cultist","floor":2,"turns":3},{"damage":3,"enemies":"Blue Slaver","floor":4,"turns":3},{"damage":9,"enemies":"Gremlin Nob","floor":6,"turns":4},{"damage":0,"enemies":"Lots of Slimes","floor":7,"turns":5},{"damage":0,"enemies":"Gremlin Gang","floor":10,"turns":2},{"damage":0,"enemies":"Large Slime","floor":11,"turns":4},{"damage":0,"enemies":"3 Louse","floor":13,"turns":3},{"damage":2,"enemies":"Looter","floor":14,"turns":2},{"damage":16,"enemies":"Slime Boss","floor":16,"turns":10},{"damage":0,"enemies":"Spheric Guardian","floor":18,"turns":1},{"damage":0,"enemies":"Shell Parasite","floor":20,"turns":2},{"damage":27,"enemies":"Snake Plant","floor":21,"turns":5},{"damage":41,"enemies":"Sentry and Sphere","floor":22,"turns":7},{"damage":17,"enemies":"Slaver and Parasite","floor":24,"turns":5},{"damage":44,"enemies":"Gremlin Leader","floor":25,"turns":5}],"event_choices":[{"event_name":"Wheel of Change","player_choice":"Relic","floor":3,"damage_taken":0}],"boss_relics":[{"not_picked":["White Beast Statue","Ectoplasm"],"picked":"Lizard Tail"}],"potions_floor_spawned":[1,2,4,7,11,13,18,20,22],"seed_played":"-311986203408063964","killed_by":"Gremlin Leader","ascension_level":0,"is_trial":false}