{"path_per_floor":["M","?","?","M","$","R","M","M","T","R","M","E","M","M","R","B",null,"M","$","?","?","?","R","M"],"character_chosen":"THE_SILENT","items_purchased":["Flying Knee","Dagger Spray","Oddly Smooth Stone"],"gold_per_floor":[114,114,114,130,105,105,125,141,141,141,153,181,194,208,208,309,309,321,147,147,147,347,347,357],"floor_reached":25,"campfire_rested":1,"playtime":2522,"current_hp_per_floor":[75,80,80,77,77,77,72,67,67,67,64,54,54,46,70,38,92,66,66,50,50,50,50,30],"items_purged":[],"gold":357,"play_id":"011b69f2-b5a3-4658-8738-05a71ab895a7","is_prod":false,"is_daily":false,"is_ascension_mode":false,"campfire_upgraded":3,"path_taken":["M","?","?","M","$","R","M","M","T","R","?","E","?","M","R","BOSS","M","$","?","?","?","R","M","E"],"build_version":"2018-01-25-PROD2","purchased_purges":0,"victory":false,"master_deck":["Defend_G","Defend_G","Defend_G","Defend_G","Strike_G","Strike_G","Strike_G","Strike_G","Strike_G","Survivor","Neutralize+1","Terror+1","Dagger Throw","Flying Knee","Cloak And Dagger","Dash","Poisoned Stab","Cloak And Dagger","Outmaneuver","A Thousand Cuts+1","Tactician","Writhe","Clumsy","Clumsy","Dagger Throw+1","Dagger Spray","Backflip+1"],"max_hp_per_floor":[77,82,82,82,82,82,82,82,82,82,82,82,82,82,82,82,92,92,92,92,92,92,92,92],"relics":["Ring of the Snake","Ginger","Sundial","Calling Bell","Darkstone Periapt","Lantern","Pear","Oddly Smooth Stone","Enchiridion"],"card_choices":[{"not_picked":["Sucker Punch","Backstab"],"picked":"Terror"},{"not_picked":["Leg Sweep","Heel Hook"],"picked":"Dagger Throw"},{"not_picked":["Deflect","Bane"],"picked":"Cloak And Dagger"},{"not_picked":["Terror","Caltrops"],"picked":"Dash"},{"not_picked":["Acrobatics","Setup"],"picked":"Poisoned Stab"},{"not_picked":["Prepared","PiercingWail"],"picked":"Cloak And Dagger"},{"not_picked":["Envenom","Bane"],"picked":"Outmaneuver"},{"not_picked":["Dagger Spray","Backflip"],"picked":"A Thousand Cuts"},{"not_picked":["Wraith Form","Unload"],"picked":"Tactician"},{"not_picked":["Prepared","Bane"],"picked":"Dagger Throw"},{"not_picked":["Bouncing Flask","Deflect"],"picked":"Backflip"}],"player_experience":135845,"potions_floor_usage":[16],"damage_taken":[{"damage":2,"enemies":"2 Louse","floor":1,"turns":3},{"damage":3,"enemies":"Jaw Worm","floor":4,"turns":3},{"damage":5,"enemies":"Blue Slaver","floor":7,"turns":2},{"damage":5,"enemies":"3 Louse","floor":8,"turns":3},{"damage":3,"enemies":"Red Slaver","floor":11,"turns":2},{"damage":10,"enemies":"Lagavulin","floor":12,"turns":5},{"damage":0,"enemies":"Looter","floor":13,"turns":2},{"damage":8,"enemies":"Gremlin Gang","floor":14,"turns":5},{"damage":32,"enemies":"Hexaghost","floor":16,"turns":12},{"damage":26,"enemies":"Shell Parasite","floor":18,"turns":7},{"damage":20,"enemies":"2 Thieves","floor":24,"turns":3},{"damage":31,"enemies":"Slavers","floor":25,"turns":2}],"event_choices":[{"event_name":"Big Fish","player_choice":"Donut","floor":2,"damage_taken":0},{"event_name":"Bonfire Elementals","player_choice":"BASIC","floor":3,"damage_taken":0},{"event_name":"Cursed Tome","player_choice":"Obtained Book","floor":20,"damage_taken":0},{"event_name":"Vampires","player_choice":"Ignored","floor":21,"damage_taken":0},{"event_name":"The Joust","player_choice":"Bet on Owner","floor":22,"damage_taken":0}],"boss_relics":[{"not_picked":["Sozu","Cursed Key"],"picked":"Calling Bell"}],"potions_floor_spawned":[1,8,13,14,16,24],"seed_played":"-2915734760355322110","killed_by":"Slavers","ascension_level":0,"is_trial":false}