{"path_per_floor":["M","$","M","?","?","E","M","R","T","M","?","R","$","M","R","B",null,"M","M","$","?","M","E","?","R","T","M","M","E","M","M","R"],"character_chosen":"THE_SILENT","items_purchased":["Mango","Prepared"],"gold_per_floor":[213,213,233,233,233,259,274,274,298,318,318,318,12,23,23,128,128,147,163,139,54,70,100,100,100,100,113,131,159,179,189,189],"floor_reached":33,"campfire_rested":4,"playtime":2133,"current_hp_per_floor":[68,68,64,64,64,39,27,48,48,46,46,67,81,71,71,12,84,58,46,46,46,45,28,28,53,53,49,42,41,25,24,51],"items_purged":[],"gold":189,"score":314,"play_id":"cb62ed7f-c35d-4573-9343-b7a07e525c5c","is_prod":false,"is_daily":false,"is_ascension_mode":false,"campfire_upgraded":1,"path_taken":["M","$","M","?","?","E","?","R","T","M","?","R","$","M","R","BOSS","M","M","$","?","M","E","?","R","T","?","M","E","M","M","R","BOSS"],"build_version":"2018-02-12-PROD1","purchased_purges":0,"victory":false,"master_deck":["Defend_G+1","Defend_G+1","Defend_G+1","Defend_G+1","Defend_G+1","Strike_G+1","Strike_G+1","Strike_G+1","Strike_G+1","Strike_G+1","Survivor","Neutralize","Quick Slash","Quick Slash","Finesse","Crippling Poison","Dagger Spray+1","Distraction","Burst+1","Adrenaline","Riddle With Holes+1","Leg Sweep","Prepared","Quick Slash+1","Reflex","Doubt","Blur+1","Slice","Backflip","Flying Knee","Bouncing Flask+1"],"max_hp_per_floor":[70,70,70,70,70,70,70,70,70,70,70,70,84,84,84,84,84,84,84,84,84,84,84,84,84,84,84,84,91,91,91,91],"relics":["Ring of the Snake","Bronze Scales","Orichalcum","Mango","Cursed Key","Lantern","Anchor","Snake Skull","Strawberry"],"card_choices":[{"not_picked":["Sucker Punch","Backstab"],"picked":"Quick Slash"},{"not_picked":["Sucker Punch","Acrobatics"],"picked":"Quick Slash"},{"not_picked":["Deadly Poison","Flechettes"],"picked":"Crippling Poison"},{"not_picked":["Cloak And Dagger","Deadly Poison"],"picked":"Dagger Spray"},{"not_picked":["Reflex","Underhanded Strike"],"picked":"Distraction"},{"not_picked":["Dagger Throw","Caltrops"],"picked":"Burst"},{"not_picked":["Wraith Form","Storm of Steel"],"picked":"Adrenaline"},{"not_picked":["Well Laid Plans","Quick Slash"],"picked":"Riddle With Holes"},{"not_picked":["Dagger Throw","Acrobatics"],"picked":"Leg Sweep"},{"not_picked":["Deadly Poison","Dodge and Roll"],"picked":"Quick Slash"},{"not_picked":["Accuracy","Wraith Form"],"picked":"Reflex"},{"not_picked":["Prepared","Flying Knee"],"picked":"Blur"},{"not_picked":["Dash","Bane"],"picked":"Slice"},{"not_picked":["Outmaneuver","Escape Plan"],"picked":"Backflip"},{"not_picked":["Deflect","Masterful Stab"],"picked":"Flying Knee"},{"not_picked":["Riddle With Holes","Deflect"],"picked":"Bouncing Flask"}],"player_experience":174032,"potions_floor_usage":[16,16,22,23,30,31,33],"damage_taken":[{"damage":2,"enemies":"Jaw Worm","floor":1,"turns":4},{"damage":4,"enemies":"Cultist","floor":3,"turns":3},{"damage":25,"enemies":"3 Sentries","floor":6,"turns":8},{"damage":12,"enemies":"Blue Slaver","floor":7,"turns":3},{"damage":2,"enemies":"3 Louse","floor":10,"turns":3},{"damage":10,"enemies":"Lots of Slimes","floor":14,"turns":2},{"damage":59,"enemies":"Hexaghost","floor":16,"turns":13},{"damage":26,"enemies":"Spheric Guardian","floor":18,"turns":5},{"damage":12,"enemies":"2 Thieves","floor":19,"turns":4},{"damage":1,"enemies":"Snake Plant","floor":22,"turns":3},{"damage":17,"enemies":"Book of Stabbing","floor":23,"turns":7},{"damage":4,"enemies":"Slaver and Parasite","floor":27,"turns":5},{"damage":7,"enemies":"Snecko","floor":28,"turns":4},{"damage":8,"enemies":"Slavers","floor":29,"turns":4},{"damage":16,"enemies":"Cultist and Chosen","floor":30,"turns":6},{"damage":1,"enemies":"Centurion and Healer","floor":31,"turns":4},{"damage":52,"enemies":"Automaton","floor":33,"turns":8}],"event_choices":[{"event_name":"The Cleric","player_choice":"Leave","floor":4,"damage_taken":0},{"event_name":"Match and Keep!","player_choice":"1 cards matched","floor":5,"damage_taken":0},{"event_name":"Living Wall","player_choice":"Grow","floor":11,"damage_taken":0},{"event_name":"Addict","player_choice":"Obtained Relic","floor":21,"damage_taken":0},{"event_name":"Back to Basics","player_choice":"Simplicity","floor":24,"damage_taken":0}],"boss_relics":[{"not_picked":["White Beast Statue","Runic Pyramid"],"picked":"Cursed Key"}],"potions_floor_spawned":[1,6,10,18,29],"seed_played":"-3683722676378803530","killed_by":"Automaton","ascension_level":0,"is_trial":false}