{"gold_per_floor":[10,10,10,31,56,56,87,101,173,123,123],"floor_reached":11,"playtime":444,"items_purged":[],"score":102,"play_id":"1ee859c6-ccb2-4b90-9219-fcf74bab5dc8","local_time":"20190127220043","is_ascension_mode":true,"campfire_choices":[{"data":"Armaments","floor":6,"key":"SMITH"}],"neow_cost":"NO_GOLD","seed_source_timestamp":186154392330795,"circlet_count":0,"master_deck":["Strike_R","Strike_R","Strike_R","Defend_R","Defend_R","Defend_R","Defend_R","Bash","Armaments+1","Whirlwind","Body Slam","Sentinel"],"relics":["Burning Blood","Champion Belt","Golden Idol","Turnip","The Courier"],"potions_floor_usage":[11,11],"damage_taken":[{"damage":8,"enemies":"Jaw Worm","floor":1,"turns":4},{"damage":1,"enemies":"Small Slimes","floor":4,"turns":4},{"damage":6,"enemies":"2 Louse","floor":5,"turns":4},{"damage":32,"enemies":"3 Sentries","floor":7,"turns":11},{"damage":1,"enemies":"Exordium Wildlife","floor":8,"turns":3},{"damage":44,"enemies":"Gremlin Nob","floor":11,"turns":5}],"seed_played":"-3667270235990773530","potions_obtained":[{"floor":4,"key":"PowerPotion"},{"floor":8,"key":"LiquidBronze"}],"is_trial":false,"path_per_floor":["M","?","?","M","M","R","E","M","T","?","E"],"character_chosen":"IRONCLAD","items_purchased":[],"campfire_rested":0,"item_purchase_floors":[],"current_hp_per_floor":[70,50,50,55,55,55,29,34,34,34,0],"gold":123,"neow_bonus":"ONE_RARE_RELIC","is_prod":false,"is_daily":false,"chose_seed":false,"campfire_upgraded":1,"win_rate":0,"timestamp":1548619243,"path_taken":["M","?","?","M","M","R","E","M","T","?","E"],"build_version":"2019-01-23","purchased_purges":0,"victory":false,"max_hp_per_floor":[80,80,80,80,80,80,80,80,80,80,80],"card_choices":[{"not_picked":["Headbutt","Sword Boomerang"],"picked":"Armaments","floor":1},{"not_picked":["Second Wind","Anger","Heavy Blade"],"picked":"SKIP","floor":4},{"not_picked":["Twin Strike","Clothesline"],"picked":"Whirlwind","floor":5},{"not_picked":["Clash","Clothesline"],"picked":"Body Slam","floor":7},{"not_picked":["Pummel","Armaments"],"picked":"Sentinel","floor":8}],"player_experience":154233,"relics_obtained":[{"floor":7,"key":"Turnip"},{"floor":9,"key":"The Courier"}],"event_choices":[{"damage_healed":0,"gold_gain":0,"player_choice":"Take Damage","damage_taken":20,"relics_obtained":["Golden Idol"],"max_hp_gain":0,"max_hp_loss":0,"event_name":"Golden Idol","floor":2,"gold_loss":0},{"cards_removed":["Strike_R"],"damage_healed":0,"gold_gain":0,"player_choice":"Forget","damage_taken":0,"max_hp_gain":0,"max_hp_loss":0,"event_name":"Living Wall","floor":3,"gold_loss":0},{"cards_removed":["Strike_R"],"damage_healed":0,"gold_gain":0,"player_choice":"Card Removal","damage_taken":0,"max_hp_gain":0,"max_hp_loss":0,"event_name":"The Cleric","floor":10,"gold_loss":50}],"is_beta":false,"boss_relics":[],"items_purged_floors":[],"is_endless":false,"potions_floor_spawned":[4,8],"killed_by":"Gremlin Nob","ascension_level":8}