{"path_per_floor":["M","M","?","?","M","M","R","M","T","?","R","M","R","T","R"],"character_chosen":"IRONCLAD","items_purchased":[],"gold_per_floor":[115,133,133,208,227,240,240,259,259,259,259,275,275,353,353,353],"floor_reached":16,"campfire_rested":2,"playtime":413,"current_hp_per_floor":[72,63,43,32,25,20,44,24,24,29,54,46,46,46,46,71],"items_purged":[],"gold":353,"score":120,"play_id":"bb59470e-134a-4a17-afe2-84aa11c669b8","local_time":"20180519125534","is_prod":false,"is_daily":false,"chose_seed":false,"is_ascension_mode":true,"campfire_upgraded":2,"timestamp":1526727334,"campfire_choices":[{"floor":7,"key":"REST"},{"floor":11,"key":"REST"},{"data":"Pommel Strike","floor":13,"key":"SMITH"},{"data":"Warcry","floor":15,"key":"SMITH"}],"path_taken":["M","M","?","?","M","M","R","M","T","?","R","?","R","?","R","BOSS"],"build_version":"2018-05-17","seed_source_timestamp":473592482507444,"purchased_purges":0,"victory":false,"master_deck":["Strike_R","Strike_R","Strike_R","Strike_R","Strike_R","Defend_R","Defend_R","Defend_R","Defend_R","Bash","Pommel Strike+1","Shrug It Off","Warcry+1"],"max_hp_per_floor":[80,80,80,80,80,80,80,80,80,85,85,85,85,85,85,85],"relics":["Runic Pyramid","Golden Idol","Pantograph","Tiny Chest"],"card_choices":[{"not_picked":["Heavy Blade","Iron Wave","Twin Strike"],"picked":"SKIP","floor":1},{"not_picked":["Feel No Pain","Armaments"],"picked":"Pommel Strike","floor":2},{"not_picked":["Body Slam","Sword Boomerang","Exhume"],"picked":"SKIP","floor":5},{"not_picked":["Heavy Blade","Burning Pact","Headbutt"],"picked":"SKIP","floor":6},{"not_picked":["Havoc","Sword Boomerang"],"picked":"Shrug It Off","floor":8},{"not_picked":["Feel No Pain","Headbutt"],"picked":"Warcry","floor":12}],"player_experience":102958,"potions_floor_usage":[16],"damage_taken":[{"damage":0,"enemies":"Small Slimes","floor":1,"turns":5},{"damage":9,"enemies":"2 Louse","floor":2,"turns":4},{"damage":7,"enemies":"Jaw Worm","floor":5,"turns":3},{"damage":5,"enemies":"2 Fungi Beasts","floor":6,"turns":4},{"damage":20,"enemies":"Large Slime","floor":8,"turns":7},{"damage":8,"enemies":"Exordium Wildlife","floor":12,"turns":5},{"damage":0,"enemies":"The Guardian","floor":16,"turns":2}],"relics_obtained":[{"floor":9,"key":"Pantograph"},{"floor":14,"key":"Tiny Chest"}],"event_choices":[{"event_name":"Golden Idol","player_choice":"Take Damage","floor":3,"damage_taken":0},{"event_name":"World of Goop","player_choice":"Gather Gold","floor":4,"damage_taken":0},{"event_name":"Big Fish","player_choice":"Donut","floor":10,"damage_taken":0}],"boss_relics":[],"potions_floor_spawned":[6,8,12],"seed_played":"2679187241962467486","killed_by":"The Guardian","ascension_level":6,"potions_obtained":[{"floor":6,"key":"EntropicBrew"},{"floor":8,"key":"PowerPotion"},{"floor":12,"key":"GamblersBrew"}],"is_trial":false}