{"gold_per_floor":[111,111,131,208,220,251,270,270,318,349,324,336,371,34,34,138,138,149,109,0,0,20,20,45,45,69,69,69,104,104,121,121,217,217,229,229],"floor_reached":36,"playtime":1599,"items_purged":[],"score":510,"play_id":"75e6c820-032b-4364-b42f-a82b18c40273","local_time":"20190131173037","is_ascension_mode":true,"campfire_choices":[{"data":"Wraith Form v2","floor":8,"key":"SMITH"},{"floor":15,"key":"REST"},{"data":"Distraction","floor":23,"key":"SMITH"},{"data":"Catalyst","floor":25,"key":"SMITH"},{"data":"Choke","floor":27,"key":"SMITH"},{"floor":28,"key":"REST"},{"data":"Ghostly","floor":32,"key":"SMITH"}],"neow_cost":"NONE","seed_source_timestamp":1130540212115488,"circlet_count":0,"master_deck":["Defend_G+1","Defend_G+1","Strike_G+1","Strike_G+1","Strike_G+1","Strike_G+1","Strike_G+1","Survivor","Neutralize","Bane+1","Tactician+1","Caltrops+1","Predator+1","Dodge and Roll","Finisher+1","PiercingWail","Wraith Form v2+1","Choke+1","Outmaneuver","Sucker Punch","Distraction","Acrobatics","Envenom","Bane","Distraction+1","Bouncing Flask+1","Catalyst+1","Noxious Fumes","Ghostly+1","Ghostly","Ghostly","Ghostly","Ghostly","Deadly Poison","Corpse Explosion","Flying Knee","Infinite Blades+1","Terror+1","Blur","Sucker Punch","Cloak And Dagger"],"relics":["Astrolabe","Ninja Scroll","Whetstone","Bag of Marbles","WingedGreaves","FossilizedHelix","Lizard Tail","Gremlin Horn","Ancient Tea Set","The Courier","Orrery"],"potions_floor_usage":[7,16,22,24,33],"damage_taken":[{"damage":8,"enemies":"2 Louse","floor":1,"turns":2},{"damage":0,"enemies":"Small Slimes","floor":3,"turns":2},{"damage":4,"enemies":"Jaw Worm","floor":5,"turns":2},{"damage":6,"enemies":"3 Sentries","floor":6,"turns":6},{"damage":0,"enemies":"Looter","floor":7,"turns":1},{"damage":2,"enemies":"Gremlin Nob","floor":10,"turns":4},{"damage":0,"enemies":"Blue Slaver","floor":12,"turns":1},{"damage":25,"enemies":"3 Sentries","floor":13,"turns":6},{"damage":15,"enemies":"Slime Boss","floor":16,"turns":10},{"damage":1,"enemies":"Spheric Guardian","floor":18,"turns":4},{"damage":27,"enemies":"3 Byrds","floor":22,"turns":7},{"damage":55,"enemies":"Slavers","floor":24,"turns":6},{"damage":13,"enemies":"Gremlin Leader","floor":29,"turns":3},{"damage":0,"enemies":"Snecko","floor":31,"turns":5},{"damage":29,"enemies":"Collector","floor":33,"turns":7},{"damage":9,"enemies":"Orb Walker","floor":35,"turns":3},{"damage":30,"enemies":"2 Orb Walkers","floor":36,"turns":3}],"seed_played":"4907242474986113109","potions_obtained":[{"floor":1,"key":"Fire Potion"},{"floor":7,"key":"Ancient Potion"},{"floor":12,"key":"Block Potion"},{"floor":16,"key":"Weak Potion"},{"floor":18,"key":"Energy Potion"},{"floor":22,"key":"SteroidPotion"},{"floor":29,"key":"GamblersBrew"}],"is_trial":false,"path_per_floor":["M","?","M","?","M","E","M","R","T","E","$","M","E","$","R","B",null,"M","$","?","?","M","R","E","R","T","R","R","E","?","M","R","B",null,"M","?"],"character_chosen":"THE_SILENT","items_purchased":["Outmaneuver","FossilizedHelix","Acrobatics","Distraction"],"campfire_rested":2,"item_purchase_floors":[11,14,14,19],"current_hp_per_floor":[62,48,48,48,44,38,38,38,38,36,36,36,11,11,32,17,70,69,69,69,69,42,42,35,35,35,35,56,43,35,35,35,6,35,26,0],"gold":229,"neow_bonus":"BOSS_RELIC","is_prod":false,"is_daily":false,"chose_seed":false,"campfire_upgraded":5,"win_rate":0,"timestamp":1548927037,"path_taken":["M","?","M","?","M","E","M","R","T","E","$","?","E","$","R","BOSS","M","$","?","?","M","R","E","R","T","R","R","E","?","M","R","BOSS","M","?"],"build_version":"2019-01-23","purchased_purges":0,"victory":false,"max_hp_per_floor":[70,70,70,70,70,70,70,70,70,70,70,70,70,70,70,70,70,70,70,70,70,70,70,70,70,70,70,70,70,35,35,35,35,35,35,35],"card_choices":[{"not_picked":["Dagger Throw","Outmaneuver"],"picked":"Predator","floor":1},{"not_picked":["Slice","Expertise"],"picked":"Dodge and Roll","floor":3},{"not_picked":["Underhanded Strike","Cloak And Dagger"],"picked":"Finisher","floor":5},{"not_picked":["Deflect","Catalyst"],"picked":"PiercingWail","floor":6},{"not_picked":["Bane","Riddle With Holes"],"picked":"Wraith Form v2","floor":7},{"not_picked":["Distraction","Blade Dance"],"picked":"Choke","floor":10},{"not_picked":["Cloak And Dagger","Calculated Gamble"],"picked":"Sucker Punch","floor":12},{"not_picked":["Acrobatics","Dagger Throw"],"picked":"Distraction","floor":13},{"not_picked":["Night Terror","Tools of the Trade"],"picked":"Envenom","floor":16},{"not_picked":["Dagger Throw","Slice"],"picked":"Bane","floor":18},{"not_picked":["Dodge and Roll","Blade Dance"],"picked":"Bouncing Flask+1","floor":22},{"not_picked":["Deflect+1","Deadly Poison"],"picked":"Catalyst","floor":24},{"not_picked":["Infinite Blades","Deadly Poison"],"picked":"Noxious Fumes","floor":29},{"not_picked":["Prepared+1","Heel Hook+1"],"picked":"Deadly Poison","floor":31},{"not_picked":["Burst","After Image"],"picked":"Corpse Explosion","floor":33},{"not_picked":["Backflip","Dagger Spray+1"],"picked":"Flying Knee","floor":34},{"not_picked":["Finisher","Blade Dance"],"picked":"Infinite Blades+1","floor":34},{"not_picked":["Finisher+1","Reflex+1"],"picked":"Terror+1","floor":34},{"not_picked":["Acrobatics","Flying Knee"],"picked":"Blur","floor":34},{"not_picked":["Slice+1","Blade Dance"],"picked":"Sucker Punch","floor":34},{"not_picked":["Backflip","Infinite Blades+1"],"picked":"Cloak And Dagger","floor":35}],"player_experience":82378,"relics_obtained":[{"floor":6,"key":"Ninja Scroll"},{"floor":9,"key":"Whetstone"},{"floor":10,"key":"Bag of Marbles"},{"floor":13,"key":"WingedGreaves"},{"floor":24,"key":"Gremlin Horn"},{"floor":26,"key":"Ancient Tea Set"},{"floor":29,"key":"The Courier"}],"event_choices":[{"damage_healed":0,"gold_gain":0,"player_choice":"Entered Light","damage_taken":14,"max_hp_gain":0,"max_hp_loss":0,"event_name":"Shining Light","floor":2,"gold_loss":0,"cards_upgraded":["Strike_G","Predator"]},{"damage_healed":0,"gold_gain":77,"player_choice":"Gained Gold","damage_taken":0,"max_hp_gain":0,"max_hp_loss":0,"event_name":"Golden Wing","floor":4,"gold_loss":0},{"damage_healed":0,"gold_gain":0,"player_choice":"Paid Fearfully","damage_taken":0,"max_hp_gain":0,"max_hp_loss":0,"event_name":"Masked Bandits","floor":20,"gold_loss":109},{"damage_healed":0,"gold_gain":0,"player_choice":"Simplicity","damage_taken":0,"max_hp_gain":0,"max_hp_loss":0,"event_name":"Back to Basics","floor":21,"gold_loss":0,"cards_upgraded":["Defend_G","Defend_G","Strike_G","Strike_G","Strike_G"]},{"damage_healed":0,"gold_gain":0,"player_choice":"Became a Ghost","damage_taken":0,"max_hp_gain":0,"max_hp_loss":35,"event_name":"Ghosts","floor":30,"gold_loss":0,"cards_obtained":["Ghostly","Ghostly","Ghostly","Ghostly","Ghostly"]},{"damage_healed":0,"gold_gain":0,"player_choice":"Fight","damage_taken":0,"max_hp_gain":0,"max_hp_loss":0,"event_name":"Mysterious Sphere","floor":36,"gold_loss":0}],"is_beta":false,"boss_relics":[{"not_picked":["Fusion Hammer","Runic Pyramid"],"picked":"Lizard Tail"},{"not_picked":["Sozu","Velvet Choker"],"picked":"Orrery"}],"items_purged_floors":[],"is_endless":false,"potions_floor_spawned":[1,7,12,16,18,22,29],"killed_by":"2 Orb Walkers","ascension_level":2}