{"path_per_floor":["M","M","$","M","?","E","R","?","T","R","M","M","M","M","R","B",null,"M","?","M","?","$","R","M","?","T","M","R","M"],"character_chosen":"THE_SILENT","items_purchased":["Choke","Lee\u0027s Waffle"],"gold_per_floor":[113,132,97,111,111,146,146,146,146,146,163,180,190,203,203,300,300,314,314,333,333,132,132,150,150,150,160,160,180],"floor_reached":30,"campfire_rested":1,"playtime":1721,"current_hp_per_floor":[68,68,68,66,66,54,54,54,54,54,54,54,54,54,54,24,70,63,50,25,25,82,82,58,58,58,35,59,42],"items_purged":[],"gold":180,"score":234,"play_id":"abe823ff-1dc6-4c12-8a2b-4ad38e6c29f1","is_prod":false,"is_daily":false,"is_ascension_mode":false,"campfire_upgraded":4,"path_taken":["M","M","$","M","?","E","R","?","T","R","?","M","M","M","R","BOSS","M","?","M","?","$","R","M","?","T","M","R","M","E"],"build_version":"2018-02-08-PROD1","purchased_purges":0,"victory":false,"master_deck":["Defend_G","Defend_G","Defend_G","Defend_G","Defend_G","Strike_G","Strike_G","Strike_G","Strike_G+1","Strike_G+1","Survivor","Neutralize","Backflip","Flying Knee","Choke","Adrenaline+1","Finisher+1","Bane","Malaise+1","Slice","Dagger Spray","Night Terror+1","Dagger Throw","Underhanded Strike+1","Dash","Envenom","Backstab+1","Blade Dance+1"],"max_hp_per_floor":[70,70,70,70,70,70,70,70,70,70,70,70,70,70,70,70,70,70,75,75,75,82,82,82,82,82,82,82,82],"relics":["Ring of the Snake","Snake Skull","Gremlin Horn","Black Star","Lee\u0027s Waffle","Frozen Eye"],"card_choices":[{"not_picked":["Quick Slash","Deadly Poison"],"picked":"Backflip"},{"not_picked":["Deflect","Underhanded Strike"],"picked":"Flying Knee"},{"not_picked":["Finisher","Prepared"],"picked":"Adrenaline"},{"not_picked":["Venomology","Reflex"],"picked":"Finisher"},{"not_picked":["Distraction","Quick Slash"],"picked":"Bane"},{"not_picked":["Flying Knee","Blur"],"picked":"Malaise"},{"not_picked":["Underhanded Strike","PiercingWail"],"picked":"Slice"},{"not_picked":["Heel Hook","Deflect"],"picked":"Dagger Spray"},{"not_picked":["Wraith Form","Venomology"],"picked":"Night Terror"},{"not_picked":["Caltrops","Bane"],"picked":"Dagger Throw"},{"not_picked":["Cloak And Dagger","All Out Attack"],"picked":"Underhanded Strike"},{"not_picked":["Dagger Spray","PiercingWail"],"picked":"Dash"},{"not_picked":["Blade Dance","Footwork"],"picked":"Backstab"},{"not_picked":["Leg Sweep","Cloak And Dagger"],"picked":"Blade Dance"}],"player_experience":170452,"potions_floor_usage":[27],"damage_taken":[{"damage":2.0,"enemies":"2 Louse","floor":1.0,"turns":3.0},{"damage":0.0,"enemies":"Cultist","floor":2.0,"turns":3.0},{"damage":2.0,"enemies":"Jaw Worm","floor":4.0,"turns":4.0},{"damage":21.0,"enemies":"Lagavulin","floor":6.0,"turns":5.0},{"damage":0.0,"enemies":"Exordium Thugs","floor":11.0,"turns":2.0},{"damage":0.0,"enemies":"3 Louse","floor":12.0,"turns":2.0},{"damage":0.0,"enemies":"Large Slime","floor":13.0,"turns":3.0},{"damage":0.0,"enemies":"Lots of Slimes","floor":14.0,"turns":2.0},{"damage":30.0,"enemies":"Hexaghost","floor":16.0,"turns":15.0},{"damage":7.0,"enemies":"Shell Parasite","floor":18.0,"turns":4.0},{"damage":25.0,"enemies":"Chosen","floor":20.0,"turns":7.0},{"damage":24,"enemies":"Snake Plant","floor":24,"turns":5},{"damage":38,"enemies":"Centurion and Healer","floor":27,"turns":6},{"damage":17,"enemies":"Snecko","floor":29,"turns":4},{"damage":45,"enemies":"Slavers","floor":30,"turns":6}],"event_choices":[{"event_name":"The Cleric","player_choice":"Leave","floor":5.0,"damage_taken":0.0},{"event_name":"Upgrade Shrine","player_choice":"Upgraded","floor":8.0,"damage_taken":0.0},{"event_name":"Forgotten Altar","player_choice":"Shed Blood","floor":19.0,"damage_taken":0.0},{"event_name":"The Woman in Blue","player_choice":"Bought 0 Potions","floor":21,"damage_taken":0},{"event_name":"The Library","player_choice":"Read","floor":25,"damage_taken":0}],"boss_relics":[],"potions_floor_spawned":[2,4,6,11,24],"seed_played":"-81984428677218583","killed_by":"Slavers","ascension_level":0,"is_trial":false}