{"path_per_floor":["M","?","?","M","M","R","E","R","T","E","$","?","E","M","R","B",null,"M","?","M","$","M","R","E","R","T","T","E","M","E","M","R","B",null,"M","?","?","M","?","E","?","M","T","E","?","E","?","$","R","B"],"character_chosen":"THE_SILENT","items_purchased":["Juzu Bracelet","Dramatic Entrance","Footwork","Infinite Blades","Swift Strike"],"gold_per_floor":[111,111,111,132,150,150,191,191,215,253,31,31,69,84,84,210,210,223,223,242,71,84,84,125,125,125,125,160,174,209,223,223,348,348,367,367,0,23,23,57,116,131,131,162,162,205,205,39,39,39],"floor_reached":51,"campfire_rested":3,"playtime":3996,"current_hp_per_floor":[70,70,53,49,49,49,22,43,43,28,28,28,18,18,41,46,82,80,80,72,72,50,50,28,53,55,57,48,45,45,52,52,65,94,96,96,96,80,80,58,65,56,56,70,70,80,80,80,80,103],"items_purged":["Regret"],"gold":39,"score":1054,"play_id":"4394ab89-61ba-4a17-9ec8-b97bee1efa24","local_time":"20180514025755","is_prod":false,"is_daily":false,"chose_seed":false,"is_ascension_mode":true,"campfire_upgraded":4,"timestamp":1526259475,"path_taken":["M","?","?","?","M","R","E","R","T","E","?","?","E","M","R","BOSS","M","?","M","$","M","R","E","R","T","?","E","M","E","M","R","BOSS","M","?","?","M","?","E","?","M","T","E","?","E","?","$","R","BOSS"],"build_version":"2018-05-10","seed_source_timestamp":0,"purchased_purges":1,"victory":true,"master_deck":["Defend_G","Defend_G","Defend_G","Defend_G","Defend_G","Strike_G","Survivor","Neutralize","Sucker Punch","Cloak And Dagger","Backstab+1","Noxious Fumes+1","Well Laid Plans","Dagger Throw","Dagger Throw","Backflip","Adrenaline+1","Prepared","Well Laid Plans","Prepared","Dramatic Entrance","Footwork+1","Quick Slash","Cloak And Dagger+1","Die Die Die","Blade Dance+1","Backstab+1","Backflip+1","Infinite Blades+1","Swift Strike+1"],"max_hp_per_floor":[70,70,70,70,70,70,70,70,70,77,77,77,77,77,77,82,82,82,82,82,82,82,82,84,84,86,88,90,92,92,94,94,94,94,96,96,96,98,98,100,100,100,100,102,102,104,104,104,104,104],"relics":["Ring of the Snake","Snake Skull","Golden Idol","Prayer Wheel","Omamori","Strawberry","Juzu Bracelet","Shuriken","Black Star","Singing Bowl","Anchor","Kunai","Bottled Flame","Frozen Egg 2","Pantograph","Bird Faced Urn","Torii","Philosopher\u0027s Stone","Red Mask","Blue Candle","Molten Egg 2","Tingsha","Dead Branch","Matryoshka","Question Card","Bag of Preparation","Dream Catcher"],"card_choices":[{"not_picked":["Reflex","Riddle With Holes"],"picked":"Sucker Punch","floor":1.0},{"not_picked":["Outmaneuver","Dodge and Roll"],"picked":"Cloak And Dagger","floor":4.0},{"not_picked":["Predator","Malaise"],"picked":"Backstab","floor":5.0},{"not_picked":["Caltrops","Predator"],"picked":"Noxious Fumes","floor":7.0},{"not_picked":["Outmaneuver","Expertise"],"picked":"Well Laid Plans","floor":9.0},{"not_picked":["Outmaneuver","Corpse Explosion"],"picked":"Dagger Throw","floor":10.0},{"not_picked":["Expertise","Skewer"],"picked":"Dagger Throw","floor":13.0},{"not_picked":["Cloak And Dagger","Quick Slash"],"picked":"Backflip","floor":14.0},{"not_picked":["Venomology","Die Die Die"],"picked":"Adrenaline","floor":16.0},{"not_picked":["Sucker Punch","Masterful Stab"],"picked":"Prepared","floor":18.0},{"not_picked":["Dodge and Roll","Slice"],"picked":"Prepared","floor":20.0},{"not_picked":["Sucker Punch","Blur"],"picked":"Quick Slash","floor":22.0},{"not_picked":["Finisher","Bane"],"picked":"Cloak And Dagger","floor":30.0},{"not_picked":["Bullet Time","Doppelganger"],"picked":"Die Die Die","floor":33.0},{"not_picked":["Escape Plan","Leg Sweep"],"picked":"Blade Dance","floor":41},{"not_picked":["Dodge and Roll","All Out Attack"],"picked":"Backstab","floor":42},{"not_picked":["Flying Knee","Prepared"],"picked":"Backflip","floor":43}],"player_experience":48044,"potions_floor_usage":[],"damage_taken":[{"damage":0.0,"enemies":"2 Louse","floor":1.0,"turns":4.0},{"damage":4.0,"enemies":"Small Slimes","floor":4.0,"turns":5.0},{"damage":0.0,"enemies":"Cultist","floor":5.0,"turns":4.0},{"damage":42.0,"enemies":"Lagavulin","floor":7.0,"turns":8.0},{"damage":22.0,"enemies":"Gremlin Nob","floor":10.0,"turns":5.0},{"damage":10.0,"enemies":"3 Sentries","floor":13.0,"turns":6.0},{"damage":0.0,"enemies":"Exordium Thugs","floor":14.0,"turns":4.0},{"damage":0.0,"enemies":"Slime Boss","floor":16.0,"turns":7.0},{"damage":2.0,"enemies":"3 Byrds","floor":18.0,"turns":5.0},{"damage":8.0,"enemies":"Spheric Guardian","floor":20.0,"turns":4.0},{"damage":22.0,"enemies":"Snecko","floor":22.0,"turns":6.0},{"damage":24.0,"enemies":"Gremlin Leader","floor":24.0,"turns":7.0},{"damage":11.0,"enemies":"Slavers","floor":28.0,"turns":5.0},{"damage":5.0,"enemies":"Centurion and Healer","floor":29.0,"turns":6.0},{"damage":0.0,"enemies":"Book of Stabbing","floor":30.0,"turns":8.0},{"damage":3.0,"enemies":"Snake Plant","floor":31.0,"turns":6.0},{"damage":20.0,"enemies":"Champ","floor":33.0,"turns":11.0},{"damage":0,"enemies":"Orb Walker","floor":35,"turns":4},{"damage":20,"enemies":"3 Darklings","floor":38,"turns":5},{"damage":32,"enemies":"2 Orb Walkers","floor":40,"turns":7},{"damage":1,"enemies":"Mysterious Sphere","floor":41,"turns":4},{"damage":15,"enemies":"4 Shapes","floor":42,"turns":5},{"damage":0,"enemies":"Giant Head","floor":44,"turns":4},{"damage":0,"enemies":"2 Orb Walkers","floor":46,"turns":2},{"damage":17,"enemies":"Awakened One","floor":50,"turns":7}],"event_choices":[{"event_name":"Big Fish","player_choice":"Box","floor":2.0,"damage_taken":0.0},{"event_name":"Golden Idol","player_choice":"Take Damage","floor":3.0,"damage_taken":0.0},{"event_name":"Purifier","player_choice":"One Purge","floor":12.0,"damage_taken":0.0},{"event_name":"Transmorgrifier","player_choice":"Transform","floor":19.0,"damage_taken":0.0},{"event_name":"Tomb of Lord Red Mask","player_choice":"Paid","floor":37,"damage_taken":0},{"event_name":"SecretPortal","player_choice":"Rejected Portal.","floor":39,"damage_taken":0},{"event_name":"Mysterious Sphere","player_choice":"Fight","floor":41,"damage_taken":0},{"event_name":"Accursed Blacksmith","player_choice":"Ignore","floor":45,"damage_taken":0},{"event_name":"Purifier","player_choice":"One Purge","floor":47,"damage_taken":0}],"boss_relics":[{"not_picked":["Calling Bell","Runic Dome"],"picked":"Philosopher\u0027s Stone"}],"potions_floor_spawned":[5,7,13,14,20,28,29,31,38,41,44,46],"seed_played":"-8917277106543933158","ascension_level":1,"is_trial":false}