{"gold_per_floor":[113,123,123,137,87,112,123,149,201,276,276,276,276,309,309,430,430,455,455,152,177,177,213,213,140,140,181,202,238,238,40,40,168,168,186,186,202,202,226,226,244,265,290,290,306,331,44,75,75,75],"floor_reached":51,"playtime":3318,"items_purged":["Normality","Well Laid Plans"],"score":1292,"play_id":"c8ac6fa0-7696-46a8-9623-fbd02f42a39c","local_time":"20190217002040","is_ascension_mode":true,"campfire_choices":[{"floor":11,"key":"REST"},{"floor":13,"key":"REST"},{"data":"Bullet Time","floor":15,"key":"SMITH"},{"floor":24,"key":"REST"},{"floor":30,"key":"REST"},{"data":"After Image","floor":32,"key":"SMITH"},{"data":"After Image","floor":40,"key":"SMITH"},{"data":"After Image","floor":44,"key":"SMITH"},{"floor":49,"key":"REST"}],"neow_cost":"TEN_PERCENT_HP_LOSS","seed_source_timestamp":299689719646200,"circlet_count":0,"master_deck":["AscendersBane","Defend_G","Defend_G","Defend_G","Defend_G","Defend_G","Strike_G","Strike_G","Strike_G","Strike_G","Survivor","Neutralize","Dash","Predator","Noxious Fumes","Masterful Stab","Poisoned Stab+1","Quick Slash","Noxious Fumes","Poisoned Stab+1","Bullet Time+1","Cloak And Dagger","Glass Knife","PiercingWail+1","Dodge and Roll","Necronomicurse","Envenom","Dash+1","PiercingWail","Cloak And Dagger+1","Well Laid Plans","After Image+1","Corpse Explosion","After Image+1","After Image+1","PiercingWail+1","Bullet Time","Cloak And Dagger","Distraction","Cloak And Dagger+1","Flechettes+1","Deflect+1","Escape Plan","Crippling Poison+1","Calculated Gamble","Finisher","Deflect+1","Leg Sweep+1","Masterful Stab","Accuracy","PiercingWail","Heel Hook","Corpse Explosion"],"relics":["Ring of the Snake","Prayer Wheel","Darkstone Periapt","Matryoshka","Smiling Mask","Whetstone","Golden Idol","Letter Opener","Calling Bell","Blood Vial","Dodecahedron","Pocketwatch","Necronomicon","Mummified Hand","Gremlin Horn","Omamori","Snake Skull","Pantograph","Shuriken","DollysMirror","Runic Pyramid","PreservedInsect","Centennial Puzzle"],"potions_floor_usage":[8,14,18,23,27,29,29,50,50],"damage_taken":[{"damage":5,"enemies":"Small Slimes","floor":1,"turns":5},{"damage":0,"enemies":"Jaw Worm","floor":2,"turns":4},{"damage":0,"enemies":"Cultist","floor":4,"turns":3},{"damage":21,"enemies":"3 Sentries","floor":6,"turns":9},{"damage":13,"enemies":"Large Slime","floor":7,"turns":5},{"damage":21,"enemies":"Lagavulin","floor":8,"turns":6},{"damage":15,"enemies":"3 Sentries","floor":14,"turns":5},{"damage":20,"enemies":"Slime Boss","floor":16,"turns":8},{"damage":10,"enemies":"2 Thieves","floor":18,"turns":4},{"damage":0,"enemies":"Spheric Guardian","floor":21,"turns":4},{"damage":35,"enemies":"Slavers","floor":23,"turns":5},{"damage":41,"enemies":"Gremlin Leader","floor":27,"turns":7},{"damage":4,"enemies":"3 Cultists","floor":28,"turns":6},{"damage":0,"enemies":"Slavers","floor":29,"turns":6},{"damage":29,"enemies":"Automaton","floor":33,"turns":8},{"damage":0,"enemies":"Orb Walker","floor":35,"turns":4},{"damage":12,"enemies":"3 Darklings","floor":37,"turns":5},{"damage":21,"enemies":"Spire Growth","floor":39,"turns":8},{"damage":12,"enemies":"Writhing Mass","floor":41,"turns":9},{"damage":0,"enemies":"Maw","floor":42,"turns":8},{"damage":0,"enemies":"Spire Growth","floor":45,"turns":5},{"damage":15,"enemies":"4 Shapes","floor":46,"turns":17},{"damage":0,"enemies":"Nemesis","floor":48,"turns":7},{"damage":34,"enemies":"Donu and Deca","floor":50,"turns":7}],"seed_played":"-1737919811167167457","potions_obtained":[{"floor":1,"key":"Ancient Potion"},{"floor":6,"key":"Fire Potion"},{"floor":7,"key":"Regen Potion"},{"floor":8,"key":"PowerPotion"},{"floor":23,"key":"GhostInAJar"},{"floor":28,"key":"Poison Potion"},{"floor":39,"key":"FearPotion"},{"floor":46,"key":"Block Potion"}],"is_trial":false,"path_per_floor":["M","M","?","M","?","E","M","E","T","?","R","?","R","E","R","B",null,"M","?","$","M","?","E","R","$","T","E","M","E","R","$","R","B",null,"M","$","M","$","M","R","M","M","T","R","M","M","$","E","R","B",null],"character_chosen":"THE_SILENT","items_purchased":["Mummified Hand","Regen Potion","DollysMirror","Regen Potion","Accuracy","PiercingWail","Heel Hook"],"campfire_rested":5,"item_purchase_floors":[20,25,31,47,47,47,47],"current_hp_per_floor":[58,58,58,58,58,37,24,12,12,1,19,19,36,21,21,1,62,54,44,44,46,46,13,37,37,37,13,11,13,37,37,37,35,70,72,72,62,62,43,43,33,35,35,35,37,24,24,26,50,48],"gold":75,"neow_bonus":"ONE_RARE_RELIC","is_prod":false,"is_daily":false,"chose_seed":false,"campfire_upgraded":4,"win_rate":0,"timestamp":1550359240,"path_taken":["M","M","?","M","?","E","?","E","T","?","R","?","R","E","R","BOSS","M","?","$","M","?","E","R","$","T","E","M","E","R","$","R","BOSS","M","$","M","$","M","R","M","M","T","R","M","M","$","E","R","BOSS"],"build_version":"2019-01-23","purchased_purges":2,"victory":true,"max_hp_per_floor":[63,63,63,63,63,63,63,63,63,63,63,58,58,58,58,58,76,76,82,82,82,82,82,82,82,82,82,82,82,82,82,82,82,82,82,82,82,82,82,82,82,82,82,82,82,82,82,82,82,82],"card_choices":[{"not_picked":["Leg Sweep","Bane"],"picked":"Dash","floor":1},{"not_picked":["Outmaneuver","Backflip"],"picked":"Predator","floor":1},{"not_picked":["Backflip","Predator"],"picked":"Noxious Fumes","floor":2},{"not_picked":["PiercingWail","Dash"],"picked":"Masterful Stab","floor":2},{"not_picked":["Bane","Outmaneuver"],"picked":"Poisoned Stab","floor":4},{"not_picked":["Tactician","Slice"],"picked":"Quick Slash","floor":4},{"not_picked":["Accuracy","Choke"],"picked":"Noxious Fumes","floor":6},{"not_picked":["Backflip","Prepared"],"picked":"Poisoned Stab","floor":7},{"not_picked":["Dodge and Roll","Riddle With Holes"],"picked":"Well Laid Plans","floor":7},{"not_picked":["Tactician","Backflip"],"picked":"Bullet Time","floor":8},{"not_picked":["Dodge and Roll","Deadly Poison"],"picked":"Cloak And Dagger","floor":14},{"not_picked":["Doppelganger","Storm of Steel"],"picked":"Glass Knife","floor":16},{"not_picked":["Bane","Dodge and Roll"],"picked":"PiercingWail+1","floor":18},{"not_picked":["Slice","Bane"],"picked":"Dodge and Roll","floor":18},{"not_picked":["Terror+1","Underhanded Strike"],"picked":"Envenom","floor":21},{"not_picked":["Caltrops","Dagger Throw"],"picked":"Dash+1","floor":21},{"not_picked":["Blade Dance","Poisoned Stab"],"picked":"PiercingWail","floor":23},{"not_picked":["Flying Knee","Quick Slash"],"picked":"Cloak And Dagger+1","floor":27},{"not_picked":["Eviscerate","Deflect+1"],"picked":"Well Laid Plans","floor":28},{"not_picked":["Prepared","Masterful Stab"],"picked":"After Image","floor":28},{"not_picked":["Blade Dance","Quick Slash"],"picked":"Corpse Explosion","floor":29},{"not_picked":["Glass Knife","A Thousand Cuts"],"picked":"After Image","floor":33},{"not_picked":["Catalyst","Deflect"],"picked":"PiercingWail+1","floor":35},{"not_picked":["Quick Slash+1","Noxious Fumes"],"picked":"Bullet Time","floor":35},{"not_picked":["Tactician+1","Bane"],"picked":"Cloak And Dagger","floor":37},{"not_picked":["Prepared+1","Underhanded Strike+1"],"picked":"Distraction","floor":37},{"not_picked":["Quick Slash","Dagger Throw"],"picked":"Cloak And Dagger+1","floor":39},{"not_picked":["Dagger Throw+1","Catalyst"],"picked":"Flechettes+1","floor":39},{"not_picked":["Flying Knee","Reflex"],"picked":"Deflect+1","floor":41},{"not_picked":["Blade Dance","Dagger Spray+1"],"picked":"Escape Plan","floor":41},{"not_picked":["Dodge and Roll+1","Reflex+1"],"picked":"Crippling Poison+1","floor":42},{"not_picked":["Skewer+1","Bane"],"picked":"Calculated Gamble","floor":42},{"not_picked":["Outmaneuver+1","Dagger Spray+1"],"picked":"Finisher","floor":45},{"not_picked":["Deadly Poison","Backflip"],"picked":"Deflect+1","floor":45},{"not_picked":["Sucker Punch","Poisoned Stab"],"picked":"Leg Sweep+1","floor":46},{"not_picked":["Dagger Throw+1","Flying Knee+1"],"picked":"Masterful Stab","floor":46},{"not_picked":["Setup+1","Dodge and Roll+1"],"picked":"Corpse Explosion","floor":48}],"player_experience":446894,"relics_obtained":[{"floor":6,"key":"Darkstone Periapt"},{"floor":8,"key":"Matryoshka"},{"floor":9,"key":"Smiling Mask"},{"floor":9,"key":"Whetstone"},{"floor":14,"key":"Letter Opener"},{"floor":17,"key":"Blood Vial"},{"floor":17,"key":"Dodecahedron"},{"floor":17,"key":"Pocketwatch"},{"floor":19,"key":"Necronomicon"},{"floor":23,"key":"Gremlin Horn"},{"floor":26,"key":"Omamori"},{"floor":26,"key":"Snake Skull"},{"floor":27,"key":"Pantograph"},{"floor":29,"key":"Shuriken"},{"floor":43,"key":"PreservedInsect"},{"floor":48,"key":"Centennial Puzzle"}],"event_choices":[{"damage_healed":0,"gold_gain":0,"player_choice":"Ignored","damage_taken":0,"max_hp_gain":0,"max_hp_loss":0,"event_name":"Liars Game","floor":3,"gold_loss":0},{"cards_removed":["Strike_G"],"damage_healed":0,"gold_gain":0,"player_choice":"Card Removal","damage_taken":0,"max_hp_gain":0,"max_hp_loss":0,"event_name":"The Cleric","floor":5,"gold_loss":50},{"damage_healed":0,"gold_gain":75,"player_choice":"Gather Gold","damage_taken":11,"max_hp_gain":0,"max_hp_loss":0,"event_name":"World of Goop","floor":10,"gold_loss":0},{"damage_healed":0,"gold_gain":0,"player_choice":"Lose Max HP","damage_taken":0,"relics_obtained":["Golden Idol"],"max_hp_gain":0,"max_hp_loss":5,"event_name":"Golden Idol","floor":12,"gold_loss":0},{"damage_healed":0,"gold_gain":0,"player_choice":"Obtained Book","damage_taken":16,"max_hp_gain":0,"max_hp_loss":0,"event_name":"Cursed Tome","floor":19,"gold_loss":0},{"cards_removed":["Doubt","Shame"],"damage_healed":0,"gold_gain":0,"player_choice":"Removed Curses","damage_taken":0,"max_hp_gain":0,"max_hp_loss":0,"event_name":"Fountain of Cleansing","floor":22,"gold_loss":0}],"is_beta":false,"boss_relics":[{"not_picked":["Coffee Dripper","White Beast Statue"],"picked":"Calling Bell"},{"not_picked":["HoveringKite","Sozu"],"picked":"Runic Pyramid"}],"items_purged_floors":[20,47],"is_endless":false,"potions_floor_spawned":[1,6,7,8,23,28,39,46],"ascension_level":10}