{"gold_per_floor":[114,114,130,140,158,189,189,206,206,206,231,231,256,256,256,333,333,351,362,378,390,0,28,28,60,60,60,90,104,104,114,114,114],"floor_reached":33,"playtime":1756,"items_purged":[],"score":704,"play_id":"f421bd1f-f2c9-447a-b372-2bdfcacee5d3","local_time":"20190211145935","is_ascension_mode":true,"campfire_choices":[{"data":"Whirlwind","floor":7,"key":"SMITH"},{"floor":12,"key":"REST"},{"data":"Pommel Strike","floor":15,"key":"SMITH"},{"floor":24,"key":"REST"},{"data":"Flame Barrier","floor":27,"key":"SMITH"},{"data":"Pommel Strike","floor":30,"key":"SMITH"},{"data":"Shockwave","floor":32,"key":"SMITH"}],"neow_cost":"NONE","seed_source_timestamp":415697372713100,"circlet_count":0,"master_deck":["AscendersBane","Strike_R","Strike_R","Strike_R","Strike_R","Strike_R","Defend_R","Defend_R","Defend_R","Defend_R","Bash","Iron Wave","Iron Wave","Shrug It Off+1","Whirlwind+1","Thunderclap","Pommel Strike+1","Iron Wave","Double Tap+1","Headbutt+1","Carnage","Shockwave+1","Flame Barrier+1","Pommel Strike+1","Dual Wield+1"],"relics":["Burning Blood","NeowsBlessing","Ornamental Fan","Letter Opener","Sundial","Pocketwatch","Snecko Eye","War Paint","Potion Belt","Oddly Smooth Stone","Art of War","Toxic Egg 2","Dream Catcher"],"potions_floor_usage":[11,13,13,25,29,33,33,33,33],"damage_taken":[{"damage":0,"enemies":"2 Louse","floor":1,"turns":1},{"damage":0,"enemies":"Cultist","floor":3,"turns":1},{"damage":0,"enemies":"Small Slimes","floor":4,"turns":1},{"damage":7,"enemies":"2 Fungi Beasts","floor":5,"turns":4},{"damage":37,"enemies":"3 Sentries","floor":6,"turns":10},{"damage":8,"enemies":"Gremlin Gang","floor":8,"turns":3},{"damage":12,"enemies":"Lagavulin","floor":11,"turns":6},{"damage":20,"enemies":"3 Sentries","floor":13,"turns":4},{"damage":64,"enemies":"Slime Boss","floor":16,"turns":9},{"damage":0,"enemies":"Chosen","floor":18,"turns":3},{"damage":7,"enemies":"Spheric Guardian","floor":19,"turns":3},{"damage":13,"enemies":"Centurion and Healer","floor":20,"turns":6},{"damage":0,"enemies":"Snecko","floor":21,"turns":4},{"damage":38,"enemies":"Slavers","floor":23,"turns":5},{"damage":0,"enemies":"Book of Stabbing","floor":25,"turns":3},{"damage":6,"enemies":"Gremlin Leader","floor":28,"turns":4},{"damage":4,"enemies":"Sentry and Sphere","floor":29,"turns":4},{"damage":12,"enemies":"3 Cultists","floor":31,"turns":5},{"damage":95,"enemies":"Champ","floor":33,"turns":17}],"seed_played":"4388110566394235290","potions_obtained":[{"floor":2,"key":"PowerPotion"},{"floor":2,"key":"EntropicBrew"},{"floor":16,"key":"SteroidPotion"},{"floor":19,"key":"PowerPotion"},{"floor":23,"key":"GamblersBrew"},{"floor":25,"key":"FearPotion"},{"floor":28,"key":"Dexterity Potion"},{"floor":31,"key":"EssenceOfSteel"}],"is_trial":false,"path_per_floor":["M","?","M","M","M","E","R","M","T","?","E","R","E","?","R","B",null,"M","M","M","M","$","E","R","E","T","R","E","M","R","M","R","B"],"character_chosen":"IRONCLAD","items_purchased":["War Paint","Potion Belt","Pommel Strike"],"campfire_rested":2,"item_purchase_floors":[22,22,22],"current_hp_per_floor":[74,74,75,75,74,43,43,41,41,41,35,57,50,75,75,17,61,67,66,59,65,65,33,55,61,61,61,61,63,63,57,57,0],"gold":114,"neow_bonus":"THREE_ENEMY_KILL","is_prod":false,"is_daily":false,"chose_seed":false,"campfire_upgraded":5,"win_rate":0,"timestamp":1549893575,"path_taken":["M","?","M","M","M","E","R","?","T","?","E","R","E","?","R","BOSS","M","M","M","?","$","E","R","E","T","R","E","M","R","?","R","BOSS"],"build_version":"2019-01-23","purchased_purges":0,"victory":false,"max_hp_per_floor":[75,75,75,75,75,75,75,75,75,75,75,75,75,75,75,75,75,75,75,75,75,75,75,75,75,75,75,75,75,75,75,75,75],"card_choices":[{"not_picked":["Body Slam","Headbutt"],"picked":"Iron Wave","floor":1},{"not_picked":["Disarm","Ghostly Armor"],"picked":"Iron Wave","floor":3},{"not_picked":["Fire Breathing","Thunderclap"],"picked":"Shrug It Off","floor":4},{"not_picked":["Warcry","Second Wind"],"picked":"Whirlwind","floor":5},{"not_picked":["Clash","Hemokinesis"],"picked":"Thunderclap","floor":6},{"not_picked":["Havoc","Dark Embrace"],"picked":"Pommel Strike","floor":8},{"not_picked":["Flex","Headbutt"],"picked":"Iron Wave","floor":11},{"not_picked":["Feel No Pain","Sentinel"],"picked":"Ghostly Armor","floor":13},{"not_picked":["Feed","Limit Break"],"picked":"Double Tap","floor":16},{"not_picked":["Clash+1","Thunderclap"],"picked":"Headbutt+1","floor":18},{"not_picked":["Sentinel","Armaments"],"picked":"Carnage","floor":19},{"not_picked":["Sword Boomerang","True Grit"],"picked":"Shockwave","floor":20},{"not_picked":["Hemokinesis","Thunderclap"],"picked":"Flame Barrier","floor":21},{"not_picked":["Sentinel","Thunderclap","Body Slam"],"picked":"SKIP","floor":23},{"not_picked":["Spot Weakness","Combust","Intimidate"],"picked":"SKIP","floor":25},{"not_picked":["Warcry+1","Exhume+1","Fire Breathing+1"],"picked":"SKIP","floor":28},{"not_picked":["Rage+1","Iron Wave"],"picked":"Dual Wield+1","floor":29},{"not_picked":["Twin Strike","Entrench+1","Rampage"],"picked":"SKIP","floor":31}],"player_experience":365600,"relics_obtained":[{"floor":6,"key":"Ornamental Fan"},{"floor":9,"key":"Letter Opener"},{"floor":11,"key":"Sundial"},{"floor":13,"key":"Pocketwatch"},{"floor":23,"key":"Oddly Smooth Stone"},{"floor":25,"key":"Art of War"},{"floor":26,"key":"Toxic Egg 2"},{"floor":28,"key":"Dream Catcher"}],"event_choices":[{"damage_healed":0,"gold_gain":0,"player_choice":"Got Potions","damage_taken":0,"max_hp_gain":0,"max_hp_loss":0,"event_name":"Lab","floor":2,"gold_loss":0},{"damage_healed":0,"gold_gain":0,"player_choice":"Ignored","damage_taken":0,"max_hp_gain":0,"max_hp_loss":0,"event_name":"Liars Game","floor":10,"gold_loss":0},{"cards_removed":["Ghostly Armor"],"damage_healed":25,"gold_gain":0,"player_choice":"Offered Uncommon","damage_taken":0,"max_hp_gain":0,"max_hp_loss":0,"event_name":"Bonfire Elementals","floor":14,"gold_loss":0}],"is_beta":false,"boss_relics":[{"not_picked":["Coffee Dripper","Ectoplasm"],"picked":"Snecko Eye"}],"items_purged_floors":[],"is_endless":false,"potions_floor_spawned":[3,4,5,16,19,23,25,28,31],"killed_by":"Champ","ascension_level":20}