{"gold_per_floor":[13,13,24,38,50,81,81,107,107,107],"floor_reached":10,"playtime":507,"items_purged":[],"score":152,"play_id":"97a334be-a551-467a-a7ca-409c925be5f1","local_time":"20190218215827","is_ascension_mode":true,"campfire_choices":[{"data":"Noxious Fumes","floor":7,"key":"SMITH"}],"neow_cost":"NO_GOLD","seed_source_timestamp":466782995701700,"circlet_count":0,"master_deck":["AscendersBane","Defend_G","Defend_G","Defend_G","Defend_G","Defend_G","Strike_G","Strike_G","Strike_G","Strike_G","Strike_G","Survivor","Neutralize+1","Escape Plan","Cloak And Dagger","Dagger Spray","PiercingWail","Noxious Fumes+1","Footwork"],"relics":["Ring of the Snake","Unceasing Top","Gambling Chip","Blood Vial","The Courier"],"potions_floor_usage":[6,6,10],"damage_taken":[{"damage":4,"enemies":"Small Slimes","floor":1,"turns":4},{"damage":0,"enemies":"Cultist","floor":3,"turns":5},{"damage":0,"enemies":"2 Louse","floor":4,"turns":5},{"damage":1,"enemies":"Blue Slaver","floor":5,"turns":5},{"damage":8,"enemies":"3 Sentries","floor":6,"turns":8},{"damage":36,"enemies":"Lagavulin","floor":8,"turns":10},{"damage":16,"enemies":"Gremlin Nob","floor":10,"turns":3}],"seed_played":"-8182359832318476529","potions_obtained":[{"floor":3,"key":"AttackPotion"},{"floor":5,"key":"EssenceOfSteel"},{"floor":8,"key":"Strength Potion"}],"is_trial":false,"path_per_floor":["M","?","M","M","M","E","R","E","T","E"],"character_chosen":"THE_SILENT","items_purchased":[],"campfire_rested":0,"item_purchase_floors":[],"current_hp_per_floor":[55,55,55,55,54,46,46,10,10,0],"gold":107,"neow_bonus":"ONE_RARE_RELIC","is_prod":false,"is_daily":false,"chose_seed":false,"campfire_upgraded":1,"win_rate":0,"timestamp":1550523507,"path_taken":["M","?","M","M","?","E","R","E","T","E"],"build_version":"2019-01-23","purchased_purges":0,"victory":false,"max_hp_per_floor":[66,66,66,66,66,66,66,66,66,66],"card_choices":[{"not_picked":["Quick Slash","Acrobatics"],"picked":"Escape Plan","floor":1},{"not_picked":["Blade Dance","Tactician"],"picked":"Cloak And Dagger","floor":3},{"not_picked":["Eviscerate","Outmaneuver"],"picked":"Dagger Spray","floor":4},{"not_picked":["Dagger Spray","Expertise"],"picked":"PiercingWail","floor":5},{"not_picked":["Escape Plan","Distraction"],"picked":"Noxious Fumes","floor":6},{"not_picked":["A Thousand Cuts","Bane"],"picked":"Footwork","floor":8}],"player_experience":497213,"relics_obtained":[{"floor":6,"key":"Gambling Chip"},{"floor":8,"key":"Blood Vial"},{"floor":9,"key":"The Courier"}],"event_choices":[{"damage_healed":0,"gold_gain":0,"player_choice":"Upgraded","damage_taken":0,"max_hp_gain":0,"max_hp_loss":0,"event_name":"Upgrade Shrine","floor":2,"gold_loss":0,"cards_upgraded":["Neutralize"]}],"is_beta":false,"boss_relics":[],"items_purged_floors":[],"is_endless":false,"potions_floor_spawned":[3,5,8],"killed_by":"Gremlin Nob","ascension_level":19}