{"gold_per_floor":[118,43,43,43,43,71,83,126,138,150,227,253,265,80,80,159,159,169,94,106,106,106],"floor_reached":22,"playtime":661,"items_purged":[],"score":452,"play_id":"3cdadacc-56bb-43ba-9c41-a782b7c69373","local_time":"20190203110001","is_ascension_mode":true,"campfire_choices":[{"data":"Bash","floor":7,"key":"SMITH"},{"data":"Infernal Blade","floor":10,"key":"SMITH"},{"data":"Whirlwind","floor":13,"key":"SMITH"},{"data":"Transmutation","floor":15,"key":"SMITH"}],"neow_cost":"NONE","seed_source_timestamp":494206438734400,"circlet_count":0,"master_deck":["AscendersBane","Strike_R","Strike_R","Strike_R","Strike_R","Defend_R","Defend_R","Defend_R","Defend_R","Bash+1","Infernal Blade+1","Headbutt","Whirlwind+1","Transmutation+1","Double Tap+1"],"relics":["Burning Blood","NeowsBlessing","Red Skull","MawBank","Frozen Egg 2","Ice Cream","Orichalcum","Black Star"],"potions_floor_usage":[16,16],"damage_taken":[{"damage":0,"enemies":"Jaw Worm","floor":1,"turns":1},{"damage":0,"enemies":"3 Sentries","floor":6,"turns":2},{"damage":0,"enemies":"Lagavulin","floor":8,"turns":1},{"damage":53,"enemies":"3 Sentries","floor":11,"turns":12},{"damage":5,"enemies":"Small Slimes","floor":12,"turns":3},{"damage":40,"enemies":"The Guardian","floor":16,"turns":8},{"damage":32,"enemies":"3 Byrds","floor":18,"turns":4},{"damage":4,"enemies":"Chosen","floor":20,"turns":3},{"damage":36,"enemies":"Centurion and Healer","floor":22,"turns":3}],"seed_played":"366719663060260533","potions_obtained":[{"floor":8,"key":"Regen Potion"},{"floor":12,"key":"Block Potion"},{"floor":16,"key":"GamblersBrew"},{"floor":20,"key":"SteroidPotion"}],"is_trial":false,"path_per_floor":["M","?","?","$","?","E","R","E","T","R","?","M","R","$","R","B",null,"M","?","M","?","M"],"character_chosen":"IRONCLAD","items_purchased":["Transmutation"],"campfire_rested":0,"item_purchase_floors":[14],"current_hp_per_floor":[74,74,74,74,74,75,75,75,75,75,28,29,29,29,29,10,59,33,33,35,35,0],"gold":106,"neow_bonus":"THREE_ENEMY_KILL","is_prod":false,"is_daily":false,"chose_seed":false,"campfire_upgraded":4,"win_rate":0,"timestamp":1549188001,"path_taken":["M","?","?","$","?","E","R","E","T","R","?","M","R","$","R","BOSS","M","?","M","?","M"],"build_version":"2019-01-23","purchased_purges":0,"victory":false,"max_hp_per_floor":[75,75,75,75,75,75,75,75,75,75,75,75,75,75,75,75,75,75,75,75,75,75],"card_choices":[{"not_picked":["Headbutt","Clash","Pommel Strike"],"picked":"SKIP","floor":1},{"not_picked":["Flex","Burning Pact","Clothesline"],"picked":"SKIP","floor":6},{"not_picked":["Heavy Blade","Shockwave"],"picked":"Infernal Blade","floor":8},{"not_picked":["Cleave","Anger"],"picked":"Headbutt","floor":11},{"not_picked":["Clash","Perfected Strike"],"picked":"Whirlwind","floor":12},{"not_picked":["Dark Embrace+1","Fiend Fire"],"picked":"Double Tap","floor":16},{"not_picked":["Pommel Strike","Uppercut","Iron Wave"],"picked":"SKIP","floor":18},{"not_picked":["True Grit","Blood for Blood","Fire Breathing+1"],"picked":"SKIP","floor":20}],"player_experience":317707,"relics_obtained":[{"floor":6,"key":"MawBank"},{"floor":8,"key":"Frozen Egg 2"},{"floor":9,"key":"Ice Cream"},{"floor":11,"key":"Orichalcum"}],"event_choices":[{"cards_removed":["Strike_R"],"damage_healed":0,"gold_gain":0,"player_choice":"Card Removal","damage_taken":0,"max_hp_gain":0,"max_hp_loss":0,"event_name":"The Cleric","floor":2,"gold_loss":75},{"damage_healed":0,"gold_gain":0,"player_choice":"Ignored","damage_taken":0,"max_hp_gain":0,"max_hp_loss":0,"event_name":"Liars Game","floor":3,"gold_loss":0},{"damage_healed":0,"gold_gain":0,"player_choice":"Box","damage_taken":0,"relics_obtained":["Red Skull"],"max_hp_gain":0,"max_hp_loss":0,"event_name":"Big Fish","floor":5,"gold_loss":0,"cards_obtained":["Regret"]},{"damage_healed":0,"gold_gain":30,"player_choice":"Searched \u00272\u0027 times","damage_taken":0,"max_hp_gain":0,"max_hp_loss":0,"event_name":"Dead Adventurer","floor":11,"gold_loss":0},{"cards_removed":["Regret"],"damage_healed":0,"gold_gain":0,"player_choice":"Gave Gold","damage_taken":0,"max_hp_gain":0,"max_hp_loss":0,"event_name":"Beggar","floor":19,"gold_loss":75},{"damage_healed":0,"gold_gain":0,"player_choice":"Upgraded","damage_taken":0,"max_hp_gain":0,"max_hp_loss":0,"event_name":"Upgrade Shrine","floor":21,"gold_loss":0,"cards_upgraded":["Double Tap"]}],"is_beta":false,"boss_relics":[{"not_picked":["White Beast Statue","Astrolabe"],"picked":"Black Star"}],"items_purged_floors":[],"is_endless":false,"potions_floor_spawned":[8,12,16,20],"killed_by":"Centurion and Healer","ascension_level":18}