{"gold_per_floor":[159,159,334,358,32,67,79,115,152,164,176,188,213,238,250,383,395,427,459,471,497,509,521],"floor_reached":23,"playtime":1241,"items_purged":[],"score":216,"play_id":"2e212268-3f28-491c-992d-6db8c9fe9a33","local_time":"20190202161202","is_ascension_mode":false,"campfire_choices":[{"floor":7,"key":"REST"},{"data":"Bash","floor":10,"key":"SMITH"},{"data":"Uppercut","floor":15,"key":"SMITH"}],"neow_cost":"NONE","seed_source_timestamp":1200524718612943,"circlet_count":0,"master_deck":["Strike_R","Strike_R","Strike_R","Strike_R","Strike_R","Defend_R+1","Defend_R","Defend_R","Defend_R","Bash+1","Iron Wave","Flex","Cleave","Reaper","Trip","Thunderclap","Rage+1","Uppercut+1","Searing Blow","Offering","Rage","Clothesline","Metallicize","Shrug It Off","Flame Barrier","Perfected Strike","Flex","Clothesline+1","Ghostly","Ghostly","Ghostly","Ghostly","Ghostly"],"relics":["Tiny House","Golden Idol","Blood Vial","MawBank","Happy Flower","Orrery","MutagenicStrength"],"potions_floor_usage":[6,23,23],"damage_taken":[{"damage":1,"enemies":"Jaw Worm","floor":1,"turns":4},{"damage":0,"enemies":"Small Slimes","floor":4,"turns":3},{"damage":42,"enemies":"Lagavulin","floor":6,"turns":8},{"damage":7,"enemies":"2 Louse","floor":8,"turns":2},{"damage":12,"enemies":"Looter","floor":13,"turns":3},{"damage":9,"enemies":"2 Fungi Beasts","floor":14,"turns":4},{"damage":45,"enemies":"The Guardian","floor":16,"turns":11},{"damage":14,"enemies":"Chosen","floor":18,"turns":6},{"damage":13,"enemies":"3 Byrds","floor":19,"turns":5},{"damage":29,"enemies":"Cultist and Chosen","floor":21,"turns":8},{"damage":52,"enemies":"Gremlin Leader","floor":23,"turns":10}],"seed_played":"-8868834405787876703","potions_obtained":[{"floor":0,"key":"BloodPotion"},{"floor":4,"key":"GamblersBrew"},{"floor":8,"key":"FearPotion"},{"floor":21,"key":"PowerPotion"}],"is_trial":false,"path_per_floor":["M","?","?","M","$","E","R","M","T","R","?","?","M","M","R","B",null,"M","M","?","M","?","E"],"character_chosen":"IRONCLAD","items_purchased":["Reaper","Blood Vial","Trip"],"campfire_rested":1,"item_purchase_floors":[5,5,5],"current_hp_per_floor":[84,63,63,63,63,29,54,57,57,57,50,50,46,45,45,11,85,75,66,66,56,42,0],"gold":521,"neow_bonus":"BOSS_RELIC","is_prod":false,"is_daily":false,"chose_seed":false,"campfire_upgraded":2,"win_rate":0.0,"timestamp":1549095122,"path_taken":["M","?","?","M","?","E","R","M","T","R","?","?","?","M","R","BOSS","M","M","?","M","?","E"],"build_version":"2019-01-23","purchased_purges":0,"victory":false,"max_hp_per_floor":[85,85,85,85,85,85,85,85,85,85,85,85,85,85,85,85,85,85,85,85,85,42,42],"card_choices":[{"not_picked":["Clash","Battle Trance"],"picked":"Iron Wave","floor":0},{"not_picked":["Entrench","Clash"],"picked":"Flex","floor":1},{"not_picked":["Twin Strike","Body Slam"],"picked":"Cleave","floor":4},{"not_picked":["True Grit","Clash"],"picked":"Thunderclap","floor":6},{"not_picked":["Warcry","Anger"],"picked":"Rage","floor":8},{"not_picked":["Feed","Flex"],"picked":"Uppercut","floor":13},{"not_picked":["Body Slam","Sword Boomerang"],"picked":"Searing Blow","floor":14},{"not_picked":["Barricade","Berserk"],"picked":"Offering","floor":16},{"not_picked":["Evolve","Battle Trance"],"picked":"Rage","floor":17},{"not_picked":["Second Wind","Searing Blow"],"picked":"Clothesline","floor":17},{"not_picked":["True Grit","Whirlwind"],"picked":"Metallicize","floor":17},{"not_picked":["Body Slam","Rage"],"picked":"Shrug It Off","floor":17},{"not_picked":["Cleave","Clash"],"picked":"Flame Barrier","floor":17},{"not_picked":["Shrug It Off","Pommel Strike+1"],"picked":"Perfected Strike","floor":18},{"not_picked":["Hemokinesis","Wild Strike+1"],"picked":"Flex","floor":19},{"not_picked":["Iron Wave","Headbutt+1"],"picked":"Clothesline+1","floor":21}],"player_experience":88234,"relics_obtained":[{"floor":6,"key":"MawBank"},{"floor":9,"key":"Happy Flower"}],"event_choices":[{"damage_healed":0,"gold_gain":0,"player_choice":"Take Damage","damage_taken":21,"relics_obtained":["Golden Idol"],"max_hp_gain":0,"max_hp_loss":0,"event_name":"Golden Idol","floor":2,"gold_loss":0},{"damage_healed":0,"gold_gain":175,"player_choice":"AGREE","damage_taken":0,"max_hp_gain":0,"max_hp_loss":0,"event_name":"Liars Game","floor":3,"gold_loss":0,"cards_obtained":["Doubt"]},{"cards_removed":["Doubt"],"damage_healed":0,"gold_gain":0,"player_choice":"Card Removal","damage_taken":7,"max_hp_gain":0,"max_hp_loss":0,"event_name":"Golden Wing","floor":11,"gold_loss":0},{"damage_healed":0,"gold_gain":0,"player_choice":"Grow","damage_taken":0,"max_hp_gain":0,"max_hp_loss":0,"event_name":"Living Wall","floor":12,"gold_loss":0,"cards_upgraded":["Rage"]},{"damage_healed":0,"gold_gain":0,"player_choice":"Inject Mutagens","damage_taken":0,"relics_obtained":["MutagenicStrength"],"max_hp_gain":0,"max_hp_loss":0,"event_name":"Drug Dealer","floor":20,"gold_loss":0},{"damage_healed":0,"gold_gain":0,"player_choice":"Became a Ghost","damage_taken":0,"max_hp_gain":0,"max_hp_loss":43,"event_name":"Ghosts","floor":22,"gold_loss":0,"cards_obtained":["Ghostly","Ghostly","Ghostly","Ghostly","Ghostly"]}],"is_beta":false,"boss_relics":[{"not_picked":["Sozu","Runic Cube"],"picked":"Orrery"}],"items_purged_floors":[],"is_endless":false,"potions_floor_spawned":[4,8,21],"killed_by":"Gremlin Leader","ascension_level":0}