{"gold_per_floor":[111,111,125,125,125,125,14,14,14,14,30,43,68,68,68,68],"floor_reached":16,"playtime":389,"items_purged":["Strike_R"],"score":259,"play_id":"e5c5d3fb-c354-4698-aa7d-ebde739c80a5","local_time":"20190202205712","is_ascension_mode":true,"campfire_choices":[{"floor":6,"key":"REST"},{"floor":15,"key":"REST"}],"neow_cost":"NONE","seed_source_timestamp":0,"circlet_count":0,"master_deck":["AscendersBane","Defend_R","Defend_R","Defend_R","Defend_R","Bash","Sever Soul","Dropkick"],"special_seed":0,"relics":["Astrolabe","WingedGreaves","Golden Idol","Mummified Hand"],"potions_floor_usage":[16,16],"damage_taken":[{"damage":0,"enemies":"2 Louse","floor":1,"turns":6},{"damage":18,"enemies":"Cultist","floor":3,"turns":5},{"damage":7,"enemies":"Jaw Worm","floor":11,"turns":2},{"damage":14,"enemies":"2 Fungi Beasts","floor":12,"turns":5},{"damage":22,"enemies":"3 Louse","floor":13,"turns":3},{"damage":40,"enemies":"Hexaghost","floor":16,"turns":7}],"seed_played":"-4038826188319423232","potions_obtained":[{"floor":2,"key":"Strength Potion"},{"floor":2,"key":"Weak Potion"},{"floor":11,"key":"BloodPotion"}],"is_trial":false,"path_per_floor":["M","?","M","?","?","R","$","?","T","$","M","M","M","$","R","B"],"character_chosen":"IRONCLAD","items_purchased":["Dropkick"],"campfire_rested":2,"item_purchase_floors":[7],"current_hp_per_floor":[68,68,50,39,39,59,59,52,52,52,45,31,9,9,29,0],"gold":68,"neow_bonus":"BOSS_RELIC","is_prod":false,"is_daily":false,"chose_seed":false,"campfire_upgraded":0,"win_rate":0,"timestamp":1549137432,"path_taken":["M","?","?","?","?","R","$","?","T","?","M","M","M","$","R","BOSS"],"build_version":"2019-01-23","purchased_purges":1,"victory":false,"max_hp_per_floor":[75,75,75,75,68,68,68,68,68,68,68,68,68,68,68,68],"card_choices":[{"not_picked":["Clothesline","Iron Wave","True Grit"],"picked":"SKIP","floor":1},{"not_picked":["Twin Strike","Rupture"],"picked":"Sever Soul","floor":3},{"not_picked":["Feel No Pain","Inflame","Headbutt"],"picked":"SKIP","floor":11},{"not_picked":["Feel No Pain","Infernal Blade","Shockwave"],"picked":"SKIP","floor":12},{"not_picked":["Perfected Strike","Sword Boomerang","Feel No Pain"],"picked":"SKIP","floor":13}],"player_experience":312227,"relics_obtained":[{"floor":9,"key":"Mummified Hand"}],"event_choices":[{"damage_healed":0,"gold_gain":0,"player_choice":"Got Potions","damage_taken":0,"max_hp_gain":0,"max_hp_loss":0,"event_name":"Lab","floor":2,"gold_loss":0},{"damage_healed":0,"gold_gain":0,"player_choice":"Success","damage_taken":11,"relics_obtained":["WingedGreaves"],"max_hp_gain":0,"max_hp_loss":0,"event_name":"Scrap Ooze","floor":4,"gold_loss":0},{"damage_healed":0,"gold_gain":0,"player_choice":"Lose Max HP","damage_taken":0,"relics_obtained":["Golden Idol"],"max_hp_gain":0,"max_hp_loss":7,"event_name":"Golden Idol","floor":5,"gold_loss":0},{"cards_removed":["Strike_R"],"damage_healed":0,"gold_gain":0,"player_choice":"Card Removal","damage_taken":7,"max_hp_gain":0,"max_hp_loss":0,"event_name":"Golden Wing","floor":8,"gold_loss":0}],"is_beta":false,"boss_relics":[],"items_purged_floors":[7],"is_endless":false,"potions_floor_spawned":[3,11],"killed_by":"Hexaghost","ascension_level":17}