{"gold_per_floor":[112,128,53,69,69,96,96,129,129,129,162,9,29,45,45,144,144,155,165,40,58,75,75],"floor_reached":23,"playtime":3467,"items_purged":["Strike_R","Strike_R","Strike_R"],"score":234,"play_id":"1ee5e23f-7ee2-4917-b438-3c356e5ceda3","local_time":"20190216041621","is_ascension_mode":true,"campfire_choices":[{"data":"Barricade","floor":7,"key":"SMITH"},{"floor":10,"key":"REST"},{"floor":15,"key":"REST"}],"neow_cost":"TEN_PERCENT_HP_LOSS","seed_source_timestamp":151930588284138,"circlet_count":0,"master_deck":["Strike_R","Strike_R","Defend_R","Defend_R","Defend_R","Defend_R","Bash","Inflame","Flame Barrier","Headbutt","Barricade+1","Rampage","Body Slam","Body Slam","Battle Trance","Shockwave"],"relics":["Burning Blood","Champion Belt","Mummified Hand","Magic Flower","Ginger","Frozen Egg 2","Mark of Pain"],"potions_floor_usage":[6,6,13,16,21,22,22],"damage_taken":[{"damage":6,"enemies":"Cultist","floor":1,"turns":3},{"damage":9,"enemies":"Jaw Worm","floor":2,"turns":4},{"damage":1,"enemies":"Small Slimes","floor":4,"turns":4},{"damage":38,"enemies":"Lagavulin","floor":6,"turns":10},{"damage":21,"enemies":"3 Sentries","floor":8,"turns":12},{"damage":16,"enemies":"Lagavulin","floor":11,"turns":8},{"damage":27,"enemies":"Exordium Wildlife","floor":13,"turns":7},{"damage":8,"enemies":"Blue Slaver","floor":14,"turns":4},{"damage":9,"enemies":"Slime Boss","floor":16,"turns":8},{"damage":29,"enemies":"Spheric Guardian","floor":18,"turns":5},{"damage":15,"enemies":"3 Byrds","floor":19,"turns":5},{"damage":39,"enemies":"Centurion and Healer","floor":21,"turns":5},{"damage":7,"enemies":"Chosen and Byrds","floor":22,"turns":5},{"damage":23,"enemies":"Gremlin Leader","floor":23,"turns":9}],"seed_played":"77334701844261652","potions_obtained":[{"floor":2,"key":"PowerPotion"},{"floor":4,"key":"Regen Potion"},{"floor":8,"key":"EssenceOfSteel"},{"floor":11,"key":"BloodPotion"},{"floor":16,"key":"Dexterity Potion"},{"floor":18,"key":"PowerPotion"},{"floor":21,"key":"FearPotion"}],"is_trial":false,"path_per_floor":["M","M","$","M","$","E","R","E","T","R","E","$","M","M","R","B",null,"M","M","$","M","M","E"],"character_chosen":"IRONCLAD","items_purchased":["Body Slam"],"campfire_rested":2,"item_purchase_floors":[12],"current_hp_per_floor":[72,69,69,72,72,54,54,39,39,60,53,53,46,47,68,68,72,52,46,46,16,18,0],"gold":75,"neow_bonus":"ONE_RARE_RELIC","is_prod":false,"is_daily":false,"chose_seed":false,"campfire_upgraded":1,"win_rate":0,"timestamp":1550258181,"path_taken":["M","?","$","M","$","E","R","E","T","R","E","$","M","M","R","BOSS","M","M","$","M","M","E"],"build_version":"2019-01-23","purchased_purges":3,"victory":false,"max_hp_per_floor":[72,72,72,72,72,72,72,72,72,72,72,72,72,72,72,72,72,72,72,72,72,72,72],"card_choices":[{"not_picked":["Body Slam","Disarm"],"picked":"Inflame","floor":1},{"not_picked":["Warcry","Perfected Strike"],"picked":"Flame Barrier","floor":2},{"not_picked":["Flex","Seeing Red"],"picked":"Headbutt","floor":4},{"not_picked":["Clash","Headbutt"],"picked":"Barricade","floor":6},{"not_picked":["Spot Weakness","Dropkick"],"picked":"Rampage","floor":8},{"not_picked":["Exhume","Searing Blow"],"picked":"Body Slam","floor":11},{"not_picked":["Havoc","Power Through","Clothesline"],"picked":"SKIP","floor":13},{"not_picked":["Cleave","Wild Strike"],"picked":"Battle Trance","floor":14},{"not_picked":["Burning Pact","Clash","Perfected Strike"],"picked":"SKIP","floor":18},{"not_picked":["Anger","Iron Wave","Dual Wield"],"picked":"SKIP","floor":19},{"not_picked":["Searing Blow","Thunderclap+1","Anger+1"],"picked":"SKIP","floor":21},{"not_picked":["Dropkick+1","True Grit"],"picked":"Shockwave","floor":22}],"player_experience":58077,"relics_obtained":[{"floor":6,"key":"Mummified Hand"},{"floor":8,"key":"Magic Flower"},{"floor":9,"key":"Ginger"},{"floor":11,"key":"Frozen Egg 2"}],"event_choices":[],"is_beta":false,"boss_relics":[{"not_picked":["Runic Cube","Runic Pyramid"],"picked":"Mark of Pain"}],"items_purged_floors":[3,12,20],"is_endless":false,"potions_floor_spawned":[2,4,8,11,16,18,21],"killed_by":"Gremlin Leader","ascension_level":2}