{"gold_per_floor":[111,121,121,134,134,134,153,153,153,170,4,29,48,60,60,138,138],"floor_reached":17,"playtime":641,"items_purged":["Searing Blow"],"score":294,"play_id":"8dc86de2-a6d0-43da-8674-efd205b8aea4","local_time":"20190202153800","is_ascension_mode":true,"campfire_choices":[{"data":"True Grit","floor":6,"key":"SMITH"},{"data":"Armaments","floor":15,"key":"SMITH"}],"neow_cost":"NONE","seed_source_timestamp":424505059505200,"circlet_count":0,"master_deck":["AscendersBane","Strike_R","Strike_R","Strike_R","Strike_R","Strike_R","Defend_R","Defend_R","Defend_R","Bash","Clash","Cleave","True Grit+1","Juggernaut","Battle Trance","Discovery","Armaments+1","Inflame","Brutality"],"relics":["Burning Blood","NeowsBlessing","Mummified Hand","Dream Catcher","Blood Vial","Runic Pyramid"],"potions_floor_usage":[16],"damage_taken":[{"damage":0,"enemies":"2 Louse","floor":1,"turns":1},{"damage":0,"enemies":"Cultist","floor":2,"turns":1},{"damage":0,"enemies":"Jaw Worm","floor":4,"turns":1},{"damage":0,"enemies":"2 Fungi Beasts","floor":7,"turns":2},{"damage":14,"enemies":"Lots of Slimes","floor":10,"turns":4},{"damage":28,"enemies":"Gremlin Nob","floor":12,"turns":4},{"damage":5,"enemies":"Red Slaver","floor":13,"turns":4},{"damage":2,"enemies":"2 Fungi Beasts","floor":14,"turns":3},{"damage":33,"enemies":"Slime Boss","floor":16,"turns":10}],"seed_played":"7214185641763088771","potions_obtained":[{"floor":2,"key":"BloodPotion"},{"floor":4,"key":"SteroidPotion"},{"floor":12,"key":"EssenceOfSteel"},{"floor":16,"key":"Fire Potion"}],"is_trial":false,"path_per_floor":["M","M","?","M","?","R","M","?","T","M","$","E","M","M","R","B",null],"character_chosen":"IRONCLAD","items_purchased":["Discovery"],"campfire_rested":0,"item_purchase_floors":[11],"current_hp_per_floor":[74,75,75,75,68,68,74,74,74,66,66,44,47,53,53,28,63],"gold":138,"neow_bonus":"THREE_ENEMY_KILL","is_prod":false,"is_daily":false,"chose_seed":false,"campfire_upgraded":2,"win_rate":0,"timestamp":1549118280,"path_taken":["M","M","?","?","?","R","M","?","T","M","$","E","?","M","R","BOSS"],"build_version":"2019-01-23","purchased_purges":1,"victory":false,"max_hp_per_floor":[75,75,75,75,75,75,75,75,75,75,75,75,75,75,75,75,75],"card_choices":[{"not_picked":["Flex","Pommel Strike"],"picked":"Clash","floor":1},{"not_picked":["Body Slam","Wild Strike"],"picked":"Cleave","floor":2},{"not_picked":["Cleave","Anger"],"picked":"True Grit","floor":4},{"not_picked":["Shockwave","Blood for Blood"],"picked":"Searing Blow","floor":7},{"not_picked":["Clothesline","Wild Strike"],"picked":"Battle Trance","floor":10},{"not_picked":["Intimidate","Sentinel"],"picked":"Armaments","floor":12},{"not_picked":["Body Slam","Armaments","True Grit"],"picked":"SKIP","floor":13},{"not_picked":["Wild Strike","Pummel"],"picked":"Inflame","floor":14},{"not_picked":["Berserk","Bludgeon"],"picked":"Brutality","floor":16}],"player_experience":305996,"relics_obtained":[{"floor":9,"key":"Dream Catcher"},{"floor":12,"key":"Blood Vial"}],"event_choices":[{"damage_healed":0,"gold_gain":0,"player_choice":"Gave Potion","damage_taken":0,"relics_obtained":["Mummified Hand"],"max_hp_gain":0,"max_hp_loss":0,"event_name":"WeMeetAgain","floor":3,"gold_loss":0},{"cards_removed":["Defend_R"],"damage_healed":0,"gold_gain":0,"player_choice":"Card Removal","damage_taken":7,"max_hp_gain":0,"max_hp_loss":0,"event_name":"Golden Wing","floor":5,"gold_loss":0},{"damage_healed":0,"gold_gain":0,"player_choice":"1 cards matched","damage_taken":0,"max_hp_gain":0,"max_hp_loss":0,"event_name":"Match and Keep!","floor":8,"gold_loss":0,"cards_obtained":["Juggernaut"]}],"is_beta":false,"boss_relics":[{"not_picked":["Sozu","Ectoplasm"],"picked":"Runic Pyramid"}],"items_purged_floors":[11],"is_endless":false,"potions_floor_spawned":[2,4,12,16],"ascension_level":17}