{"gold_per_floor":[209,209,209,30,43,43,43,43,99,124,144,144,165,178,178,178],"floor_reached":16,"playtime":1025,"items_purged":["Defend_B"],"score":170,"play_id":"207f33d5-c62e-47f8-b9a7-612b47d8005b","local_time":"20190215203203","is_ascension_mode":true,"campfire_choices":[{"data":"Glacier","floor":6,"key":"SMITH"},{"floor":8,"key":"REST"},{"floor":15,"key":"REST"}],"neow_cost":"NONE","seed_source_timestamp":2548581443600107,"circlet_count":0,"master_deck":["AscendersBane","Strike_B","Strike_B","Strike_B","Strike_B","Defend_B","Defend_B+1","Defend_B","Zap+1","Dualcast","Cold Snap","Glacier+1","Conserve Battery","FTL","Injury","Capacitor","Cold Snap","Cold Snap","Conserve Battery"],"relics":["Cracked Core","Golden Idol","Tiny Chest","Potion Belt"],"potions_floor_usage":[14],"damage_taken":[{"damage":7,"enemies":"Small Slimes","floor":1,"turns":3},{"damage":0,"enemies":"Jaw Worm","floor":5,"turns":4},{"damage":0,"enemies":"Cultist","floor":10,"turns":4},{"damage":11,"enemies":"Exordium Wildlife","floor":11,"turns":5},{"damage":10,"enemies":"Large Slime","floor":13,"turns":7},{"damage":0,"enemies":"Lots of Slimes","floor":14,"turns":1},{"damage":60,"enemies":"Slime Boss","floor":16,"turns":13}],"seed_played":"-5169774329430897224","potions_obtained":[{"floor":3,"key":"LiquidBronze"},{"floor":3,"key":"Explosive Potion"},{"floor":14,"key":"SpeedPotion"}],"is_trial":false,"path_per_floor":["M","?","?","$","M","R","?","R","T","M","M","?","M","M","R","B"],"character_chosen":"DEFECT","items_purchased":["Glacier","Conserve Battery"],"campfire_rested":2,"item_purchase_floors":[4,4],"current_hp_per_floor":[57,36,36,36,36,36,36,57,57,57,46,46,36,36,57,0],"gold":178,"neow_bonus":"HUNDRED_GOLD","is_prod":false,"is_daily":false,"chose_seed":false,"campfire_upgraded":1,"win_rate":0,"timestamp":1550230323,"path_taken":["M","?","?","$","?","R","?","R","T","M","M","?","M","?","R","BOSS"],"build_version":"2019-01-23","purchased_purges":1,"victory":false,"max_hp_per_floor":[71,71,71,71,71,71,71,71,71,71,71,71,71,71,71,71],"card_choices":[{"not_picked":["FTL","Barrage"],"picked":"Cold Snap","floor":1},{"not_picked":["Go for the Eyes","Beam Cell"],"picked":"FTL","floor":5},{"not_picked":["Auto Shields","Scrape"],"picked":"Capacitor","floor":10},{"not_picked":["Gash","Stack"],"picked":"Cold Snap","floor":11},{"not_picked":["Hello World","Undo"],"picked":"Cold Snap","floor":13},{"not_picked":["Darkness","Go for the Eyes"],"picked":"Conserve Battery","floor":14}],"player_experience":624199,"relics_obtained":[{"floor":9,"key":"Tiny Chest"},{"floor":12,"key":"Potion Belt"}],"event_choices":[{"damage_healed":0,"gold_gain":0,"player_choice":"Entered Light","damage_taken":21,"max_hp_gain":0,"max_hp_loss":0,"event_name":"Shining Light","floor":2,"gold_loss":0,"cards_upgraded":["Defend_B","Zap"]},{"damage_healed":0,"gold_gain":0,"player_choice":"Got Potions","damage_taken":0,"max_hp_gain":0,"max_hp_loss":0,"event_name":"Lab","floor":3,"gold_loss":0},{"damage_healed":0,"gold_gain":0,"player_choice":"Take Wound","damage_taken":0,"relics_obtained":["Golden Idol"],"max_hp_gain":0,"max_hp_loss":0,"event_name":"Golden Idol","floor":7,"gold_loss":0,"cards_obtained":["Injury"]},{"damage_healed":0,"gold_gain":0,"player_choice":"Relic","damage_taken":0,"max_hp_gain":0,"max_hp_loss":0,"event_name":"Wheel of Change","floor":12,"gold_loss":0}],"is_beta":false,"boss_relics":[],"items_purged_floors":[4],"is_endless":false,"potions_floor_spawned":[5,11,14],"killed_by":"Slime Boss","ascension_level":17}