{"gold_per_floor":[18,193,206,14,27,62,62,62,88,111,124,124,136,156,156,258,258,271,288,288,288,302,302,315,315,315,327,327,342,342,372,372,468,468,486,486,486,503,503,503,515,515],"floor_reached":42,"playtime":2568,"items_purged":["Doubt"],"score":592,"play_id":"b4e3aa7a-71a6-4ced-bbe1-f561ab08346b","local_time":"20181104144349","is_ascension_mode":true,"campfire_choices":[{"floor":8,"key":"REST"},{"data":"Seek","floor":15,"key":"SMITH"},{"floor":23,"key":"REST"},{"floor":28,"key":"REST"},{"data":"Auto Shields","floor":30,"key":"SMITH"},{"data":"Blizzard","floor":32,"key":"SMITH"},{"data":"Dualcast","floor":40,"key":"SMITH"}],"neow_cost":"NO_GOLD","seed_source_timestamp":2563080659925006,"circlet_count":0,"master_deck":["Strike_B","Strike_B","Strike_B","Defend_B","Defend_B","Zap+1","Dualcast+1","Conserve Battery+1","Sweeping Beam","Capacitor","FTL","BootSequence","Defragment+1","Seek+1","Reinforced Body","Blizzard+1","Seek","Cold Snap","Auto Shields+1","Reinforced Body","Barrage","Cold Snap","Gash","Cold Snap","Redo+1","All For One","Writhe","Cold Snap","Gash+1"],"relics":["Cracked Core","Regal Pillow","Bag of Preparation","PreservedInsect","White Beast Statue","GremlinMask","Pantograph","War Paint","Cursed Key"],"potions_floor_usage":[16,22,24,29,31,33,41,42,42],"damage_taken":[{"damage":0,"enemies":"Small Slimes","floor":1,"turns":3},{"damage":3,"enemies":"2 Louse","floor":3,"turns":2},{"damage":2,"enemies":"Jaw Worm","floor":5,"turns":3},{"damage":33,"enemies":"3 Sentries","floor":6,"turns":9},{"damage":6,"enemies":"Exordium Wildlife","floor":11,"turns":4},{"damage":3,"enemies":"Blue Slaver","floor":13,"turns":3},{"damage":4,"enemies":"Lots of Slimes","floor":14,"turns":3},{"damage":8,"enemies":"Hexaghost","floor":16,"turns":12},{"damage":19,"enemies":"Chosen","floor":18,"turns":8},{"damage":8,"enemies":"Shell Parasite","floor":19,"turns":12},{"damage":20,"enemies":"Sentry and Sphere","floor":22,"turns":7},{"damage":21,"enemies":"Snake Plant","floor":24,"turns":8},{"damage":36,"enemies":"Snecko","floor":27,"turns":10},{"damage":0,"enemies":"Shelled Parasite and Fungi","floor":29,"turns":9},{"damage":18,"enemies":"Book of Stabbing","floor":31,"turns":8},{"damage":34,"enemies":"Champ","floor":33,"turns":19},{"damage":18,"enemies":"3 Shapes","floor":35,"turns":5},{"damage":6,"enemies":"Orb Walker","floor":38,"turns":4},{"damage":7,"enemies":"Maw","floor":41,"turns":10},{"damage":50,"enemies":"Giant Head","floor":42,"turns":9}],"seed_played":"-7539566743376312674","potions_obtained":[{"floor":3,"key":"SpeedPotion"},{"floor":11,"key":"AttackPotion"},{"floor":18,"key":"AttackPotion"},{"floor":19,"key":"Regen Potion"},{"floor":22,"key":"Swift Potion"},{"floor":24,"key":"Ancient Potion"},{"floor":29,"key":"SkillPotion"},{"floor":31,"key":"SmokeBomb"},{"floor":33,"key":"Dexterity Potion"},{"floor":38,"key":"Block Potion"},{"floor":41,"key":"Energy Potion"}],"is_trial":false,"path_per_floor":["M","?","M","$","M","E","?","R","T","T","M","?","M","M","R","B",null,"M","M","?","?","M","R","M","?","T","M","R","M","R","E","R","B",null,"M","?","?","M","?","R","M","E"],"character_chosen":"DEFECT","items_purchased":["Capacitor","FTL"],"campfire_rested":3,"item_purchase_floors":[4,4],"current_hp_per_floor":[68,68,65,65,63,30,23,60,60,60,54,54,51,47,47,39,66,47,39,39,39,34,71,50,50,50,14,51,51,51,33,33,24,62,44,63,63,57,57,57,50,0],"gold":515,"neow_bonus":"TRANSFORM_TWO_CARDS","is_prod":false,"is_daily":false,"chose_seed":false,"campfire_upgraded":4,"win_rate":0,"timestamp":1541310229,"path_taken":["M","?","M","$","M","E","?","R","T","?","?","?","?","M","R","BOSS","M","M","?","?","M","R","M","?","T","M","R","?","R","E","R","BOSS","M","?","?","M","?","R","M","E"],"build_version":"2018-11-01","purchased_purges":1,"victory":false,"max_hp_per_floor":[75,75,75,75,75,75,75,75,75,75,75,75,75,75,75,75,75,75,75,75,75,75,75,75,75,75,75,75,75,75,75,75,75,75,75,75,75,75,75,75,75,75],"card_choices":[{"not_picked":["Chaos","Fusion"],"picked":"Conserve Battery","floor":1},{"not_picked":["Beam Cell","Melter"],"picked":"Sweeping Beam","floor":3},{"not_picked":["Gash","Leap"],"picked":"BootSequence","floor":5},{"not_picked":["Steam Power","Aggregate"],"picked":"Defragment","floor":6},{"not_picked":["Compile Driver","Redo"],"picked":"Seek","floor":11},{"not_picked":["Conserve Battery","Hello World"],"picked":"Reinforced Body","floor":13},{"not_picked":["Stack","Fusion"],"picked":"Blizzard","floor":14},{"not_picked":["Buffer","Core Surge"],"picked":"Seek","floor":16},{"not_picked":["Rebound+1","Capacitor"],"picked":"Cold Snap","floor":18},{"not_picked":["Darkness","Skim+1"],"picked":"Auto Shields","floor":19},{"not_picked":["Barrage","Sweeping Beam+1"],"picked":"Cold Snap","floor":22},{"not_picked":["Rebound","Steam Power"],"picked":"Gash","floor":24},{"not_picked":["Gash","Ball Lightning"],"picked":"Cold Snap","floor":27},{"not_picked":["Genetic Algorithm","Turbo+1","Electrodynamics"],"picked":"SKIP","floor":29},{"not_picked":["Turbo","Reinforced Body"],"picked":"Redo+1","floor":31},{"not_picked":["Biased Cognition","Fission"],"picked":"All For One","floor":33},{"not_picked":["Heatsinks","Barrage+1","Beam Cell+1"],"picked":"SKIP","floor":35},{"not_picked":["Sweeping Beam+1","BootSequence"],"picked":"Cold Snap","floor":38},{"not_picked":["Compile Driver","Hologram"],"picked":"Gash+1","floor":41}],"player_experience":390104,"relics_obtained":[{"floor":6,"key":"Regal Pillow"},{"floor":9,"key":"Bag of Preparation"},{"floor":10,"key":"PreservedInsect"},{"floor":26,"key":"Pantograph"},{"floor":31,"key":"War Paint"}],"event_choices":[{"damage_healed":0,"gold_gain":175,"player_choice":"AGREE","damage_taken":0,"max_hp_gain":0,"max_hp_loss":0,"event_name":"Liars Game","floor":2,"gold_loss":0,"cards_obtained":["Doubt"]},{"cards_removed":["Reprogram"],"damage_healed":0,"gold_gain":0,"player_choice":"Card Removal","damage_taken":7,"max_hp_gain":0,"max_hp_loss":0,"event_name":"Golden Wing","floor":7,"gold_loss":0},{"damage_healed":0,"gold_gain":0,"player_choice":"Upgraded","damage_taken":0,"max_hp_gain":0,"max_hp_loss":0,"event_name":"Upgrade Shrine","floor":12,"gold_loss":0,"cards_upgraded":["Defragment"]},{"damage_healed":0,"gold_gain":0,"player_choice":"Ignored","damage_taken":0,"max_hp_gain":0,"max_hp_loss":0,"event_name":"Ghosts","floor":20,"gold_loss":0},{"damage_healed":0,"gold_gain":0,"cards_transformed":["Defend_B","Turbo"],"player_choice":"Became Test Subject","damage_taken":0,"max_hp_gain":0,"max_hp_loss":0,"event_name":"Drug Dealer","floor":21,"gold_loss":0,"cards_obtained":["Reinforced Body","Barrage"]},{"damage_healed":0,"gold_gain":0,"player_choice":"Trade","damage_taken":0,"relics_obtained":["GremlinMask"],"max_hp_gain":0,"max_hp_loss":0,"event_name":"FaceTrader","floor":25,"gold_loss":0},{"damage_healed":19,"gold_gain":0,"player_choice":"Writhe","damage_taken":0,"max_hp_gain":0,"max_hp_loss":0,"event_name":"Winding Halls","floor":36,"gold_loss":0,"cards_obtained":["Writhe"]},{"damage_healed":0,"gold_gain":0,"player_choice":"Ignored","damage_taken":0,"max_hp_gain":0,"max_hp_loss":0,"event_name":"Mysterious Sphere","floor":37,"gold_loss":0},{"damage_healed":0,"gold_gain":0,"player_choice":"Ignored","damage_taken":0,"max_hp_gain":0,"max_hp_loss":0,"event_name":"Tomb of Lord Red Mask","floor":39,"gold_loss":0}],"is_beta":false,"boss_relics":[{"not_picked":["Snecko Eye","Black Star"],"picked":"White Beast Statue"},{"not_picked":["Eternal Feather","Calling Bell"],"picked":"Cursed Key"}],"items_purged_floors":[4],"is_endless":false,"potions_floor_spawned":[3,11,18,19,22,24,27,29,31,33,35,38,41],"killed_by":"Giant Head","ascension_level":7}