{"gold_per_floor":[112,129,204,204,204,238,238,273,273,317,317,351,409,19,19,112,112,135,48,66,66,79,113,113,134,134,259,280,300,340,355,355,449,449,468,801,813,253,272,272,302,402,402,440,469,501,527,539,551,563,575],"floor_reached":51,"playtime":2427,"items_purged":[],"score":1950,"play_id":"980ffc95-7334-4340-8a38-5621c44c6394","local_time":"20190211040016","is_ascension_mode":true,"campfire_choices":[{"floor":7,"key":"REST"},{"floor":11,"key":"REST"},{"floor":15,"key":"REST"},{"floor":24,"key":"REST"},{"floor":32,"key":"REST"},{"floor":40,"key":"REST"},{"floor":49,"key":"REST"}],"neow_cost":"NONE","seed_source_timestamp":0,"circlet_count":0,"master_deck":["AscendersBane","Bash","Clothesline","Shrug It Off+1","Dropkick","Uppercut","Immolate","Fiend Fire","Whirlwind","Headbutt+1","Anger","Headbutt","Heavy Blade","Twin Strike","Uppercut","Entrench","Clash","Iron Wave","Battle Trance","Power Through","Hemokinesis","Shrug It Off","Pommel Strike","Shrug It Off","Transmutation","Pommel Strike","Thunderclap"],"special_seed":0,"relics":["Busted Crown","WingedGreaves","Happy Flower","Pantograph","Red Skull","Oddly Smooth Stone","HandDrill","Black Star","Ancient Tea Set","Bronze Scales","Anchor","Du-Vu Doll","Paper Frog","Mummified Hand","Omamori","Pandora\u0027s Box","Blue Candle","Strawberry","Shuriken","Nunchaku","MawBank","Mango","Bag of Preparation"],"potions_floor_usage":[16,23,29,29,29,37,41,44,51,51],"damage_taken":[{"damage":1,"enemies":"Cultist","floor":1,"turns":3},{"damage":3,"enemies":"2 Louse","floor":2,"turns":3},{"damage":25,"enemies":"Gremlin Nob","floor":6,"turns":4},{"damage":17,"enemies":"Lagavulin","floor":8,"turns":6},{"damage":0,"enemies":"Gremlin Nob","floor":10,"turns":3},{"damage":10,"enemies":"Lagavulin","floor":12,"turns":3},{"damage":36,"enemies":"Hexaghost","floor":16,"turns":6},{"damage":9,"enemies":"Chosen","floor":18,"turns":4},{"damage":20,"enemies":"Shell Parasite","floor":20,"turns":3},{"damage":11,"enemies":"3 Cultists","floor":22,"turns":4},{"damage":12,"enemies":"Gremlin Leader","floor":23,"turns":5},{"damage":6,"enemies":"Cultist and Chosen","floor":25,"turns":4},{"damage":0,"enemies":"Colosseum Slavers","floor":27,"turns":2},{"damage":0,"enemies":"Colosseum Nobs","floor":27,"turns":3},{"damage":2,"enemies":"Snake Plant","floor":28,"turns":2},{"damage":21,"enemies":"3 Cultists","floor":29,"turns":4},{"damage":5,"enemies":"Slavers","floor":30,"turns":2},{"damage":0,"enemies":"Shelled Parasite and Fungi","floor":31,"turns":2},{"damage":41,"enemies":"Champ","floor":33,"turns":10},{"damage":15,"enemies":"Orb Walker","floor":35,"turns":3},{"damage":18,"enemies":"3 Darklings","floor":37,"turns":4},{"damage":3,"enemies":"Sphere and 2 Shapes","floor":39,"turns":3},{"damage":9,"enemies":"Nemesis","floor":41,"turns":3},{"damage":0,"enemies":"Mind Bloom Boss Battle","floor":42,"turns":4},{"damage":41,"enemies":"Giant Head","floor":44,"turns":5},{"damage":10,"enemies":"Transient","floor":45,"turns":6},{"damage":3,"enemies":"Maw","floor":46,"turns":4},{"damage":6,"enemies":"3 Darklings","floor":47,"turns":3},{"damage":64,"enemies":"Awakened One","floor":50,"turns":7},{"damage":63,"enemies":"Donu and Deca","floor":51,"turns":5}],"seed_played":"-6633844305470537955","potions_obtained":[{"floor":6,"key":"Ancient Potion"},{"floor":10,"key":"Swift Potion"},{"floor":12,"key":"Strength Potion"},{"floor":20,"key":"Explosive Potion"},{"floor":22,"key":"PowerPotion"},{"floor":28,"key":"Regen Potion"},{"floor":29,"key":"Fruit Juice"},{"floor":30,"key":"SneckoOil"},{"floor":31,"key":"SpeedPotion"},{"floor":37,"key":"Fruit Juice"},{"floor":41,"key":"Strength Potion"},{"floor":44,"key":"PowerPotion"}],"is_trial":false,"path_per_floor":["M","M","?","?","?","E","R","E","T","E","R","E","?","$","R","B",null,"M","$","M","?","M","E","R","M","T","?","M","M","E","M","R","B",null,"M","?","M","$","M","R","E","?","T","E","M","M","M","?","R","B","B"],"character_chosen":"IRONCLAD","items_purchased":["Immolate","HandDrill","Whirlwind","Blue Candle","PowerPotion","PowerPotion","Transmutation"],"campfire_rested":7,"item_purchase_floors":[14,14,19,38,38,38,38],"current_hp_per_floor":[67,64,53,30,30,5,25,8,8,8,28,18,18,18,38,27,58,49,49,29,29,18,6,26,20,20,20,18,7,2,2,23,7,57,42,42,29,29,26,49,47,72,72,45,35,32,26,26,55,16,0],"gold":575,"neow_bonus":"BOSS_RELIC","is_prod":false,"is_daily":false,"chose_seed":false,"campfire_upgraded":0,"win_rate":0,"timestamp":1549854016,"path_taken":["M","?","?","?","?","E","R","E","T","E","R","E","?","?","R","BOSS","M","$","M","?","M","E","R","M","T","?","M","M","E","M","R","BOSS","M","?","M","$","M","R","E","?","T","E","M","M","?","?","R","BOSS","BOSS"],"build_version":"2019-01-23","purchased_purges":0,"victory":false,"max_hp_per_floor":[75,75,75,75,68,68,68,68,68,68,68,68,68,68,68,68,68,68,68,68,68,68,68,68,68,68,68,68,73,73,73,73,73,73,73,73,78,78,78,78,85,85,85,99,99,99,99,99,99,99,99],"card_choices":[{"not_picked":[],"picked":"Clothesline","floor":1},{"not_picked":[],"picked":"Shrug It Off","floor":2},{"not_picked":[],"picked":"Dropkick","floor":6},{"not_picked":[],"picked":"Uppercut","floor":8},{"not_picked":["Blood for Blood"],"picked":"SKIP","floor":10},{"not_picked":["Body Slam"],"picked":"SKIP","floor":12},{"not_picked":[],"picked":"Fiend Fire","floor":16},{"not_picked":["Havoc"],"picked":"SKIP","floor":18},{"not_picked":["Heavy Blade"],"picked":"SKIP","floor":20},{"not_picked":[],"picked":"Headbutt+1","floor":22},{"not_picked":["Twin Strike"],"picked":"SKIP","floor":23},{"not_picked":["Clash"],"picked":"SKIP","floor":25},{"not_picked":[],"picked":"Anger","floor":27},{"not_picked":[],"picked":"Headbutt","floor":28},{"not_picked":["Heavy Blade"],"picked":"SKIP","floor":29},{"not_picked":[],"picked":"Heavy Blade","floor":29},{"not_picked":[],"picked":"Twin Strike","floor":30},{"not_picked":["Bludgeon"],"picked":"SKIP","floor":31},{"not_picked":["Wild Strike"],"picked":"SKIP","floor":35},{"not_picked":[],"picked":"Shrug It Off","floor":37},{"not_picked":["Wild Strike+1"],"picked":"SKIP","floor":39},{"not_picked":["Dual Wield"],"picked":"SKIP","floor":41},{"not_picked":[],"picked":"Pommel Strike","floor":42},{"not_picked":[],"picked":"Thunderclap","floor":44},{"not_picked":["Rage"],"picked":"SKIP","floor":45},{"not_picked":["Whirlwind"],"picked":"SKIP","floor":46},{"not_picked":["Intimidate"],"picked":"SKIP","floor":47}],"player_experience":360530,"relics_obtained":[{"floor":6,"key":"WingedGreaves"},{"floor":8,"key":"Happy Flower"},{"floor":9,"key":"Pantograph"},{"floor":10,"key":"Red Skull"},{"floor":12,"key":"Oddly Smooth Stone"},{"floor":23,"key":"Ancient Tea Set"},{"floor":23,"key":"Bronze Scales"},{"floor":26,"key":"Anchor"},{"floor":27,"key":"Du-Vu Doll"},{"floor":27,"key":"Paper Frog"},{"floor":30,"key":"Mummified Hand"},{"floor":30,"key":"Omamori"},{"floor":41,"key":"Strawberry"},{"floor":41,"key":"Shuriken"},{"floor":42,"key":"Nunchaku"},{"floor":43,"key":"MawBank"},{"floor":44,"key":"Mango"},{"floor":44,"key":"Bag of Preparation"}],"event_choices":[{"damage_healed":0,"gold_gain":75,"player_choice":"Gather Gold","damage_taken":11,"max_hp_gain":0,"max_hp_loss":0,"event_name":"World of Goop","floor":3,"gold_loss":0},{"damage_healed":0,"gold_gain":0,"player_choice":"Entered Light","damage_taken":23,"max_hp_gain":0,"max_hp_loss":0,"event_name":"Shining Light","floor":4,"gold_loss":0,"cards_upgraded":["Defend_R","Shrug It Off"]},{"damage_healed":0,"gold_gain":0,"player_choice":"Lose Max HP","damage_taken":0,"relics_obtained":["Golden Idol"],"max_hp_gain":0,"max_hp_loss":7,"event_name":"Golden Idol","floor":5,"gold_loss":0},{"damage_healed":0,"gold_gain":58,"player_choice":"Gained Gold","damage_taken":0,"max_hp_gain":0,"max_hp_loss":0,"event_name":"Golden Wing","floor":13,"gold_loss":0},{"damage_healed":0,"gold_gain":0,"player_choice":"Ignored","damage_taken":0,"max_hp_gain":0,"max_hp_loss":0,"event_name":"Ghosts","floor":21,"gold_loss":0},{"damage_healed":0,"gold_gain":0,"player_choice":"Fight","damage_taken":0,"max_hp_gain":0,"max_hp_loss":0,"event_name":"Colosseum","floor":27,"gold_loss":0},{"damage_healed":0,"gold_gain":0,"player_choice":"Fought Nobs","damage_taken":0,"max_hp_gain":0,"max_hp_loss":0,"event_name":"Colosseum","floor":27,"gold_loss":0},{"damage_healed":0,"gold_gain":333,"player_choice":"Gave Idol","damage_taken":0,"max_hp_gain":0,"max_hp_loss":0,"event_name":"The Moai Head","floor":36,"relics_lost":["Golden Idol"],"gold_loss":0},{"damage_healed":0,"gold_gain":0,"player_choice":"Fight","damage_taken":0,"max_hp_gain":0,"max_hp_loss":0,"event_name":"MindBloom","floor":42,"gold_loss":0},{"damage_healed":0,"gold_gain":0,"player_choice":"Ignored","damage_taken":0,"max_hp_gain":0,"max_hp_loss":0,"event_name":"Mysterious Sphere","floor":48,"gold_loss":0}],"is_beta":false,"boss_relics":[{"not_picked":["Runic Dome","Runic Cube"],"picked":"Black Star"},{"not_picked":["Mark of Pain","Astrolabe"],"picked":"Pandora\u0027s Box"}],"items_purged_floors":[],"is_endless":false,"potions_floor_spawned":[6,10,12,20,22,28,29,30,31,37,41,44,46,47],"killed_by":"Donu and Deca","ascension_level":20}