{"gold_per_floor":[17,36,49,49,49,93,116,116,116,139,139,160,160],"floor_reached":13,"playtime":530,"items_purged":[],"score":87,"play_id":"ee5e833d-a24c-4cbc-bfa6-2dce0f559d4c","local_time":"20181006225518","is_ascension_mode":false,"campfire_choices":[{"data":"Bash","floor":8,"key":"SMITH"}],"neow_cost":"NO_GOLD","seed_source_timestamp":1165047538399901,"circlet_count":0,"master_deck":["Strike_R","Strike_R","Strike_R","Strike_R","Defend_R","Defend_R","Defend_R","Bash+1","Dropkick"],"relics":["Burning Blood","Golden Idol","Regal Pillow","Pear"],"potions_floor_usage":[7,13,13],"damage_taken":[{"damage":1,"enemies":"Cultist","floor":1,"turns":3},{"damage":2,"enemies":"2 Louse","floor":2,"turns":3},{"damage":5,"enemies":"Small Slimes","floor":3,"turns":4},{"damage":28,"enemies":"Gremlin Nob","floor":6,"turns":4},{"damage":22,"enemies":"Exordium Thugs","floor":7,"turns":7},{"damage":8,"enemies":"2 Fungi Beasts","floor":10,"turns":4},{"damage":12,"enemies":"3 Louse","floor":12,"turns":4},{"damage":47,"enemies":"3 Sentries","floor":13,"turns":6}],"seed_played":"-5030448734126867410","potions_obtained":[{"floor":1,"key":"SkillPotion"},{"floor":3,"key":"Energy Potion"},{"floor":7,"key":"Energy Potion"},{"floor":12,"key":"Regen Potion"}],"is_trial":false,"path_per_floor":["M","M","M","?","$","E","M","R","T","M","?","M"],"character_chosen":"IRONCLAD","items_purchased":[],"campfire_rested":0,"item_purchase_floors":[],"current_hp_per_floor":[80,80,80,60,60,38,22,22,32,30,30,24,0],"gold":160,"neow_bonus":"REMOVE_TWO","is_prod":false,"is_daily":false,"chose_seed":false,"campfire_upgraded":1,"win_rate":0,"timestamp":1538859318,"path_taken":["M","M","?","?","?","E","M","R","T","M","?","?","E"],"build_version":"2018-10-04v2","purchased_purges":0,"victory":false,"max_hp_per_floor":[80,80,80,80,80,80,80,80,90,90,90,90,90],"card_choices":[{"not_picked":["Disarm","Body Slam","Hemokinesis"],"picked":"SKIP","floor":1},{"not_picked":["Carnage","Thunderclap","Flame Barrier"],"picked":"SKIP","floor":2},{"not_picked":["Body Slam","Armaments","Flex"],"picked":"SKIP","floor":3},{"not_picked":["Berserk","Sentinel","Twin Strike"],"picked":"SKIP","floor":6},{"not_picked":["Cleave","Rupture"],"picked":"Dropkick","floor":7},{"not_picked":["Flame Barrier","Armaments","Havoc"],"picked":"SKIP","floor":10},{"not_picked":["Twin Strike","Inflame","True Grit"],"picked":"SKIP","floor":12}],"player_experience":223467,"relics_obtained":[{"floor":6,"key":"Regal Pillow"},{"floor":9,"key":"Pear"}],"event_choices":[{"event_name":"Golden Idol","player_choice":"Take Damage","floor":4,"damage_taken":0},{"event_name":"The Woman in Blue","player_choice":"Bought 0 Potions","floor":11,"damage_taken":0}],"is_beta":false,"boss_relics":[],"items_purged_floors":[],"is_endless":false,"potions_floor_spawned":[1,3,7,12],"killed_by":"3 Sentries","ascension_level":0}