{"gold_per_floor":[114,114,114,124,138,138,148,161,161,191,207,223,223,258,258,358,358,377,377,389,389,400,400,400],"floor_reached":24,"playtime":1486,"items_purged":[],"score":220,"play_id":"584a56fd-f4c9-4e27-9ca6-0199f0659e2d","local_time":"20181017211731","is_ascension_mode":true,"campfire_choices":[{"data":"Auto Shields","floor":6,"key":"SMITH"},{"floor":13,"key":"REST"},{"data":"Capacitor","floor":15,"key":"SMITH"},{"floor":23,"key":"REST"}],"neow_cost":"","seed_source_timestamp":1032591944384843,"circlet_count":0,"master_deck":["Strike_B","Strike_B","Strike_B","Defend_B","Defend_B","Defend_B","Zap","Dualcast","Steam Power","Gash","Sweeping Beam","Auto Shields+1","Leap","Coolheaded","Auto Shields","Capacitor+1","Core Surge","All For One","Doom and Gloom+1","Conserve Battery+1","Pain","Doom and Gloom","Turbo+1"],"relics":["Cracked Core","The Courier","Odd Mushroom","Orichalcum","Runic Pyramid","Emotion Chip"],"potions_floor_usage":[],"damage_taken":[{"damage":4,"enemies":"Jaw Worm","floor":1,"turns":3},{"damage":1,"enemies":"Cultist","floor":4,"turns":3},{"damage":0,"enemies":"Small Slimes","floor":5,"turns":3},{"damage":9,"enemies":"Exordium Wildlife","floor":7,"turns":4},{"damage":5,"enemies":"3 Louse","floor":8,"turns":3},{"damage":9,"enemies":"The Mushroom Lair","floor":10,"turns":5},{"damage":3,"enemies":"Looter","floor":11,"turns":3},{"damage":0,"enemies":"Exordium Wildlife","floor":12,"turns":3},{"damage":11,"enemies":"3 Sentries","floor":14,"turns":9},{"damage":22,"enemies":"The Guardian","floor":16,"turns":15},{"damage":13,"enemies":"Spheric Guardian","floor":18,"turns":10},{"damage":17,"enemies":"3 Byrds","floor":20,"turns":6},{"damage":43,"enemies":"Centurion and Healer","floor":22,"turns":8},{"damage":34,"enemies":"Cultist and Chosen","floor":24,"turns":5}],"seed_played":"5219643573973164755","potions_obtained":[{"floor":1,"key":"EntropicBrew"},{"floor":8,"key":"EssenceOfSteel"},{"floor":10,"key":"SteroidPotion"},{"floor":16,"key":"FocusPotion"}],"is_trial":false,"path_per_floor":["M","?","?","M","M","R","M","M","T","?","M","M","R","E","R","B",null,"M","?","M","?","M","R"],"character_chosen":"DEFECT","items_purchased":[],"campfire_rested":2,"item_purchase_floors":[],"current_hp_per_floor":[71,71,71,70,70,70,61,56,56,47,44,44,66,55,55,33,75,62,62,45,45,2,24,0],"gold":400,"neow_bonus":"","is_prod":false,"is_daily":false,"chose_seed":false,"campfire_upgraded":2,"win_rate":0,"timestamp":1539778651,"path_taken":["M","?","?","M","M","R","M","M","T","?","M","M","R","E","R","BOSS","M","?","M","?","M","R","?"],"build_version":"2018-10-11","purchased_purges":0,"victory":false,"max_hp_per_floor":[75,75,75,75,75,75,75,75,75,75,75,75,75,75,75,75,75,75,75,75,75,75,75,75],"card_choices":[{"not_picked":["Doom and Gloom","Consume"],"picked":"Steam Power","floor":1},{"not_picked":["Streamline","Beam Cell"],"picked":"Sweeping Beam","floor":4},{"not_picked":["Melter","Coolheaded"],"picked":"Auto Shields","floor":5},{"not_picked":["Cold Snap","Force Field"],"picked":"Leap","floor":7},{"not_picked":["Turbo","Hyperbeam"],"picked":"Coolheaded","floor":8},{"not_picked":["Darkness","Lockon"],"picked":"Stack","floor":10},{"not_picked":["Steam Power","Go for the Eyes"],"picked":"Auto Shields","floor":11},{"not_picked":["Streamline","Redo"],"picked":"Capacitor","floor":12},{"not_picked":["Darkness","Sweeping Beam"],"picked":"Core Surge","floor":14},{"not_picked":["Hyperbeam","Rainbow"],"picked":"All For One","floor":16},{"not_picked":["Undo+1","Storm"],"picked":"Doom and Gloom+1","floor":18},{"not_picked":["Hologram+1","Aggregate"],"picked":"Conserve Battery+1","floor":20},{"not_picked":["Lockon","Go for the Eyes+1"],"picked":"Turbo+1","floor":22}],"player_experience":175153,"relics_obtained":[{"floor":9,"key":"The Courier"},{"floor":10,"key":"Odd Mushroom"},{"floor":14,"key":"Orichalcum"}],"event_choices":[{"event_name":"Bonfire Elementals","player_choice":"BASIC","floor":2,"damage_taken":0},{"event_name":"Living Wall","player_choice":"Change","floor":3,"damage_taken":0},{"event_name":"Mushrooms","player_choice":"Fought Mushrooms","floor":10,"damage_taken":0},{"event_name":"Addict","player_choice":"Stole Relic","floor":19,"damage_taken":0},{"event_name":"Drug Dealer","player_choice":"Became Test Subject","floor":21,"damage_taken":0}],"is_beta":false,"boss_relics":[{"not_picked":["Snecko Eye","White Beast Statue"],"picked":"Runic Pyramid"}],"items_purged_floors":[],"is_endless":false,"potions_floor_spawned":[1,8,10,14,16,22],"killed_by":"Cultist and Chosen","ascension_level":2}