{"gold_per_floor":[115,129,129,141,151,151,176,176,176,176,176,43,43,70,70,165,165,180,180,194,208,7,7,25,25,25,25,25,25,100,110,110,215,215,231,241,151,168,187,215,19,19,88,142,0,17,17,50,50,50],"floor_reached":51,"playtime":3182,"items_purged":[],"score":1057,"play_id":"f1e53029-0d19-47b6-8b94-c761358d4cf6","local_time":"20190219222546","is_ascension_mode":true,"campfire_choices":[{"data":"Carnage","floor":6,"key":"SMITH"},{"data":"True Grit","floor":8,"key":"SMITH"},{"data":"Wild Strike","floor":10,"key":"SMITH"},{"data":"Inflame","floor":13,"key":"SMITH"},{"data":"Ghostly Armor","floor":15,"key":"SMITH"},{"data":"Offering","floor":23,"key":"SMITH"},{"data":"Whirlwind","floor":25,"key":"SMITH"},{"data":"Body Slam","floor":27,"key":"SMITH"},{"floor":29,"key":"REST"},{"data":"Shrug It Off","floor":32,"key":"SMITH"},{"data":"Juggernaut","floor":42,"key":"SMITH"},{"data":"Flame Barrier","floor":47,"key":"SMITH"},{"floor":49,"key":"REST"}],"neow_cost":"NONE","seed_source_timestamp":588644313868578,"circlet_count":0,"master_deck":["AscendersBane","Strike_R","Strike_R","Defend_R+1","Defend_R","Defend_R","Defend_R","Bash+1","Anger","Carnage+1","Corruption+1","Wild Strike+1","True Grit+1","Inflame+1","Ghostly Armor+1","Trip","Offering+1","Body Slam+1","Sword Boomerang+1","Pommel Strike+1","Whirlwind+1","Necronomicurse","Shrug It Off+1","Demon Form","Clothesline+1","Burning Pact+1","Heavy Blade+1","Feel No Pain","Shockwave+1","Juggernaut+1","Flame Barrier+1","Metallicize","Flame Barrier","Spot Weakness"],"relics":["Burning Blood","Regal Pillow","Anchor","Mummified Hand","Velvet Choker","Bag of Marbles","Bird Faced Urn","Necronomicon","Mark of Pain","Ginger","Kunai","Incense Burner","Red Mask","Red Skull"],"potions_floor_usage":[7,14,16,20,20,33,38,40,44,46,50],"damage_taken":[{"damage":1,"enemies":"Cultist","floor":1,"turns":4},{"damage":10,"enemies":"2 Louse","floor":2,"turns":4},{"damage":7,"enemies":"Jaw Worm","floor":4,"turns":3},{"damage":0,"enemies":"2 Fungi Beasts","floor":5,"turns":3},{"damage":16,"enemies":"Gremlin Nob","floor":7,"turns":4},{"damage":10,"enemies":"3 Sentries","floor":14,"turns":6},{"damage":35,"enemies":"Hexaghost","floor":16,"turns":6},{"damage":15,"enemies":"Shell Parasite","floor":18,"turns":3},{"damage":10,"enemies":"3 Byrds","floor":20,"turns":5},{"damage":10,"enemies":"Cultist and Chosen","floor":21,"turns":4},{"damage":8,"enemies":"Chosen and Byrds","floor":24,"turns":3},{"damage":0,"enemies":"Snake Plant","floor":31,"turns":1},{"damage":9,"enemies":"Automaton","floor":33,"turns":5},{"damage":28,"enemies":"3 Shapes","floor":35,"turns":3},{"damage":0,"enemies":"Orb Walker","floor":36,"turns":2},{"damage":54,"enemies":"Writhing Mass","floor":38,"turns":5},{"damage":6,"enemies":"Jaw Worm Horde","floor":39,"turns":2},{"damage":0,"enemies":"Nemesis","floor":40,"turns":3},{"damage":6,"enemies":"2 Orb Walkers","floor":44,"turns":4},{"damage":30,"enemies":"Transient","floor":46,"turns":5},{"damage":43,"enemies":"Reptomancer","floor":48,"turns":4},{"damage":45,"enemies":"Awakened One","floor":50,"turns":9}],"seed_played":"-6787186113272282114","potions_obtained":[{"floor":0,"key":"FairyPotion"},{"floor":0,"key":"Block Potion"},{"floor":0,"key":"Regen Potion"},{"floor":2,"key":"Explosive Potion"},{"floor":14,"key":"AttackPotion"},{"floor":18,"key":"PowerPotion"},{"floor":31,"key":"Ancient Potion"},{"floor":33,"key":"Regen Potion"},{"floor":35,"key":"Explosive Potion"},{"floor":39,"key":"BloodPotion"},{"floor":48,"key":"Energy Potion"}],"is_trial":false,"path_per_floor":["M","M","?","M","M","R","E","R","T","R","?","$","R","E","R","B",null,"M","?","M","M","$","R","M","R","T","R","?","R","?","M","R","B",null,"M","M","?","M","M","E","$","R","T","?","?","M","R","E","R","B",null],"character_chosen":"IRONCLAD","items_purchased":["Ghostly Armor","Trip","Bag of Marbles","Poison Potion","Juggernaut","Flame Barrier","Dexterity Potion"],"campfire_rested":2,"item_purchase_floors":[12,12,22,22,41,41,41],"current_hp_per_floor":[77,73,57,56,62,62,64,64,64,64,64,64,64,60,60,31,68,59,59,55,51,51,51,49,49,49,49,33,72,64,70,70,69,77,55,65,65,31,35,55,55,55,55,59,59,45,45,14,53,22],"gold":50,"neow_bonus":"THREE_SMALL_POTIONS","is_prod":false,"is_daily":false,"chose_seed":false,"campfire_upgraded":11,"win_rate":0,"timestamp":1550643946,"path_taken":["M","M","?","M","M","R","E","R","T","R","?","$","R","E","R","BOSS","M","?","?","M","$","R","M","R","T","R","?","R","?","M","R","BOSS","M","?","?","M","?","E","?","R","T","?","?","M","R","E","R","BOSS"],"build_version":"2019-01-23","purchased_purges":0,"victory":true,"max_hp_per_floor":[80,80,80,80,80,80,80,80,80,80,80,80,80,80,80,80,80,80,80,80,80,80,80,80,80,80,80,80,80,80,80,80,80,80,80,80,80,80,80,80,80,80,80,80,80,80,80,80,80,80],"card_choices":[{"not_picked":["Heavy Blade","Flex"],"picked":"Anger","floor":1},{"not_picked":["Heavy Blade","Anger"],"picked":"Carnage","floor":2},{"not_picked":["Blood for Blood","Flex"],"picked":"Corruption","floor":4},{"not_picked":["Thunderclap","Anger"],"picked":"Wild Strike","floor":5},{"not_picked":["Twin Strike","Perfected Strike"],"picked":"True Grit","floor":7},{"not_picked":["Sentinel","Searing Blow","Havoc"],"picked":"SKIP","floor":14},{"not_picked":["Impervious","Immolate"],"picked":"Offering","floor":16},{"not_picked":["Second Wind","Thunderclap"],"picked":"Body Slam","floor":18},{"not_picked":["Pommel Strike","Perfected Strike+1"],"picked":"Sword Boomerang+1","floor":20},{"not_picked":["Flex+1","Sword Boomerang+1"],"picked":"Pommel Strike+1","floor":21},{"not_picked":["Corruption","Pommel Strike"],"picked":"Whirlwind","floor":24},{"not_picked":["Body Slam","Searing Blow"],"picked":"Shrug It Off","floor":31},{"not_picked":["Berserk","Limit Break"],"picked":"Demon Form","floor":33},{"not_picked":["Heavy Blade","Anger"],"picked":"Clothesline+1","floor":35},{"not_picked":["Armaments+1","Body Slam+1"],"picked":"Burning Pact+1","floor":36},{"not_picked":["Sword Boomerang+1","Headbutt"],"picked":"Heavy Blade+1","floor":38},{"not_picked":["Rupture+1","Pommel Strike"],"picked":"Feel No Pain","floor":39},{"not_picked":["Clash+1","Wild Strike+1"],"picked":"Shockwave+1","floor":40},{"not_picked":["Blood for Blood+1","Corruption+1"],"picked":"Metallicize","floor":44},{"not_picked":["Warcry+1","Iron Wave"],"picked":"Flame Barrier","floor":46},{"not_picked":["Clash","Battle Trance"],"picked":"Spot Weakness","floor":48}],"player_experience":637462,"relics_obtained":[{"floor":7,"key":"Regal Pillow"},{"floor":9,"key":"Anchor"},{"floor":14,"key":"Mummified Hand"},{"floor":26,"key":"Bird Faced Urn"},{"floor":28,"key":"Necronomicon"},{"floor":40,"key":"Ginger"},{"floor":43,"key":"Kunai"},{"floor":44,"key":"Incense Burner"},{"floor":48,"key":"Red Skull"}],"event_choices":[{"damage_healed":0,"gold_gain":0,"player_choice":"Entered Light","damage_taken":16,"max_hp_gain":0,"max_hp_loss":0,"event_name":"Shining Light","floor":3,"gold_loss":0,"cards_upgraded":["Bash","Defend_R"]},{"damage_healed":0,"gold_gain":0,"cards_transformed":["Strike_R"],"player_choice":"Transformed","damage_taken":0,"max_hp_gain":0,"max_hp_loss":0,"event_name":"Transmorgrifier","floor":11,"gold_loss":0,"cards_obtained":["Inflame"]},{"cards_removed":["Strike_R"],"damage_healed":0,"gold_gain":0,"player_choice":"Purged","damage_taken":0,"max_hp_gain":0,"max_hp_loss":0,"event_name":"Purifier","floor":19,"gold_loss":0},{"damage_healed":0,"gold_gain":0,"player_choice":"Obtained Book","damage_taken":16,"max_hp_gain":0,"max_hp_loss":0,"event_name":"Cursed Tome","floor":28,"gold_loss":0},{"damage_healed":0,"gold_gain":75,"player_choice":"Touch","damage_taken":8,"max_hp_gain":0,"max_hp_loss":0,"event_name":"FaceTrader","floor":30,"gold_loss":0},{"cards_removed":["Strike_R"],"damage_healed":0,"gold_gain":0,"player_choice":"Upgrade and Remove","damage_taken":0,"max_hp_gain":0,"max_hp_loss":0,"event_name":"Designer","floor":37,"gold_loss":90,"cards_upgraded":["Corruption"]},{"damage_healed":0,"gold_gain":0,"player_choice":"Fight","damage_taken":0,"max_hp_gain":0,"max_hp_loss":0,"event_name":"Mysterious Sphere","floor":44,"gold_loss":0},{"damage_healed":0,"gold_gain":0,"player_choice":"Paid","damage_taken":0,"relics_obtained":["Red Mask"],"max_hp_gain":0,"max_hp_loss":0,"event_name":"Tomb of Lord Red Mask","floor":45,"gold_loss":142}],"is_beta":false,"boss_relics":[{"not_picked":["Lizard Tail","Orrery"],"picked":"Velvet Choker"},{"not_picked":["Runic Pyramid","Coffee Dripper"],"picked":"Mark of Pain"}],"items_purged_floors":[],"is_endless":false,"potions_floor_spawned":[2,5,14,18,31,33,35,39,48],"ascension_level":10}