{"gold_per_floor":[116,266,77,96,96,96,131,131,156,174,186,199,21,56,56,132,132,146,160,160,84,97,97],"floor_reached":23,"playtime":843,"items_purged":["Doubt"],"score":483,"play_id":"8561c580-f55f-4417-bf3f-2ac0e6677a0a","local_time":"20190217200117","is_ascension_mode":true,"campfire_choices":[{"data":"Neutralize","floor":6,"key":"SMITH"},{"data":"Apotheosis","floor":15,"key":"SMITH"}],"neow_cost":"NONE","seed_source_timestamp":373013731476200,"circlet_count":0,"master_deck":["AscendersBane","Defend_G","Defend_G","Defend_G","Defend_G","Defend_G","Strike_G","Strike_G","Strike_G+1","Strike_G","Survivor","Neutralize+1","Well Laid Plans","Backstab","Poisoned Stab+1","Bane","Escape Plan","Backflip","Escape Plan","Apotheosis+1","Noxious Fumes","Die Die Die","Caltrops","Well Laid Plans"],"relics":["Ring of the Snake","NeowsBlessing","Dodecahedron","Nunchaku","Bag of Marbles","Bronze Scales","Black Star"],"potions_floor_usage":[14,23,23],"damage_taken":[{"damage":0,"enemies":"Small Slimes","floor":1,"turns":1},{"damage":0,"enemies":"2 Louse","floor":4,"turns":1},{"damage":0,"enemies":"Lagavulin","floor":7,"turns":1},{"damage":0,"enemies":"Cultist","floor":10,"turns":2},{"damage":0,"enemies":"Looter","floor":11,"turns":1},{"damage":0,"enemies":"Large Slime","floor":12,"turns":5},{"damage":8,"enemies":"Gremlin Nob","floor":14,"turns":3},{"damage":0,"enemies":"The Guardian","floor":16,"turns":10},{"damage":11,"enemies":"2 Thieves","floor":18,"turns":4},{"damage":20,"enemies":"Spheric Guardian","floor":19,"turns":6},{"damage":10,"enemies":"Snake Plant","floor":22,"turns":3},{"damage":26,"enemies":"Slavers","floor":23,"turns":3}],"seed_played":"-8999593500911683648","potions_obtained":[{"floor":1,"key":"EssenceOfSteel"},{"floor":11,"key":"SkillPotion"},{"floor":12,"key":"GhostInAJar"},{"floor":18,"key":"EssenceOfSteel"}],"is_trial":false,"path_per_floor":["M","?","$","M","?","R","E","?","T","M","M","M","$","E","R","B",null,"M","M","?","$","M","E"],"character_chosen":"THE_SILENT","items_purchased":["Well Laid Plans","Backstab","Apotheosis","Well Laid Plans"],"campfire_rested":0,"item_purchase_floors":[3,3,13,21],"current_hp_per_floor":[59,59,59,59,48,48,48,28,28,28,28,28,28,20,20,20,55,44,24,24,24,14,0],"gold":97,"neow_bonus":"THREE_ENEMY_KILL","is_prod":false,"is_daily":false,"chose_seed":false,"campfire_upgraded":2,"win_rate":0,"timestamp":1550430077,"path_taken":["M","?","$","M","?","R","E","?","T","M","M","M","$","E","R","BOSS","M","M","?","$","M","E"],"build_version":"2019-01-23","purchased_purges":1,"victory":false,"max_hp_per_floor":[66,66,66,66,66,66,66,66,66,66,66,66,66,66,66,66,66,66,66,66,66,66,66],"card_choices":[{"not_picked":["Reflex","Expertise","Deflect"],"picked":"SKIP","floor":1},{"not_picked":["Quick Slash","Underhanded Strike"],"picked":"Poisoned Stab","floor":4},{"not_picked":["Flying Knee","Deflect"],"picked":"Bane","floor":7},{"not_picked":["Dagger Spray","Blade Dance"],"picked":"Escape Plan","floor":10},{"not_picked":["Dagger Throw","Blade Dance"],"picked":"Backflip","floor":11},{"not_picked":["Dagger Throw","Bane"],"picked":"Escape Plan","floor":12},{"not_picked":["Dagger Spray","Flying Knee"],"picked":"Noxious Fumes","floor":14},{"not_picked":["A Thousand Cuts","Phantasmal Killer"],"picked":"Die Die Die","floor":16},{"not_picked":["Eviscerate","Underhanded Strike","Setup"],"picked":"SKIP","floor":18},{"not_picked":["Setup","Backstab"],"picked":"Caltrops","floor":19},{"not_picked":["Dagger Throw+1","Flying Knee","Bane"],"picked":"SKIP","floor":22}],"player_experience":473860,"relics_obtained":[{"floor":7,"key":"Nunchaku"},{"floor":9,"key":"Bag of Marbles"},{"floor":14,"key":"Bronze Scales"}],"event_choices":[{"damage_healed":0,"gold_gain":150,"player_choice":"AGREE","damage_taken":0,"max_hp_gain":0,"max_hp_loss":0,"event_name":"Liars Game","floor":2,"gold_loss":0,"cards_obtained":["Doubt"]},{"damage_healed":0,"gold_gain":0,"player_choice":"Success","damage_taken":11,"relics_obtained":["Dodecahedron"],"max_hp_gain":0,"max_hp_loss":0,"event_name":"Scrap Ooze","floor":5,"gold_loss":0},{"damage_healed":0,"gold_gain":0,"player_choice":"Entered Light","damage_taken":20,"max_hp_gain":0,"max_hp_loss":0,"event_name":"Shining Light","floor":8,"gold_loss":0,"cards_upgraded":["Poisoned Stab","Strike_G"]},{"cards_removed":["Strike_G"],"damage_healed":0,"gold_gain":0,"player_choice":"Purged","damage_taken":0,"max_hp_gain":0,"max_hp_loss":0,"event_name":"Purifier","floor":20,"gold_loss":0}],"is_beta":false,"boss_relics":[{"not_picked":["Coffee Dripper","Astrolabe"],"picked":"Black Star"}],"items_purged_floors":[3],"is_endless":false,"potions_floor_spawned":[1,11,12,18],"killed_by":"Slavers","ascension_level":15}