{"gold_per_floor":[118,118,141,155,80,80,124,124,151,227,260,260,295,309,309,309],"floor_reached":16,"playtime":599,"items_purged":["Strike_G"],"score":236,"play_id":"5f51012b-7069-4352-8442-b2b45e06754f","local_time":"20190219054219","is_ascension_mode":true,"campfire_choices":[{"data":"Neutralize","floor":6,"key":"SMITH"},{"floor":8,"key":"REST"},{"floor":12,"key":"REST"},{"data":"Night Terror","floor":15,"key":"SMITH"}],"neow_cost":"NONE","seed_source_timestamp":494523198597500,"circlet_count":0,"master_deck":["AscendersBane","Defend_G","Defend_G","Defend_G","Defend_G","Defend_G","Strike_G","Strike_G","Strike_G","Strike_G","Survivor","Neutralize+1","Predator","Poisoned Stab","Flying Knee","Backstab","Bane","Night Terror+1","Backflip"],"relics":["Ring of the Snake","NeowsBlessing","Golden Idol","PreservedInsect","Art of War","Ancient Tea Set","Smiling Mask"],"potions_floor_usage":[16],"damage_taken":[{"damage":0,"enemies":"Jaw Worm","floor":1,"turns":1},{"damage":0,"enemies":"Small Slimes","floor":3,"turns":1},{"damage":0,"enemies":"2 Louse","floor":4,"turns":1},{"damage":42,"enemies":"3 Sentries","floor":7,"turns":14},{"damage":20,"enemies":"Lagavulin","floor":11,"turns":4},{"damage":4,"enemies":"3 Sentries","floor":13,"turns":8},{"damage":5,"enemies":"Exordium Thugs","floor":14,"turns":6},{"damage":24,"enemies":"Hexaghost","floor":16,"turns":10}],"seed_played":"-6879843717647079298","potions_obtained":[{"floor":3,"key":"Weak Potion"},{"floor":7,"key":"Block Potion"},{"floor":11,"key":"Energy Potion"}],"is_trial":false,"path_per_floor":["M","?","M","M","$","R","E","R","T","?","E","R","E","M","R","B"],"character_chosen":"THE_SILENT","items_purchased":[],"campfire_rested":2,"item_purchase_floors":[],"current_hp_per_floor":[59,59,59,59,59,59,17,35,35,35,15,33,29,24,24,0],"gold":309,"neow_bonus":"THREE_ENEMY_KILL","is_prod":false,"is_daily":false,"chose_seed":false,"campfire_upgraded":2,"win_rate":0,"timestamp":1550551339,"path_taken":["M","?","M","M","$","R","E","R","T","?","E","R","E","M","R","BOSS"],"build_version":"2019-01-23","purchased_purges":1,"victory":false,"max_hp_per_floor":[66,60,60,60,60,60,60,60,60,60,60,60,60,60,60,60],"card_choices":[{"not_picked":["Quick Slash","Reflex"],"picked":"Predator","floor":1},{"not_picked":["Dagger Throw","Flying Knee"],"picked":"Poisoned Stab","floor":3},{"not_picked":["Escape Plan","Deflect"],"picked":"Flying Knee","floor":4},{"not_picked":["Dagger Throw","All Out Attack"],"picked":"Backstab","floor":7},{"not_picked":["Riddle With Holes","Dodge and Roll"],"picked":"Bane","floor":11},{"not_picked":["Dagger Throw","Outmaneuver"],"picked":"Night Terror","floor":13},{"not_picked":["Slice","Quick Slash"],"picked":"Backflip","floor":14}],"player_experience":508484,"relics_obtained":[{"floor":7,"key":"PreservedInsect"},{"floor":9,"key":"Art of War"},{"floor":11,"key":"Ancient Tea Set"},{"floor":13,"key":"Smiling Mask"}],"event_choices":[{"damage_healed":0,"gold_gain":0,"player_choice":"Lose Max HP","damage_taken":0,"relics_obtained":["Golden Idol"],"max_hp_gain":0,"max_hp_loss":6,"event_name":"Golden Idol","floor":2,"gold_loss":0},{"damage_healed":0,"gold_gain":76,"player_choice":"Gained Gold","damage_taken":0,"max_hp_gain":0,"max_hp_loss":0,"event_name":"Golden Wing","floor":10,"gold_loss":0}],"is_beta":false,"boss_relics":[],"items_purged_floors":[5],"is_endless":false,"potions_floor_spawned":[3,7,11,13],"killed_by":"Hexaghost","ascension_level":20}