{"gold_per_floor":[118,193,193,225,2,37,11,11,11,36,36,55,55,85,85,85],"floor_reached":16,"playtime":532,"items_purged":["Strike_R"],"score":180,"play_id":"2e127329-9685-407a-a237-067a2386021f","local_time":"20190209153329","is_ascension_mode":true,"campfire_choices":[{"floor":8,"key":"REST"},{"data":"Pommel Strike","floor":11,"key":"SMITH"},{"floor":13,"key":"REST"},{"floor":15,"key":"REST"}],"neow_cost":"NONE","seed_source_timestamp":453676913550144,"circlet_count":0,"master_deck":["AscendersBane","Strike_R","Strike_R","Strike_R","Strike_R","Defend_R+1","Defend_R","Defend_R","Defend_R+1","Bash","Pommel Strike+1","True Grit","Battle Trance"],"relics":["Burning Blood","War Paint","MawBank","Membership Card","Bronze Scales","The Courier","Art of War","Boot"],"potions_floor_usage":[10,14,16],"damage_taken":[{"damage":4,"enemies":"Jaw Worm","floor":1,"turns":3},{"damage":10,"enemies":"Small Slimes","floor":4,"turns":3},{"damage":50,"enemies":"3 Sentries","floor":6,"turns":14},{"damage":26,"enemies":"Gremlin Nob","floor":10,"turns":5},{"damage":0,"enemies":"2 Louse","floor":12,"turns":3},{"damage":33,"enemies":"Lagavulin","floor":14,"turns":9},{"damage":52,"enemies":"Slime Boss","floor":16,"turns":6}],"seed_played":"-6437731814941589492","potions_obtained":[{"floor":1,"key":"Swift Potion"},{"floor":12,"key":"Ancient Potion"}],"is_trial":false,"path_per_floor":["M","?","?","M","$","E","$","R","T","E","R","M","R","E","R","B"],"character_chosen":"IRONCLAD","items_purchased":["Membership Card","PowerPotion"],"campfire_rested":3,"item_purchase_floors":[5,7],"current_hp_per_floor":[74,63,56,52,52,8,8,32,32,12,12,18,42,15,39,0],"gold":85,"neow_bonus":"RANDOM_COMMON_RELIC","is_prod":false,"is_daily":false,"chose_seed":false,"campfire_upgraded":1,"win_rate":0,"timestamp":1549719209,"path_taken":["M","?","?","M","?","E","?","R","T","E","R","M","R","E","R","BOSS"],"build_version":"2019-01-23","purchased_purges":1,"victory":false,"max_hp_per_floor":[80,80,80,80,80,80,80,80,80,80,80,80,80,80,80,80],"card_choices":[{"not_picked":["Burning Pact","Cleave"],"picked":"Pommel Strike","floor":1},{"not_picked":["Evolve","Thunderclap"],"picked":"True Grit","floor":4},{"not_picked":["Heavy Blade","Clothesline"],"picked":"Battle Trance","floor":6},{"not_picked":["Reckless Charge","Dropkick","Wild Strike"],"picked":"SKIP","floor":10},{"not_picked":["Reckless Charge","Dropkick","Wild Strike"],"picked":"SKIP","floor":10},{"not_picked":["Clash","Uppercut","Pommel Strike"],"picked":"SKIP","floor":12},{"not_picked":["Wild Strike","Clothesline","Fiend Fire"],"picked":"SKIP","floor":14}],"player_experience":175237,"relics_obtained":[{"floor":6,"key":"Bronze Scales"},{"floor":9,"key":"The Courier"},{"floor":10,"key":"Art of War"},{"floor":14,"key":"Boot"}],"event_choices":[{"damage_healed":0,"gold_gain":75,"player_choice":"Gather Gold","damage_taken":11,"max_hp_gain":0,"max_hp_loss":0,"event_name":"World of Goop","floor":2,"gold_loss":0},{"damage_healed":0,"gold_gain":0,"player_choice":"Success","damage_taken":7,"relics_obtained":["MawBank"],"max_hp_gain":0,"max_hp_loss":0,"event_name":"Scrap Ooze","floor":3,"gold_loss":0}],"is_beta":false,"boss_relics":[],"items_purged_floors":[5],"is_endless":false,"potions_floor_spawned":[1,12],"killed_by":"Slime Boss","ascension_level":11}