{"gold_per_floor":[115,40,57,73,83,109,109,127,127,127,5,5,37,37,37,138,138,156,7,7,21,34,34,50,50,74,85,85,99,99,99,99,204,204,215,234,245,155,155,155,169,169,169,119,132,143,43,43,43,43],"floor_reached":51,"playtime":9876,"items_purged":["Strike_R","Strike_R","Strike_R","Strike_R","Normality"],"score":609,"play_id":"cbfcce71-1034-4f83-a074-05aaecfc4642","local_time":"20190220182756","is_ascension_mode":false,"campfire_choices":[{"data":"Shrug It Off","floor":7.0,"key":"SMITH"},{"data":"Flame Barrier","floor":12.0,"key":"SMITH"},{"floor":15.0,"key":"REST"},{"data":"Double Tap","floor":23.0,"key":"SMITH"},{"data":"Inflame","floor":25.0,"key":"SMITH"},{"data":"Heavy Blade","floor":28.0,"key":"SMITH"},{"data":"Shockwave","floor":30.0,"key":"SMITH"},{"data":"Twin Strike","floor":32.0,"key":"SMITH"},{"data":"Double Tap","floor":40,"key":"SMITH"},{"data":"Spot Weakness","floor":42,"key":"SMITH"},{"data":"Defend_R","floor":49,"key":"SMITH"}],"neow_cost":"NONE","seed_source_timestamp":0,"circlet_count":0,"master_deck":["Defend_R+1","Defend_R","Defend_R","Defend_R","Impatience","Flame Barrier+1","Headbutt","Heavy Blade+1","Shrug It Off+1","Inflame+1","Twin Strike+1","Thunderclap+1","Iron Wave+1","Double Tap+1","Twin Strike+1","Pommel Strike+1","Pommel Strike+1","Shockwave+1","Double Tap+1","Spot Weakness+1","Disarm+1"],"special_seed":0,"relics":["Burning Blood","FossilizedHelix","Molten Egg 2","Meat on the Bone","Dodecahedron","Busted Crown","Smiling Mask","Cursed Key","Regal Pillow"],"potions_floor_usage":[50,50],"damage_taken":[{"damage":1.0,"enemies":"2 Louse","floor":1.0,"turns":4.0},{"damage":0.0,"enemies":"Jaw Worm","floor":3.0,"turns":4.0},{"damage":3.0,"enemies":"Cultist","floor":4.0,"turns":5.0},{"damage":14.0,"enemies":"Lots of Slimes","floor":5.0,"turns":5.0},{"damage":15.0,"enemies":"Gremlin Nob","floor":6.0,"turns":4.0},{"damage":0.0,"enemies":"3 Louse","floor":8.0,"turns":4.0},{"damage":27.0,"enemies":"3 Sentries","floor":13.0,"turns":8.0},{"damage":35.0,"enemies":"The Guardian","floor":16.0,"turns":16.0},{"damage":0.0,"enemies":"Spheric Guardian","floor":18.0,"turns":3.0},{"damage":0.0,"enemies":"3 Byrds","floor":21.0,"turns":6.0},{"damage":14.0,"enemies":"Snake Plant","floor":22.0,"turns":4.0},{"damage":7.0,"enemies":"3 Cultists","floor":24.0,"turns":5.0},{"damage":0.0,"enemies":"Sentry and Sphere","floor":27.0,"turns":4.0},{"damage":0.0,"enemies":"Snecko","floor":29.0,"turns":2.0},{"damage":25.0,"enemies":"Automaton","floor":33.0,"turns":9.0},{"damage":0,"enemies":"Orb Walker","floor":35,"turns":2},{"damage":0,"enemies":"3 Shapes","floor":36,"turns":3},{"damage":3,"enemies":"Writhing Mass","floor":37,"turns":3},{"damage":0,"enemies":"Sphere and 2 Shapes","floor":41,"turns":3},{"damage":0,"enemies":"Spire Growth","floor":45,"turns":3},{"damage":0,"enemies":"Maw","floor":46,"turns":4},{"damage":70,"enemies":"Awakened One","floor":50,"turns":9}],"seed_played":"-2796950454564681402","potions_obtained":[{"floor":3.0,"key":"Fire Potion"},{"floor":4.0,"key":"FearPotion"},{"floor":6.0,"key":"FearPotion"},{"floor":16.0,"key":"Block Potion"},{"floor":20.0,"key":"Regen Potion"},{"floor":20.0,"key":"FearPotion"},{"floor":22.0,"key":"FearPotion"},{"floor":24.0,"key":"Strength Potion"},{"floor":27.0,"key":"Weak Potion"},{"floor":29.0,"key":"PowerPotion"},{"floor":36,"key":"Explosive Potion"},{"floor":46,"key":"SteroidPotion"}],"is_trial":false,"path_per_floor":["M","$","M","M","M","E","R","M","T","?","$","R","E","?","R","B",null,"M","$","?","M","M","R","M","R","T","M","R","M","R","?","R","B",null,"M","M","M","$","?","R","M","R","T","$","M","M","$","?","R","B",null],"character_chosen":"IRONCLAD","items_purchased":["Thunderclap+1","Twin Strike+1","Spot Weakness","FairyPotion"],"campfire_rested":1,"item_purchase_floors":[11,19,38,47],"current_hp_per_floor":[80,80,80,80,72,63,63,69,69,69,69,69,48,45,69,52,80,80,80,80,80,72,72,71,71,71,77,77,80,80,80,80,61,80,80,80,80,80,80,80,80,80,80,80,80,80,80,80,80,42],"gold":43,"neow_bonus":"RANDOM_COLORLESS","is_prod":false,"is_daily":false,"chose_seed":false,"campfire_upgraded":10,"win_rate":0,"timestamp":1550654876,"path_taken":["M","$","M","M","M","E","R","M","T","?","$","R","E","?","R","BOSS","M","$","?","M","?","R","M","R","T","M","R","?","R","?","R","BOSS","M","M","?","?","?","R","?","R","T","$","M","M","?","?","R","BOSS"],"build_version":"2019-01-23","purchased_purges":5,"victory":true,"max_hp_per_floor":[80,80,80,80,80,80,80,80,80,80,80,80,80,80,80,80,80,80,80,80,80,80,80,80,80,80,80,80,80,80,80,80,80,80,80,80,80,80,80,80,80,80,80,80,80,80,80,80,80,80],"card_choices":[{"not_picked":["Cleave","Iron Wave"],"picked":"Flame Barrier","floor":1.0},{"not_picked":["Rampage","True Grit"],"picked":"Headbutt","floor":3.0},{"not_picked":["Clothesline","Thunderclap"],"picked":"Heavy Blade","floor":4.0},{"not_picked":["True Grit","Headbutt"],"picked":"Shrug It Off","floor":5.0},{"not_picked":["Flex","Sever Soul"],"picked":"Inflame","floor":6.0},{"not_picked":["Offering","Inflame"],"picked":"Twin Strike","floor":8.0},{"not_picked":["Perfected Strike+1","Juggernaut"],"picked":"Iron Wave+1","floor":13.0},{"not_picked":["Reaper+1","Offering"],"picked":"Double Tap","floor":16.0},{"not_picked":["Clothesline+1"],"picked":"SKIP","floor":18.0},{"not_picked":[],"picked":"Pommel Strike+1","floor":21.0},{"not_picked":[],"picked":"Pommel Strike+1","floor":22.0},{"not_picked":["Pommel Strike+1"],"picked":"SKIP","floor":24.0},{"not_picked":["Power Through"],"picked":"SKIP","floor":27.0},{"not_picked":[],"picked":"Shockwave","floor":29.0},{"not_picked":[],"picked":"Double Tap","floor":33.0},{"not_picked":["Sword Boomerang+1"],"picked":"SKIP","floor":35},{"not_picked":["Cleave+1"],"picked":"SKIP","floor":36},{"not_picked":["Infernal Blade"],"picked":"SKIP","floor":37},{"not_picked":["Warcry+1"],"picked":"SKIP","floor":41},{"not_picked":[],"picked":"Disarm+1","floor":45},{"not_picked":["Sword Boomerang+1"],"picked":"SKIP","floor":46}],"player_experience":275114,"relics_obtained":[{"floor":6.0,"key":"FossilizedHelix"},{"floor":9.0,"key":"Molten Egg 2"},{"floor":13.0,"key":"Meat on the Bone"},{"floor":26.0,"key":"Smiling Mask"},{"floor":43,"key":"Regal Pillow"}],"event_choices":[{"damage_healed":0.0,"max_hp_gain":0.0,"max_hp_loss":0.0,"gold_gain":0.0,"event_name":"Liars Game","player_choice":"Ignored","floor":10.0,"gold_loss":0.0,"damage_taken":0.0},{"damage_healed":0.0,"max_hp_gain":0.0,"max_hp_loss":0.0,"gold_gain":0.0,"event_name":"Scrap Ooze","player_choice":"Success","floor":14.0,"gold_loss":0.0,"damage_taken":3.0,"relics_obtained":["Dodecahedron"]},{"damage_healed":0.0,"max_hp_gain":0.0,"max_hp_loss":0.0,"gold_gain":0.0,"event_name":"Lab","player_choice":"Got Potions","floor":20.0,"gold_loss":0.0,"damage_taken":0.0},{"cards_removed":["Strike_R"],"damage_healed":0.0,"max_hp_gain":0.0,"max_hp_loss":0.0,"gold_gain":0.0,"event_name":"Wheel of Change","player_choice":"Card Removal","floor":31.0,"gold_loss":0.0,"damage_taken":0.0},{"cards_removed":["Bash"],"damage_healed":0,"gold_gain":0,"player_choice":"Purged","damage_taken":0,"max_hp_gain":0,"max_hp_loss":0,"event_name":"Purifier","floor":39,"gold_loss":0},{"damage_healed":0,"gold_gain":0,"player_choice":"Memory 1","damage_taken":0,"max_hp_gain":0,"max_hp_loss":0,"event_name":"SensoryStone","floor":48,"gold_loss":0}],"is_beta":false,"boss_relics":[{"not_picked":["Black Blood","Philosopher\u0027s Stone"],"picked":"Busted Crown"},{"not_picked":["Runic Pyramid","Lizard Tail"],"picked":"Cursed Key"}],"items_purged_floors":[2,11,19,38,44],"is_endless":false,"potions_floor_spawned":[3,4,6,16,22,24,27,29,36,46],"ascension_level":0}