{"gold_per_floor":[110,110,121,46,56,56,56,56,56,56,81,114,124,135,135,231,231,245,245,255,62,72,72],"floor_reached":23,"playtime":1003,"items_purged":["Pain"],"score":258,"play_id":"a3764586-528a-4cab-8e49-e5a325691364","local_time":"20190216030143","is_ascension_mode":true,"campfire_choices":[{"data":"Neutralize","floor":6,"key":"SMITH"},{"data":"Crippling Poison","floor":8,"key":"SMITH"},{"data":"Masterful Stab","floor":10,"key":"SMITH"},{"data":"Noxious Fumes","floor":15,"key":"SMITH"}],"neow_cost":"CURSE","seed_source_timestamp":225276358157800,"circlet_count":0,"master_deck":["Defend_G","Defend_G","Defend_G","Defend_G","Defend_G","Strike_G","Strike_G","Strike_G","Survivor","Neutralize+1","Decay","Sucker Punch","Masterful Stab+1","Crippling Poison+1","Acrobatics","Backflip","Escape Plan","Noxious Fumes+1","Tools of the Trade","Acrobatics+1","Flash of Steel","Burst","Armaments+1"],"relics":["Ring of the Serpent","WarpedTongs","Ninja Scroll","Regal Pillow","Snake Skull","PrismaticShard"],"potions_floor_usage":[16,16,23],"damage_taken":[{"damage":1,"enemies":"Jaw Worm","floor":1,"turns":4},{"damage":8,"enemies":"Cultist","floor":3,"turns":4},{"damage":0,"enemies":"2 Louse","floor":5,"turns":2},{"damage":12,"enemies":"Gremlin Nob","floor":12,"turns":4},{"damage":0,"enemies":"Blue Slaver","floor":13,"turns":2},{"damage":0,"enemies":"Lots of Slimes","floor":14,"turns":2},{"damage":23,"enemies":"Hexaghost","floor":16,"turns":8},{"damage":4,"enemies":"Shell Parasite","floor":18,"turns":6},{"damage":21,"enemies":"Spheric Guardian","floor":20,"turns":5},{"damage":13,"enemies":"Snake Plant","floor":22,"turns":5},{"damage":26,"enemies":"Book of Stabbing","floor":23,"turns":7}],"seed_played":"-6999487090667232955","potions_obtained":[{"floor":1,"key":"Strength Potion"},{"floor":3,"key":"LiquidBronze"},{"floor":16,"key":"Energy Potion"},{"floor":20,"key":"Ancient Potion"}],"is_trial":false,"path_per_floor":["M","?","M","$","M","R","?","R","T","R","T","E","M","M","R","B",null,"M","?","M","$","M","E"],"character_chosen":"THE_SILENT","items_purchased":["PrismaticShard"],"campfire_rested":0,"item_purchase_floors":[21],"current_hp_per_floor":[62,62,54,54,54,54,59,59,59,59,59,47,47,47,47,24,62,58,58,37,37,24,0],"gold":72,"neow_bonus":"TRANSFORM_TWO_CARDS","is_prod":false,"is_daily":false,"chose_seed":false,"campfire_upgraded":4,"win_rate":0,"timestamp":1550282503,"path_taken":["M","?","M","$","?","R","?","R","T","R","?","E","M","M","R","BOSS","M","?","?","$","M","E"],"build_version":"2019-01-23","purchased_purges":1,"victory":false,"max_hp_per_floor":[70,70,70,70,70,70,75,75,75,75,75,75,75,75,75,75,75,75,75,75,75,75,75],"card_choices":[{"not_picked":["Underhanded Strike","Noxious Fumes"],"picked":"Crippling Poison","floor":1},{"not_picked":["Dash","Bane"],"picked":"Acrobatics","floor":3},{"not_picked":["Noxious Fumes","Prepared"],"picked":"Backflip","floor":5},{"not_picked":["Deflect","Acrobatics"],"picked":"Escape Plan","floor":12},{"not_picked":["Sucker Punch","Dagger Spray","Accuracy"],"picked":"SKIP","floor":13},{"not_picked":["Slice","Tactician"],"picked":"Noxious Fumes","floor":14},{"not_picked":["Grand Finale","Die Die Die"],"picked":"Tools of the Trade","floor":16},{"not_picked":["Quick Slash","Dash"],"picked":"Acrobatics+1","floor":18},{"not_picked":["Bouncing Flask+1","Underhanded Strike","Slice"],"picked":"SKIP","floor":20},{"not_picked":["Malaise","Madness+1"],"picked":"Armaments+1","floor":22}],"player_experience":429764,"relics_obtained":[{"floor":9,"key":"Ninja Scroll"},{"floor":11,"key":"Regal Pillow"},{"floor":12,"key":"Snake Skull"}],"event_choices":[{"damage_healed":0,"gold_gain":0,"player_choice":"Rummage","damage_taken":0,"relics_obtained":["WarpedTongs"],"max_hp_gain":0,"max_hp_loss":0,"event_name":"Accursed Blacksmith","floor":2,"gold_loss":0,"cards_obtained":["Pain"]},{"damage_healed":0,"gold_gain":0,"player_choice":"Donut","damage_taken":0,"max_hp_gain":5,"max_hp_loss":0,"event_name":"Big Fish","floor":7,"gold_loss":0},{"damage_healed":0,"gold_gain":0,"player_choice":"2 cards matched","damage_taken":0,"max_hp_gain":0,"max_hp_loss":0,"event_name":"Match and Keep!","floor":19,"gold_loss":0,"cards_obtained":["Flash of Steel","Burst"]}],"is_beta":false,"boss_relics":[{"not_picked":["Lizard Tail","Velvet Choker"],"picked":"Ring of the Serpent"}],"items_purged_floors":[4],"is_endless":false,"potions_floor_spawned":[1,3,16,20],"killed_by":"Book of Stabbing","ascension_level":7}