{"gold_per_floor":[160,160,175,190,207,240,240,268,292,292,320,22,22,42,42,172,172,195,294,294,28,28,28,42,42,42,62,62,62],"floor_reached":29,"playtime":2110,"items_purged":[],"score":274,"play_id":"f8fe89e9-bcc5-41f2-b30f-d9ff47f6659b","local_time":"20190121134247","is_ascension_mode":true,"campfire_choices":[{"floor":7,"key":"REST"},{"data":"Infinite Blades","floor":10,"key":"SMITH"},{"floor":15,"key":"REST"},{"data":"Magnetism","floor":23,"key":"SMITH"},{"data":"Bullet Time","floor":25,"key":"SMITH"}],"neow_cost":"NONE","seed_source_timestamp":624647642021347,"circlet_count":0,"master_deck":["Defend_G","Defend_G+1","Defend_G","Defend_G","Strike_G","Strike_G","Strike_G","Strike_G","Strike_G","Survivor","Neutralize","Terror","Glass Knife","Doppelganger","Underhanded Strike","Poisoned Stab","Infinite Blades+1","Blade Dance","Leg Sweep","Night Terror","Prepared","Magnetism+1","Enlightenment+1","All Out Attack","Bullet Time+1","Underhanded Strike","Outmaneuver","Dash","The Bomb","Backflip","Deflect"],"relics":["Tiny House","Boot","Orichalcum","Vajra","Pen Nib","Golden Idol","Busted Crown","Happy Flower"],"potions_floor_usage":[6,6,24,27,28],"damage_taken":[{"damage":0,"enemies":"Small Slimes","floor":1,"turns":3},{"damage":0,"enemies":"Cultist","floor":3,"turns":3},{"damage":0,"enemies":"2 Louse","floor":4,"turns":4},{"damage":9,"enemies":"Blue Slaver","floor":5,"turns":4},{"damage":20,"enemies":"3 Sentries","floor":6,"turns":7},{"damage":9,"enemies":"Gremlin Nob","floor":8,"turns":4},{"damage":17,"enemies":"Lagavulin","floor":11,"turns":5},{"damage":7,"enemies":"Looter","floor":14,"turns":4},{"damage":22,"enemies":"Hexaghost","floor":16,"turns":7},{"damage":7,"enemies":"3 Byrds","floor":18,"turns":6},{"damage":18,"enemies":"Spheric Guardian","floor":24,"turns":5},{"damage":13,"enemies":"3 Cultists","floor":27,"turns":6},{"damage":30,"enemies":"Book of Stabbing","floor":28,"turns":5},{"damage":8,"enemies":"Snake Plant","floor":29,"turns":2}],"seed_played":"2499848392452655626","potions_obtained":[{"floor":0,"key":"SmokeBomb"},{"floor":4,"key":"Poison Potion"},{"floor":5,"key":"Explosive Potion"},{"floor":8,"key":"SneckoOil"},{"floor":18,"key":"EssenceOfSteel"}],"is_trial":false,"path_per_floor":["M","?","M","M","M","E","R","E","T","R","E","$","?","M","R","B",null,"M","?","?","$","?","R","M","R","T","M","E","M"],"character_chosen":"THE_SILENT","items_purchased":["Prepared","Magnetism","Enlightenment","Outmaneuver","Dash","The Bomb"],"campfire_rested":2,"item_purchase_floors":[12,12,12,21,21,21],"current_hp_per_floor":[75,75,75,75,66,46,68,59,59,59,42,42,24,17,39,17,75,68,68,68,68,68,68,50,50,50,37,7,0],"gold":62,"neow_bonus":"BOSS_RELIC","is_prod":false,"is_daily":false,"chose_seed":false,"campfire_upgraded":3,"win_rate":0,"timestamp":1548049367,"path_taken":["M","?","?","M","M","E","R","E","T","R","E","?","?","M","R","BOSS","M","?","?","$","?","R","M","R","T","M","E","M"],"build_version":"2019-01-17v2","purchased_purges":0,"victory":false,"max_hp_per_floor":[75,75,75,75,75,75,75,75,75,75,75,75,75,75,75,75,75,75,75,75,75,75,75,75,75,75,75,75,75],"card_choices":[{"not_picked":["Prepared","Slice"],"picked":"Terror","floor":0},{"not_picked":["Flying Knee","PiercingWail"],"picked":"Glass Knife","floor":1},{"not_picked":["Dash","Bane"],"picked":"Underhanded Strike","floor":3},{"not_picked":["Dagger Spray","Prepared"],"picked":"Poisoned Stab","floor":4},{"not_picked":["Cloak And Dagger","Slice"],"picked":"Infinite Blades","floor":5},{"not_picked":["Slice","Quick Slash"],"picked":"Blade Dance","floor":6},{"not_picked":["Quick Slash","Finisher"],"picked":"Leg Sweep","floor":8},{"not_picked":["Dagger Spray","Quick Slash"],"picked":"Night Terror","floor":11},{"not_picked":["Blade Dance","Prepared"],"picked":"All Out Attack","floor":14},{"not_picked":["Unload","Glass Knife"],"picked":"Bullet Time","floor":16},{"not_picked":[],"picked":"Underhanded Strike","floor":18},{"not_picked":[],"picked":"Backflip","floor":24},{"not_picked":[],"picked":"Deflect","floor":27}],"player_experience":57372,"relics_obtained":[{"floor":6,"key":"Boot"},{"floor":8,"key":"Orichalcum"},{"floor":9,"key":"Vajra"},{"floor":11,"key":"Pen Nib"},{"floor":26,"key":"Happy Flower"}],"event_choices":[{"damage_healed":0,"gold_gain":0,"cards_transformed":["Defend_G"],"player_choice":"Transformed","damage_taken":0,"max_hp_gain":0,"max_hp_loss":0,"event_name":"Transmorgrifier","floor":2,"gold_loss":0,"cards_obtained":["Doppelganger"]},{"damage_healed":0,"gold_gain":0,"player_choice":"Take Damage","damage_taken":18,"relics_obtained":["Golden Idol"],"max_hp_gain":0,"max_hp_loss":0,"event_name":"Golden Idol","floor":13,"gold_loss":0},{"damage_healed":0,"gold_gain":99,"player_choice":"Stole From Cult","damage_taken":0,"max_hp_gain":0,"max_hp_loss":0,"event_name":"Nest","floor":19,"gold_loss":0},{"damage_healed":0,"gold_gain":0,"player_choice":"Ignored","damage_taken":0,"max_hp_gain":0,"max_hp_loss":0,"event_name":"Beggar","floor":20,"gold_loss":0},{"damage_healed":0,"gold_gain":0,"player_choice":"Forge","damage_taken":0,"max_hp_gain":0,"max_hp_loss":0,"event_name":"Accursed Blacksmith","floor":22,"gold_loss":0,"cards_upgraded":["Enlightenment"]}],"is_beta":false,"boss_relics":[{"not_picked":["Velvet Choker","Runic Dome"],"picked":"Busted Crown"}],"items_purged_floors":[],"is_endless":false,"potions_floor_spawned":[4,5,8,18,28],"killed_by":"Snake Plant","ascension_level":1}