{"gold_per_floor":[113,113,38,51,51,51,77,92,92,43,43,75,25,53,53,127,127,143,143,143,159,174,201,56,56],"floor_reached":25,"playtime":985,"items_purged":["Strike_R"],"score":445,"play_id":"533942d3-60d5-4c3b-bea2-cc5e53e0d62b","local_time":"20190129140726","is_ascension_mode":true,"campfire_choices":[{"data":"Demon Form","floor":6.0,"key":"SMITH"},{"floor":15.0,"key":"REST"}],"neow_cost":"NONE","seed_source_timestamp":0,"circlet_count":0,"master_deck":["AscendersBane","Strike_R","Strike_R","Strike_R","Defend_R","Defend_R","Defend_R","Defend_R","Bash","Battle Trance","Demon Form+1","Fiend Fire","Cleave","Shrug It Off","Iron Wave","Disarm+1","Disarm","Iron Wave+1","Pummel"],"special_seed":0,"relics":["Burning Blood","NeowsBlessing","Bottled Flame","Paper Frog","Letter Opener","Torii","Question Card","Black Star","Enchiridion","Blue Candle","Oddly Smooth Stone","Strawberry"],"potions_floor_usage":[],"damage_taken":[{"damage":0.0,"enemies":"Small Slimes","floor":1.0,"turns":1.0},{"damage":0.0,"enemies":"Cultist","floor":4.0,"turns":1.0},{"damage":0.0,"enemies":"Lagavulin","floor":7.0,"turns":1.0},{"damage":12.0,"enemies":"Jaw Worm","floor":8.0,"turns":2.0},{"damage":43.0,"enemies":"3 Sentries","floor":12.0,"turns":5.0},{"damage":28.0,"enemies":"Gremlin Nob","floor":14.0,"turns":5.0},{"damage":19.0,"enemies":"The Guardian","floor":16.0,"turns":10.0},{"damage":23.0,"enemies":"Shell Parasite","floor":18.0,"turns":7.0},{"damage":6,"enemies":"3 Byrds","floor":21,"turns":6},{"damage":14,"enemies":"Snecko","floor":22,"turns":4},{"damage":12,"enemies":"Book of Stabbing","floor":23,"turns":8},{"damage":38,"enemies":"Gremlin Leader","floor":25,"turns":7}],"seed_played":"2553990236490147367","potions_obtained":[{"floor":1.0,"key":"PowerPotion"},{"floor":4.0,"key":"FairyPotion"},{"floor":14.0,"key":"Explosive Potion"},{"floor":18.0,"key":"AttackPotion"}],"is_trial":false,"path_per_floor":["M","?","$","M","?","R","E","M","T","$","?","E","?","E","R","B",null,"M","?","?","M","M","E","$","E"],"character_chosen":"IRONCLAD","items_purchased":["Shrug It Off","Strawberry"],"campfire_rested":1,"item_purchase_floors":[10,24],"current_hp_per_floor":[74,74,74,75,68,68,74,68,68,68,68,31,31,9,31,18,61,44,28,28,28,20,14,21,0],"gold":56,"neow_bonus":"THREE_ENEMY_KILL","is_prod":false,"is_daily":false,"chose_seed":false,"campfire_upgraded":1,"win_rate":0,"timestamp":1548767246,"path_taken":["M","?","$","?","?","R","E","M","T","$","?","E","?","E","R","BOSS","M","?","?","?","M","E","?","E"],"build_version":"2019-01-23","purchased_purges":1,"victory":false,"max_hp_per_floor":[75,75,75,75,75,75,75,75,75,75,75,75,75,75,75,75,75,75,75,75,75,75,75,82,82],"card_choices":[{"not_picked":["Flame Barrier","Pommel Strike"],"picked":"Battle Trance","floor":1.0},{"not_picked":["Anger","Armaments","Perfected Strike"],"picked":"SKIP","floor":4.0},{"not_picked":["Shrug It Off","Infernal Blade"],"picked":"Fiend Fire","floor":7.0},{"not_picked":["Uppercut","Feel No Pain"],"picked":"Cleave","floor":8.0},{"not_picked":["Fiend Fire","Infernal Blade"],"picked":"Iron Wave","floor":12.0},{"not_picked":["Headbutt","Thunderclap"],"picked":"Disarm","floor":14.0},{"not_picked":["Cleave","Havoc","Twin Strike"],"picked":"Disarm","floor":18.0},{"not_picked":["Twin Strike","Sword Boomerang","Bloodletting"],"picked":"Iron Wave+1","floor":21},{"not_picked":["Cleave","Perfected Strike","Hemokinesis+1","Rage+1"],"picked":"SKIP","floor":22},{"not_picked":["Blood for Blood","Rupture","Clash"],"picked":"Pummel","floor":23}],"player_experience":273636,"relics_obtained":[{"floor":7.0,"key":"Bottled Flame"},{"floor":9.0,"key":"Paper Frog"},{"floor":12.0,"key":"Torii"},{"floor":14.0,"key":"Question Card"},{"floor":19,"key":"Enchiridion"},{"floor":23,"key":"Blue Candle"},{"floor":23,"key":"Oddly Smooth Stone"}],"event_choices":[{"damage_healed":0.0,"max_hp_gain":0.0,"max_hp_loss":0.0,"gold_gain":0.0,"event_name":"Match and Keep!","player_choice":"1 cards matched","floor":2.0,"gold_loss":0.0,"damage_taken":0.0,"cards_obtained":["Demon Form"]},{"cards_removed":["Strike_R"],"damage_healed":0.0,"max_hp_gain":0.0,"max_hp_loss":0.0,"gold_gain":0.0,"event_name":"Golden Wing","player_choice":"Card Removal","floor":5.0,"gold_loss":0.0,"damage_taken":7.0},{"damage_healed":0.0,"max_hp_gain":0.0,"max_hp_loss":0.0,"gold_gain":0.0,"event_name":"Big Fish","player_choice":"Box","floor":11.0,"gold_loss":0.0,"damage_taken":0.0,"relics_obtained":["Letter Opener"],"cards_obtained":["Regret"]},{"cards_removed":["Regret"],"damage_healed":0.0,"max_hp_gain":0.0,"max_hp_loss":0.0,"gold_gain":0.0,"event_name":"The Cleric","player_choice":"Card Removal","floor":13.0,"gold_loss":50.0,"damage_taken":0.0},{"damage_healed":0,"gold_gain":0,"player_choice":"Obtained Book","damage_taken":16,"max_hp_gain":0,"max_hp_loss":0,"event_name":"Cursed Tome","floor":19,"gold_loss":0},{"damage_healed":0,"gold_gain":0,"player_choice":"Forge","damage_taken":0,"max_hp_gain":0,"max_hp_loss":0,"event_name":"Accursed Blacksmith","floor":20,"gold_loss":0,"cards_upgraded":["Disarm"]}],"is_beta":false,"boss_relics":[{"not_picked":["Velvet Choker","Empty Cage"],"picked":"Black Star"}],"items_purged_floors":[3],"is_endless":false,"potions_floor_spawned":[1,4,14,18,21],"killed_by":"Gremlin Leader","ascension_level":14}