{"gold_per_floor":[99,71,71,71,45,45,45,45,45,45,45,45,45,45,45,45,45,45,45,45,45,45,45],"floor_reached":23,"playtime":1563,"items_purged":[],"score":242,"play_id":"af9e4ca1-b2f3-4d43-b4db-55459ffcfb5a","local_time":"20190131090903","is_ascension_mode":true,"campfire_choices":[{"data":"Sucker Punch","floor":6,"key":"SMITH"},{"data":"Neutralize","floor":13,"key":"SMITH"},{"data":"Bouncing Flask","floor":15,"key":"SMITH"}],"neow_cost":"NONE","seed_source_timestamp":1100477639246903,"circlet_count":0,"master_deck":["Defend_G","Defend_G","Defend_G","Defend_G","Defend_G","Strike_G","Strike_G","Strike_G","Strike_G","Strike_G","Survivor","Neutralize+1","Bouncing Flask+1","Deadly Poison","Sucker Punch+1","Flying Knee","Bane+1","Concentrate","Poisoned Stab","Glass Knife","Deadly Poison+1","Ghostly","Ghostly","Ghostly","Ghostly","Ghostly","Backstab","Shame","Dagger Spray"],"relics":["Ectoplasm","Turnip","Question Card","NlothsMask","Letter Opener","Cursed Key","Pantograph","Calipers","Toxic Egg 2"],"potions_floor_usage":[16,16,23],"damage_taken":[{"damage":0,"enemies":"2 Louse","floor":1,"turns":4},{"damage":0,"enemies":"Cultist","floor":4,"turns":3},{"damage":11,"enemies":"Lagavulin","floor":7,"turns":6},{"damage":0,"enemies":"Small Slimes","floor":8,"turns":2},{"damage":2,"enemies":"2 Fungi Beasts","floor":11,"turns":3},{"damage":16,"enemies":"Gremlin Nob","floor":12,"turns":4},{"damage":21,"enemies":"The Guardian","floor":16,"turns":8},{"damage":7,"enemies":"Chosen","floor":18,"turns":3},{"damage":0,"enemies":"Spheric Guardian","floor":20,"turns":4},{"damage":2,"enemies":"Colosseum Slavers","floor":22,"turns":4},{"damage":6,"enemies":"Colosseum Nobs","floor":22,"turns":6},{"damage":29,"enemies":"Gremlin Leader","floor":23,"turns":4}],"seed_played":"4734801936626882056","potions_obtained":[{"floor":4,"key":"Block Potion"},{"floor":8,"key":"LiquidBronze"},{"floor":12,"key":"Poison Potion"}],"is_trial":false,"path_per_floor":["M","?","?","M","$","R","E","M","T","?","M","E","R","?","R","B",null,"M","?","M","?","?","E"],"character_chosen":"THE_SILENT","items_purchased":["Sucker Punch"],"campfire_rested":0,"item_purchase_floors":[5],"current_hp_per_floor":[70,70,70,70,70,70,59,59,59,59,57,41,41,41,41,20,70,63,35,35,35,27,0],"gold":45,"neow_bonus":"BOSS_RELIC","is_prod":false,"is_daily":false,"chose_seed":false,"campfire_upgraded":3,"win_rate":0,"timestamp":1548896943,"path_taken":["M","?","?","M","$","R","E","?","T","?","?","E","R","?","R","BOSS","M","?","M","?","?","E"],"build_version":"2019-01-23","purchased_purges":0,"victory":false,"max_hp_per_floor":[70,70,70,70,70,70,70,70,70,70,70,70,70,70,70,70,70,70,35,35,35,35,35],"card_choices":[{"not_picked":["Backflip","Flying Knee"],"picked":"Bouncing Flask","floor":1},{"not_picked":["Distraction","Deflect"],"picked":"Deadly Poison","floor":4},{"not_picked":["Footwork","Dagger Spray"],"picked":"Flying Knee","floor":7},{"not_picked":["Deflect","Dodge and Roll"],"picked":"Bane","floor":8},{"not_picked":["Terror","Dagger Spray","Deadly Poison"],"picked":"Concentrate","floor":11},{"not_picked":["Deflect","Finisher","All Out Attack"],"picked":"Poisoned Stab","floor":12},{"not_picked":["Storm of Steel","A Thousand Cuts","Die Die Die"],"picked":"Glass Knife","floor":16},{"not_picked":["Endless Agony","Bouncing Flask","Well Laid Plans"],"picked":"Deadly Poison+1","floor":18},{"not_picked":["Distraction","Blade Dance","Footwork+1"],"picked":"Backstab","floor":20},{"not_picked":["Blade Dance","Wraith Form v2","Calculated Gamble+1"],"picked":"Dagger Spray","floor":22}],"player_experience":79447,"relics_obtained":[{"floor":7,"key":"Turnip"},{"floor":9,"key":"Question Card"},{"floor":12,"key":"Letter Opener"},{"floor":22,"key":"Calipers"},{"floor":22,"key":"Toxic Egg 2"}],"event_choices":[{"damage_healed":0,"gold_gain":0,"player_choice":"Left Gold","damage_taken":0,"max_hp_gain":0,"max_hp_loss":0,"event_name":"World of Goop","floor":2,"gold_loss":28},{"damage_healed":0,"gold_gain":0,"player_choice":"Ignored","damage_taken":0,"max_hp_gain":0,"max_hp_loss":0,"event_name":"Golden Shrine","floor":3,"gold_loss":0},{"damage_healed":0,"gold_gain":0,"player_choice":"Trade","damage_taken":0,"relics_obtained":["NlothsMask"],"max_hp_gain":0,"max_hp_loss":0,"event_name":"FaceTrader","floor":10,"gold_loss":0},{"damage_healed":0,"gold_gain":0,"player_choice":"Upgraded","damage_taken":0,"max_hp_gain":0,"max_hp_loss":0,"event_name":"Upgrade Shrine","floor":14,"gold_loss":0,"cards_upgraded":["Bane"]},{"damage_healed":0,"gold_gain":0,"player_choice":"Became a Ghost","damage_taken":0,"max_hp_gain":0,"max_hp_loss":35,"event_name":"Ghosts","floor":19,"gold_loss":0,"cards_obtained":["Ghostly","Ghostly","Ghostly","Ghostly","Ghostly"]},{"damage_healed":0,"gold_gain":0,"player_choice":"Stole Relic","damage_taken":0,"relics_obtained":["Pantograph"],"max_hp_gain":0,"max_hp_loss":0,"event_name":"Addict","floor":21,"gold_loss":0,"cards_obtained":["Shame"]},{"damage_healed":0,"gold_gain":0,"player_choice":"Fight","damage_taken":0,"max_hp_gain":0,"max_hp_loss":0,"event_name":"Colosseum","floor":22,"gold_loss":0},{"damage_healed":0,"gold_gain":0,"player_choice":"Fought Nobs","damage_taken":0,"max_hp_gain":0,"max_hp_loss":0,"event_name":"Colosseum","floor":22,"gold_loss":0}],"is_beta":false,"boss_relics":[{"not_picked":["Velvet Choker","WristBlade"],"picked":"Cursed Key"}],"items_purged_floors":[],"is_endless":false,"potions_floor_spawned":[4,8,12,22],"killed_by":"Gremlin Leader","ascension_level":2}