{"gold_per_floor":[110,126,126,145,160,195,195,226,249,249,277,277,302,320,320,395,395,395,395,315,151,151,151],"floor_reached":23,"playtime":924,"items_purged":["Defend_R"],"score":438,"play_id":"a24b76ae-505e-4885-8a79-c10dad5a3a90","local_time":"20190211133637","is_ascension_mode":true,"campfire_choices":[{"data":"Armaments","floor":7,"key":"SMITH"},{"floor":10,"key":"REST"},{"floor":12,"key":"REST"},{"floor":15,"key":"REST"}],"neow_cost":"NONE","seed_source_timestamp":411551410382300,"circlet_count":0,"master_deck":["AscendersBane","Strike_R","Strike_R","Strike_R","Strike_R","Strike_R","Defend_R","Defend_R","Bash","Perfected Strike","Armaments+1","Carnage","Headbutt","Iron Wave","Shrug It Off","Juggernaut","Demon Form","Pommel Strike","Headbutt","Flash of Steel"],"relics":["Burning Blood","NeowsBlessing","Question Card","Omamori","Oddly Smooth Stone","Lantern","FossilizedHelix","Ectoplasm"],"potions_floor_usage":[6,11,13,14,14],"damage_taken":[{"damage":0,"enemies":"Jaw Worm","floor":1,"turns":1},{"damage":0,"enemies":"Cultist","floor":2,"turns":1},{"damage":0,"enemies":"Small Slimes","floor":4,"turns":1},{"damage":14,"enemies":"Red Slaver","floor":5,"turns":3},{"damage":35,"enemies":"3 Sentries","floor":6,"turns":7},{"damage":35,"enemies":"Lagavulin","floor":8,"turns":5},{"damage":27,"enemies":"3 Sentries","floor":11,"turns":8},{"damage":42,"enemies":"Lagavulin","floor":13,"turns":10},{"damage":2,"enemies":"Gremlin Gang","floor":14,"turns":5},{"damage":24,"enemies":"The Guardian","floor":16,"turns":15},{"damage":12,"enemies":"Spheric Guardian","floor":18,"turns":4},{"damage":16,"enemies":"2 Thieves","floor":20,"turns":4},{"damage":51,"enemies":"Book of Stabbing","floor":23,"turns":4}],"seed_played":"-3198295609070210063","potions_obtained":[{"floor":1,"key":"Swift Potion"},{"floor":5,"key":"BloodPotion"},{"floor":8,"key":"BloodPotion"},{"floor":11,"key":"Dexterity Potion"},{"floor":13,"key":"Swift Potion"},{"floor":14,"key":"EssenceOfSteel"}],"is_trial":false,"path_per_floor":["M","M","?","M","M","E","R","E","T","R","E","R","E","M","R","B",null,"M","?","M","$","?","E"],"character_chosen":"IRONCLAD","items_purchased":["Flash of Steel"],"campfire_rested":3,"item_purchase_floors":[21],"current_hp_per_floor":[74,75,75,75,67,45,45,16,16,38,24,46,10,14,36,18,61,55,55,45,45,45,0],"gold":151,"neow_bonus":"THREE_ENEMY_KILL","is_prod":false,"is_daily":false,"chose_seed":false,"campfire_upgraded":1,"win_rate":0,"timestamp":1549888597,"path_taken":["M","M","?","M","M","E","R","E","T","R","E","R","E","M","R","BOSS","M","?","?","$","?","E"],"build_version":"2019-01-23","purchased_purges":1,"victory":false,"max_hp_per_floor":[75,75,75,75,75,75,75,75,75,75,75,75,75,75,75,75,75,75,75,75,75,75,75],"card_choices":[{"not_picked":["Inflame","Body Slam"],"picked":"Perfected Strike","floor":1},{"not_picked":["Clothesline","Flex"],"picked":"Armaments","floor":2},{"not_picked":["Dual Wield","Headbutt"],"picked":"Carnage","floor":4},{"not_picked":["True Grit","Cleave"],"picked":"Headbutt","floor":5},{"not_picked":["Spot Weakness","Searing Blow"],"picked":"Iron Wave","floor":6},{"not_picked":["Corruption","Twin Strike","Armaments"],"picked":"Shrug It Off","floor":8},{"not_picked":["Offering","Sever Soul","Body Slam","Sword Boomerang"],"picked":"SKIP","floor":11},{"not_picked":["Sword Boomerang","Hemokinesis","Flex"],"picked":"Juggernaut","floor":13},{"not_picked":["Ghostly Armor","Fire Breathing","Anger","Heavy Blade"],"picked":"SKIP","floor":14},{"not_picked":["Impervious","Dark Embrace","Offering"],"picked":"Demon Form","floor":16},{"not_picked":["Havoc","Inflame","Body Slam"],"picked":"Pommel Strike","floor":18},{"not_picked":["Power Through","Evolve","Wild Strike+1"],"picked":"Headbutt","floor":20}],"player_experience":364146,"relics_obtained":[{"floor":6,"key":"Question Card"},{"floor":8,"key":"Omamori"},{"floor":9,"key":"Oddly Smooth Stone"},{"floor":11,"key":"Lantern"},{"floor":13,"key":"FossilizedHelix"}],"event_choices":[{"damage_healed":0,"gold_gain":0,"player_choice":"Ignored","damage_taken":0,"max_hp_gain":0,"max_hp_loss":0,"event_name":"Liars Game","floor":3,"gold_loss":0},{"cards_removed":["Defend_R"],"damage_healed":0,"gold_gain":0,"player_choice":"Purged","damage_taken":0,"max_hp_gain":0,"max_hp_loss":0,"event_name":"Purifier","floor":19,"gold_loss":0},{"damage_healed":0,"gold_gain":50,"player_choice":"Pray","damage_taken":0,"max_hp_gain":0,"max_hp_loss":0,"event_name":"Golden Shrine","floor":22,"gold_loss":0}],"is_beta":false,"boss_relics":[{"not_picked":["Calling Bell","Pandora\u0027s Box"],"picked":"Ectoplasm"}],"items_purged_floors":[21],"is_endless":false,"potions_floor_spawned":[1,5,8,11,13,14],"killed_by":"Book of Stabbing","ascension_level":20}