{"path_per_floor":["M","?","M","M","?","R","E","R","T","E","$","M","M","M","R","B",null,"M","?","?","?","?","E","M","E","T","E","R","M","E","$","R","B",null,"M","M","?","?","?","E","R","E","T","E","M","R","M","M","R","B"],"character_chosen":"IRONCLAD","items_purchased":["Juzu Bracelet","Omamori"],"gold_per_floor":[112,112,132,144,144,144,169,169,169,194,119,139,156,169,169,272,272,288,288,288,203,203,230,246,272,298,325,325,341,374,25,25,121,121,138,150,150,150,205,267,267,302,302,328,338,338,356,376,376,376],"floor_reached":51,"campfire_rested":0,"playtime":2066,"current_hp_per_floor":[80,80,80,80,64,64,31,31,31,33,33,39,41,43,43,7,62,64,56,56,56,56,61,63,51,51,60,60,63,63,63,63,63,63,63,63,63,55,50,48,48,54,54,37,44,44,48,41,41,12],"items_purged":["Normality","Defend_R"],"gold":376,"score":1398,"play_id":"cbb502ce-b353-42e0-b2e6-0582bed34dcd","local_time":"20180518131417","is_prod":false,"is_daily":false,"chose_seed":false,"is_ascension_mode":true,"campfire_upgraded":2,"timestamp":1526642057,"campfire_choices":[{"data":"Offering","floor":6,"key":"SMITH"},{"data":"Flex","floor":8,"key":"SMITH"},{"floor":15,"key":"DIG"},{"floor":28,"key":"DIG"},{"floor":32,"key":"DIG"},{"floor":41,"key":"DIG"},{"floor":46,"key":"DIG"},{"floor":49,"key":"DIG"}],"path_taken":["M","?","M","?","?","R","E","R","T","E","$","M","M","?","R","BOSS","M","?","?","?","?","E","M","E","T","E","R","?","E","$","R","BOSS","M","M","?","?","?","E","R","E","T","E","M","R","M","M","R","BOSS"],"build_version":"2018-05-17","seed_source_timestamp":386646979108580,"purchased_purges":2,"victory":true,"master_deck":["Defend_R","Defend_R","Defend_R","Pommel Strike+1","Whirlwind+1","Offering+1","Flex+1","Flex","Flex","Offering","Heavy Blade","Bite+1","Bite","Bite","Bite","Bite+1","Offering+1","Thunderclap","Madness+1","Madness+1","Pommel Strike+1","Spot Weakness+1","Whirlwind+1","Pommel Strike+1","Warcry+1","Flex+1"],"max_hp_per_floor":[80,80,80,80,80,80,80,80,80,80,80,80,80,80,80,80,80,80,56,56,56,56,63,63,63,63,63,63,63,63,63,63,63,63,63,63,63,63,63,63,63,63,63,63,63,63,63,63,63,63],"relics":["Burning Blood","Question Card","Bag of Preparation","Toolbox","Shovel","Matryoshka","Philosopher\u0027s Stone","Toxic Egg 2","Blood Vial","Strawberry","Unceasing Top","Orichalcum","Bag of Marbles","Ancient Tea Set","Vajra","The Courier","Juzu Bracelet","Omamori","Darkstone Periapt","White Beast Statue","Champion Belt","Tiny Chest","Self Forming Clay","Bird Faced Urn","Lantern","Whetstone","Gambling Chip","Paper Frog","Happy Flower"],"card_choices":[{"not_picked":["Power Through","Armaments"],"picked":"Pommel Strike","floor":1},{"not_picked":["Anger","Armaments","Spot Weakness"],"picked":"Whirlwind","floor":3},{"not_picked":["Thunderclap","Pommel Strike","Uppercut"],"picked":"Offering","floor":4},{"not_picked":["Heavy Blade","Dual Wield","Body Slam"],"picked":"Flex","floor":7},{"not_picked":["Inflame","Rupture","Brutality"],"picked":"Flex","floor":10},{"not_picked":["Iron Wave","Pommel Strike","Intimidate","Clash"],"picked":"SKIP","floor":12},{"not_picked":["Rage","Sword Boomerang","Warcry"],"picked":"Flex","floor":13},{"not_picked":["Second Wind","Evolve","Anger","Exhume"],"picked":"SKIP","floor":14},{"not_picked":["Reaper","Immolate","Feed"],"picked":"Offering","floor":16},{"not_picked":["Bloodletting","Uppercut","Intimidate+1"],"picked":"Heavy Blade","floor":18},{"not_picked":["Clothesline","Intimidate+1","Impervious+1"],"picked":"Thunderclap","floor":23},{"not_picked":["Hemokinesis","Metallicize","Perfected Strike","Entrench+1"],"picked":"SKIP","floor":24},{"not_picked":["Bludgeon","Wild Strike","Iron Wave","Perfected Strike"],"picked":"SKIP","floor":25},{"not_picked":["Havoc+1","Sword Boomerang","Headbutt+1","Inflame"],"picked":"SKIP","floor":27},{"not_picked":["Sword Boomerang+1","Body Slam+1","Wild Strike+1","True Grit+1"],"picked":"SKIP","floor":29},{"not_picked":["True Grit+1","Sword Boomerang","Disarm+1","Corruption"],"picked":"SKIP","floor":30},{"not_picked":["Cleave","Armaments+1","Heavy Blade","Shrug It Off+1"],"picked":"SKIP","floor":35},{"not_picked":["Twin Strike","Iron Wave","Sword Boomerang+1","Anger+1"],"picked":"SKIP","floor":36},{"not_picked":["Sentinel+1","Cleave","Reckless Charge"],"picked":"Pommel Strike+1","floor":39},{"not_picked":["Pommel Strike","Perfected Strike+1","Sentinel+1"],"picked":"Spot Weakness+1","floor":40},{"not_picked":["Hemokinesis+1","Ghostly Armor+1","Brutality"],"picked":"Whirlwind+1","floor":42},{"not_picked":["Barricade","Havoc+1","Rage+1"],"picked":"Pommel Strike+1","floor":44},{"not_picked":["Fire Breathing+1","Pommel Strike","Twin Strike"],"picked":"Warcry+1","floor":45},{"not_picked":["Clothesline+1","Thunderclap+1","Headbutt+1","Havoc+1"],"picked":"SKIP","floor":47},{"not_picked":["Shrug It Off+1","Blood for Blood+1","Warcry+1"],"picked":"Flex+1","floor":48}],"player_experience":92921,"potions_floor_usage":[16,23,33,50,50,50],"damage_taken":[{"damage":3,"enemies":"Jaw Worm","floor":1,"turns":5},{"damage":6,"enemies":"Cultist","floor":3,"turns":3},{"damage":0,"enemies":"2 Louse","floor":4,"turns":1},{"damage":39,"enemies":"Lagavulin","floor":7,"turns":5},{"damage":4,"enemies":"3 Sentries","floor":10,"turns":1},{"damage":0,"enemies":"2 Fungi Beasts","floor":12,"turns":1},{"damage":4,"enemies":"Lots of Slimes","floor":13,"turns":2},{"damage":4,"enemies":"Large Slime","floor":14,"turns":3},{"damage":42,"enemies":"The Guardian","floor":16,"turns":8},{"damage":4,"enemies":"Spheric Guardian","floor":18,"turns":1},{"damage":8,"enemies":"Gremlin Leader","floor":23,"turns":1},{"damage":4,"enemies":"Chosen","floor":24,"turns":1},{"damage":26,"enemies":"Book of Stabbing","floor":25,"turns":2},{"damage":7,"enemies":"Slavers","floor":27,"turns":2},{"damage":0,"enemies":"Snecko","floor":29,"turns":1},{"damage":8,"enemies":"Book of Stabbing","floor":30,"turns":1},{"damage":12,"enemies":"Automaton","floor":33,"turns":2},{"damage":8,"enemies":"3 Shapes","floor":35,"turns":1},{"damage":4,"enemies":"3 Darklings","floor":36,"turns":1},{"damage":19,"enemies":"Mysterious Sphere","floor":39,"turns":2},{"damage":12,"enemies":"Giant Head","floor":40,"turns":1},{"damage":4,"enemies":"2 Orb Walkers","floor":42,"turns":1},{"damage":42,"enemies":"Nemesis","floor":44,"turns":5},{"damage":12,"enemies":"Maw","floor":45,"turns":1},{"damage":8,"enemies":"Sphere and 2 Shapes","floor":47,"turns":1},{"damage":19,"enemies":"4 Shapes","floor":48,"turns":1},{"damage":47,"enemies":"Awakened One","floor":50,"turns":4}],"relics_obtained":[{"floor":7,"key":"Bag of Preparation"},{"floor":9,"key":"Toolbox"},{"floor":10,"key":"Shovel"},{"floor":15,"key":"Matryoshka"},{"floor":23,"key":"Strawberry"},{"floor":25,"key":"Unceasing Top"},{"floor":26,"key":"Orichalcum"},{"floor":26,"key":"Bag of Marbles"},{"floor":27,"key":"Ancient Tea Set"},{"floor":28,"key":"Vajra"},{"floor":30,"key":"The Courier"},{"floor":32,"key":"Darkstone Periapt"},{"floor":39,"key":"Champion Belt"},{"floor":40,"key":"Tiny Chest"},{"floor":41,"key":"Self Forming Clay"},{"floor":42,"key":"Bird Faced Urn"},{"floor":43,"key":"Lantern"},{"floor":43,"key":"Whetstone"},{"floor":44,"key":"Gambling Chip"},{"floor":46,"key":"Paper Frog"},{"floor":49,"key":"Happy Flower"}],"event_choices":[{"event_name":"Accursed Blacksmith","player_choice":"Rummage","floor":2,"damage_taken":0},{"event_name":"Shining Light","player_choice":"Entered Light","floor":5,"damage_taken":0},{"event_name":"Vampires","player_choice":"Became a vampire","floor":19,"damage_taken":0},{"event_name":"The Mausoleum","player_choice":"Yes","floor":20,"damage_taken":0},{"event_name":"Addict","player_choice":"Obtained Relic","floor":21,"damage_taken":0},{"event_name":"Duplicator","player_choice":"One dupe","floor":22,"damage_taken":0},{"event_name":"Winding Halls","player_choice":"Embrace Madness","floor":38,"damage_taken":0},{"event_name":"Mysterious Sphere","player_choice":"Fight","floor":39,"damage_taken":0}],"boss_relics":[{"not_picked":["Runic Dome","Tiny House"],"picked":"Philosopher\u0027s Stone"},{"not_picked":["Runic Cube","Runic Pyramid"],"picked":"White Beast Statue"}],"potions_floor_spawned":[1,10,16,18,24,25,30,33,35,36,39,40,42,44,45,47,48],"seed_played":"4164724982517917965","ascension_level":5,"potions_obtained":[{"floor":1,"key":"BloodPotion"},{"floor":10,"key":"Poison Potion"},{"floor":16,"key":"AttackPotion"},{"floor":18,"key":"LiquidBronze"},{"floor":24,"key":"Regen Potion"},{"floor":25,"key":"SkillPotion"},{"floor":30,"key":"FearPotion"},{"floor":33,"key":"Weak Potion"},{"floor":35,"key":"SkillPotion"},{"floor":36,"key":"Strength Potion"}],"is_trial":false}