{"gold_per_floor":[117,117,135,310,310,340,361,361,361,376,376,376,395,423,423,423],"floor_reached":16,"playtime":647,"items_purged":[],"score":151,"play_id":"faf743e7-b762-45b0-99b5-9d541c2e4b21","local_time":"20190216084818","is_ascension_mode":true,"campfire_choices":[{"floor":8,"key":"REST"},{"floor":11,"key":"REST"},{"floor":15,"key":"REST"}],"neow_cost":"NONE","seed_source_timestamp":246427290807400,"circlet_count":0,"master_deck":["Defend_G","Defend_G","Defend_G","Defend_G","Defend_G","Strike_G","Strike_G","Strike_G","Strike_G","Survivor","Neutralize+1","Concentrate","Flying Knee","Sucker Punch","Terror+1","Escape Plan","Deadly Poison","Predator","Grand Finale"],"relics":["Ring of the Snake","Bottled Lightning","Odd Mushroom","Letter Opener","Paper Crane"],"potions_floor_usage":[7,16],"damage_taken":[{"damage":2,"enemies":"Jaw Worm","floor":1,"turns":5},{"damage":0,"enemies":"Small Slimes","floor":3,"turns":4},{"damage":44,"enemies":"Lagavulin","floor":6,"turns":8},{"damage":9,"enemies":"The Mushroom Lair","floor":7,"turns":4},{"damage":0,"enemies":"2 Louse","floor":10,"turns":3},{"damage":4,"enemies":"2 Fungi Beasts","floor":13,"turns":3},{"damage":35,"enemies":"3 Sentries","floor":14,"turns":8},{"damage":27,"enemies":"Slime Boss","floor":16,"turns":7}],"seed_played":"7408999168275060878","potions_obtained":[{"floor":1,"key":"Explosive Potion"},{"floor":14,"key":"SteroidPotion"}],"is_trial":false,"path_per_floor":["M","?","M","?","?","E","?","R","T","M","R","?","M","E","R","B"],"character_chosen":"THE_SILENT","items_purchased":[],"campfire_rested":3,"item_purchase_floors":[],"current_hp_per_floor":[61,61,61,61,54,10,1,22,22,22,43,43,39,4,25,0],"gold":423,"neow_bonus":"TRANSFORM_CARD","is_prod":false,"is_daily":false,"chose_seed":false,"campfire_upgraded":0,"win_rate":0,"timestamp":1550303298,"path_taken":["M","?","M","?","?","E","?","R","T","M","R","?","M","E","R","BOSS"],"build_version":"2019-01-23","purchased_purges":0,"victory":false,"max_hp_per_floor":[70,70,70,70,70,70,70,70,70,70,70,70,70,70,70,70],"card_choices":[{"not_picked":["Setup","Outmaneuver"],"picked":"Flying Knee","floor":1},{"not_picked":["Outmaneuver","Prepared"],"picked":"Sucker Punch","floor":3},{"not_picked":["Flying Knee","Outmaneuver"],"picked":"Terror","floor":6},{"not_picked":["Slice","Flying Knee"],"picked":"Escape Plan","floor":7},{"not_picked":["Backflip","Prepared"],"picked":"Deadly Poison","floor":10},{"not_picked":["Setup","Dodge and Roll"],"picked":"Predator","floor":13},{"not_picked":["Cloak And Dagger","Endless Agony"],"picked":"Grand Finale","floor":14}],"player_experience":437286,"relics_obtained":[{"floor":6,"key":"Bottled Lightning"},{"floor":7,"key":"Odd Mushroom"},{"floor":9,"key":"Letter Opener"},{"floor":14,"key":"Paper Crane"}],"event_choices":[{"damage_healed":0,"gold_gain":0,"player_choice":"Grow","damage_taken":0,"max_hp_gain":0,"max_hp_loss":0,"event_name":"Living Wall","floor":2,"gold_loss":0,"cards_upgraded":["Neutralize"]},{"damage_healed":0,"gold_gain":175,"player_choice":"AGREE","damage_taken":0,"max_hp_gain":0,"max_hp_loss":0,"event_name":"Liars Game","floor":4,"gold_loss":0,"cards_obtained":["Doubt"]},{"cards_removed":["Doubt"],"damage_healed":0,"gold_gain":0,"player_choice":"Card Removal","damage_taken":7,"max_hp_gain":0,"max_hp_loss":0,"event_name":"Golden Wing","floor":5,"gold_loss":0},{"damage_healed":0,"gold_gain":0,"player_choice":"Fought Mushrooms","damage_taken":0,"max_hp_gain":0,"max_hp_loss":0,"event_name":"Mushrooms","floor":7,"gold_loss":0},{"damage_healed":0,"gold_gain":0,"player_choice":"Upgraded","damage_taken":0,"max_hp_gain":0,"max_hp_loss":0,"event_name":"Upgrade Shrine","floor":12,"gold_loss":0,"cards_upgraded":["Terror"]}],"is_beta":false,"boss_relics":[],"items_purged_floors":[],"is_endless":false,"potions_floor_spawned":[1,14],"killed_by":"Slime Boss","ascension_level":8}