{"gold_per_floor":[116,41,116,135,151,179,179,194,194,194,194,194,206,8,8,108,158,177,191,208,226,226],"floor_reached":22,"playtime":2074,"items_purged":["Clumsy"],"score":197,"play_id":"dc1397d7-6a1f-4c62-904c-09596db43f7f","local_time":"20181024182705","is_ascension_mode":true,"campfire_choices":[{"floor":7,"key":"REST"},{"data":"Bullet Time","floor":10,"key":"SMITH"},{"floor":12,"key":"REST"},{"data":"Choke","floor":15,"key":"SMITH"}],"neow_cost":"CURSE","seed_source_timestamp":158924926649623,"circlet_count":0,"master_deck":["Defend_G+1","Defend_G","Defend_G","Defend_G","Defend_G","Strike_G","Strike_G","Strike_G","Strike_G","Strike_G","Survivor","Neutralize","Bullet Time+1","Slice","Backflip","Bouncing Flask","Choke+1","Noxious Fumes","Crippling Poison","Adrenaline","Outmaneuver","Leg Sweep+1","Quick Slash+1","Bouncing Flask","Flying Knee+1"],"relics":["Ring of the Snake","Blood Vial","Toolbox","Tiny House"],"potions_floor_usage":[8,18,22],"damage_taken":[{"damage":6,"enemies":"Jaw Worm","floor":1,"turns":6},{"damage":0,"enemies":"Small Slimes","floor":4,"turns":4},{"damage":1,"enemies":"Cultist","floor":5,"turns":4},{"damage":28,"enemies":"Lagavulin","floor":6,"turns":7},{"damage":5,"enemies":"Gremlin Gang","floor":8,"turns":5},{"damage":7,"enemies":"Lots of Slimes","floor":13,"turns":5},{"damage":59,"enemies":"Hexaghost","floor":16,"turns":10},{"damage":25,"enemies":"2 Thieves","floor":18,"turns":4},{"damage":2,"enemies":"Chosen","floor":19,"turns":4},{"damage":11,"enemies":"Snake Plant","floor":20,"turns":4},{"damage":12,"enemies":"Snecko","floor":21,"turns":5},{"damage":35,"enemies":"Sentry and Sphere","floor":22,"turns":5}],"seed_played":"-3989850956804253071","potions_obtained":[{"floor":6,"key":"Energy Potion"},{"floor":13,"key":"FearPotion"},{"floor":16,"key":"Poison Potion"},{"floor":17,"key":"Fire Potion"},{"floor":20,"key":"SteroidPotion"}],"is_trial":false,"path_per_floor":["M","$","?","M","M","E","R","M","T","R","$","R","M","$","R","B",null,"M","M","M","M"],"character_chosen":"THE_SILENT","items_purchased":["Toolbox"],"campfire_rested":2,"item_purchase_floors":[14],"current_hp_per_floor":[64,64,53,53,52,24,45,42,42,42,42,63,58,58,58,1,75,50,50,41,31,0],"gold":226,"neow_bonus":"THREE_RARE_CARDS","is_prod":false,"is_daily":false,"chose_seed":false,"campfire_upgraded":2,"win_rate":0,"timestamp":1540430825,"path_taken":["M","$","?","?","M","E","R","M","T","R","?","R","M","?","R","BOSS","M","M","?","M","?"],"build_version":"2018-10-18","purchased_purges":1,"victory":false,"max_hp_per_floor":[70,70,70,70,70,70,70,70,70,70,70,70,70,70,70,70,75,75,75,75,75,75],"card_choices":[{"not_picked":["Unload","Tools of the Trade"],"picked":"Bullet Time","floor":0},{"not_picked":["Riddle With Holes","Deflect"],"picked":"Slice","floor":1},{"not_picked":["Cloak And Dagger","Endless Agony"],"picked":"Backflip","floor":4},{"not_picked":["Bane","Prepared"],"picked":"Bouncing Flask","floor":5},{"not_picked":["Doppelganger","Underhanded Strike"],"picked":"Choke","floor":6},{"not_picked":["Deflect","Dagger Spray"],"picked":"Noxious Fumes","floor":8},{"not_picked":["Cloak And Dagger","Blade Dance"],"picked":"Crippling Poison","floor":13},{"not_picked":["Night Terror","Doppelganger"],"picked":"Adrenaline","floor":16},{"not_picked":["Choke","Infinite Blades"],"picked":"Outmaneuver","floor":17},{"not_picked":["Endless Agony","Concentrate"],"picked":"Leg Sweep+1","floor":18},{"not_picked":["Deadly Poison","Dodge and Roll"],"picked":"Quick Slash+1","floor":19},{"not_picked":["Quick Slash","Outmaneuver"],"picked":"Bouncing Flask","floor":20},{"not_picked":["Blade Dance","Dagger Throw+1"],"picked":"Flying Knee+1","floor":21}],"player_experience":337529,"relics_obtained":[{"floor":6,"key":"Blood Vial"}],"event_choices":[{"damage_healed":0,"gold_gain":75,"player_choice":"Gather Gold","damage_taken":11,"max_hp_gain":0,"max_hp_loss":0,"event_name":"World of Goop","floor":3,"gold_loss":0}],"is_beta":false,"boss_relics":[{"not_picked":["Astrolabe","Sozu"],"picked":"Tiny House"}],"items_purged_floors":[2],"is_endless":false,"potions_floor_spawned":[6,13,16,20,21],"killed_by":"Sentry and Sphere","ascension_level":1}