{"gold_per_floor":[216,7,24,99,117,146,146,177,177,208,223,242,277,302,302,403,403,415,415,22,22,36,36,63,63,88,88,122,122,133,10,10,107,107,125,140,140,150,166,191,191,203,252,252,252,282,294,305,305,305],"floor_reached":51,"playtime":3256,"items_purged":[],"score":1188,"play_id":"4446e523-651b-4a41-9d43-4afa9bcd72d5","local_time":"20190216211630","is_ascension_mode":true,"campfire_choices":[{"floor":15,"key":"REST"},{"data":"Malaise","floor":23,"key":"SMITH"},{"data":"Backflip","floor":25,"key":"SMITH"},{"data":"Neutralize","floor":27,"key":"SMITH"},{"data":"Cloak And Dagger","floor":32,"key":"SMITH"},{"data":"Storm of Steel","floor":41,"key":"SMITH"},{"data":"Calculated Gamble","floor":44,"key":"SMITH"},{"floor":49,"key":"REST"}],"neow_cost":"NONE","seed_source_timestamp":288702886561100,"circlet_count":0,"master_deck":["Defend_G","Defend_G","Defend_G","Defend_G","Defend_G","Strike_G","Strike_G","Survivor","Neutralize+1","Bane","Bouncing Flask+1","Masterful Stab","PiercingWail+1","Malaise+1","Dash+1","Glass Knife+1","Deadly Poison","Dagger Throw","Blur","PiercingWail","Corpse Explosion","Concentrate+1","Eviscerate+1","Expertise+1","Necronomicurse","Cloak And Dagger+1","Deadly Poison+1","Footwork+1","Infinite Blades+1","Cloak And Dagger+1","Storm of Steel+1","Night Terror+1","Predator+1","Calculated Gamble+1","Cloak And Dagger+1","Cloak And Dagger+1","Decay","A Thousand Cuts+1","Dodge and Roll+1"],"relics":["Ring of the Snake","Ninja Scroll","Potion Belt","Darkstone Periapt","Centennial Puzzle","Whetstone","Odd Mushroom","Necronomicon","Frozen Egg 2","Oddly Smooth Stone","Nloth\u0027s Gift","War Paint","Boot","Kunai","Ornamental Fan","Cursed Key","The Courier","Bag of Preparation","Incense Burner"],"potions_floor_usage":[6,8,8,10,13,14,16,18,50,50,50],"damage_taken":[{"damage":0,"enemies":"Small Slimes","floor":1,"turns":4},{"damage":0,"enemies":"2 Louse","floor":3,"turns":2},{"damage":1,"enemies":"Jaw Worm","floor":5,"turns":3},{"damage":15,"enemies":"Lagavulin","floor":6,"turns":5},{"damage":17,"enemies":"3 Sentries","floor":8,"turns":7},{"damage":7,"enemies":"Gremlin Nob","floor":10,"turns":4},{"damage":1,"enemies":"Gremlin Gang","floor":11,"turns":5},{"damage":0,"enemies":"3 Louse","floor":12,"turns":2},{"damage":0,"enemies":"3 Sentries","floor":13,"turns":8},{"damage":0,"enemies":"The Mushroom Lair","floor":14,"turns":2},{"damage":22,"enemies":"Slime Boss","floor":16,"turns":9},{"damage":12,"enemies":"Shell Parasite","floor":18,"turns":7},{"damage":0,"enemies":"3 Byrds","floor":22,"turns":2},{"damage":6,"enemies":"Book of Stabbing","floor":24,"turns":7},{"damage":10,"enemies":"Slavers","floor":28,"turns":4},{"damage":0,"enemies":"Snecko","floor":30,"turns":3},{"damage":11,"enemies":"Champ","floor":33,"turns":15},{"damage":0,"enemies":"3 Darklings","floor":35,"turns":6},{"damage":0,"enemies":"3 Shapes","floor":36,"turns":1},{"damage":0,"enemies":"Spire Growth","floor":38,"turns":3},{"damage":0,"enemies":"3 Darklings","floor":39,"turns":1},{"damage":19,"enemies":"Reptomancer","floor":40,"turns":8},{"damage":0,"enemies":"4 Shapes","floor":42,"turns":4},{"damage":9,"enemies":"Giant Head","floor":46,"turns":8},{"damage":20,"enemies":"Spire Growth","floor":47,"turns":5},{"damage":1,"enemies":"3 Darklings","floor":48,"turns":5},{"damage":16,"enemies":"Awakened One","floor":50,"turns":13}],"seed_played":"6441923185658478641","potions_obtained":[{"floor":5,"key":"EntropicBrew"},{"floor":11,"key":"SpeedPotion"},{"floor":12,"key":"GhostInAJar"},{"floor":13,"key":"Strength Potion"},{"floor":14,"key":"Fire Potion"},{"floor":18,"key":"Fruit Juice"},{"floor":30,"key":"FearPotion"},{"floor":33,"key":"SneckoOil"},{"floor":36,"key":"SpeedPotion"},{"floor":38,"key":"Fire Potion"},{"floor":42,"key":"Poison Potion"},{"floor":46,"key":"Poison Potion"}],"is_trial":false,"path_per_floor":["M","$","M","?","M","E","?","E","T","E","M","M","E","?","R","B",null,"M","?","$","?","M","R","E","R","T","R","E","?","M","$","R","B",null,"M","M","?","M","M","E","R","M","T","R","?","E","M","M","R","B",null],"character_chosen":"THE_SILENT","items_purchased":["Bouncing Flask","Masterful Stab","Poison Potion","Frozen Egg 2","Oddly Smooth Stone","Infinite Blades+1","Cloak And Dagger"],"campfire_rested":2,"item_purchase_floors":[2,2,2,20,20,31,31],"current_hp_per_floor":[63,63,63,52,51,36,36,19,19,12,11,11,11,11,32,10,55,48,38,38,38,38,38,32,32,32,32,22,22,22,22,22,11,64,64,64,64,64,64,45,45,45,51,51,51,42,22,21,47,31],"gold":305,"neow_bonus":"HUNDRED_GOLD","is_prod":false,"is_daily":false,"chose_seed":false,"campfire_upgraded":6,"win_rate":0,"timestamp":1550348190,"path_taken":["M","$","M","?","M","E","?","E","T","E","M","M","E","?","R","BOSS","M","?","$","?","?","R","E","R","T","R","E","?","M","$","R","BOSS","M","M","?","?","M","E","R","?","T","R","?","E","M","M","R","BOSS"],"build_version":"2019-01-23","purchased_purges":0,"victory":true,"max_hp_per_floor":[70,70,70,70,70,70,70,70,70,70,70,70,70,70,70,70,70,75,81,81,81,81,81,81,81,81,81,81,81,81,81,81,81,81,81,81,81,81,81,81,81,81,87,87,87,87,87,87,87,87],"card_choices":[{"not_picked":["Prepared","Deflect"],"picked":"Bane","floor":1},{"not_picked":["Caltrops","Bouncing Flask"],"picked":"PiercingWail","floor":3},{"not_picked":["Outmaneuver","Underhanded Strike","Bane"],"picked":"SKIP","floor":5},{"not_picked":["Sucker Punch","Underhanded Strike"],"picked":"Malaise","floor":6},{"not_picked":["Dagger Spray","Backflip"],"picked":"Dash","floor":8},{"not_picked":["Calculated Gamble","Slice"],"picked":"Glass Knife","floor":10},{"not_picked":["Accuracy","Bane"],"picked":"Deadly Poison","floor":11},{"not_picked":["Acrobatics","Deflect"],"picked":"Dagger Throw","floor":12},{"not_picked":["Flying Knee","Bane"],"picked":"Blur","floor":13},{"not_picked":["Calculated Gamble","Deflect"],"picked":"PiercingWail","floor":14},{"not_picked":["Phantasmal Killer","Venomology"],"picked":"Corpse Explosion","floor":16},{"not_picked":["Quick Slash","Dash+1"],"picked":"Backflip","floor":18},{"not_picked":["Expertise","Infinite Blades+1"],"picked":"Cloak And Dagger","floor":22},{"not_picked":["Dodge and Roll","A Thousand Cuts+1"],"picked":"Deadly Poison+1","floor":24},{"not_picked":["Die Die Die","Setup"],"picked":"Footwork+1","floor":28},{"not_picked":["Dagger Throw+1","Endless Agony","Flying Knee"],"picked":"SKIP","floor":30},{"not_picked":["Dagger Throw+1","Endless Agony","Flying Knee"],"picked":"SKIP","floor":30},{"not_picked":["Venomology","Bullet Time"],"picked":"Storm of Steel","floor":33},{"not_picked":["Flying Knee+1","Prepared+1"],"picked":"Night Terror","floor":35},{"not_picked":["PiercingWail+1","Footwork+1"],"picked":"Predator+1","floor":36},{"not_picked":["Sucker Punch+1","Slice+1"],"picked":"Calculated Gamble","floor":38},{"not_picked":["Heel Hook","Deadly Poison"],"picked":"Cloak And Dagger+1","floor":39},{"not_picked":["Tactician","Prepared+1","Doppelganger"],"picked":"SKIP","floor":40},{"not_picked":["Underhanded Strike","Poisoned Stab"],"picked":"Cloak And Dagger+1","floor":42},{"not_picked":["Dagger Spray","Prepared+1","Underhanded Strike"],"picked":"SKIP","floor":46},{"not_picked":["Noxious Fumes+1","Expertise+1"],"picked":"A Thousand Cuts+1","floor":47},{"not_picked":["Flying Knee+1","Catalyst"],"picked":"Dodge and Roll+1","floor":48}],"player_experience":441650,"relics_obtained":[{"floor":6,"key":"Ninja Scroll"},{"floor":8,"key":"Potion Belt"},{"floor":9,"key":"Darkstone Periapt"},{"floor":10,"key":"Centennial Puzzle"},{"floor":13,"key":"Whetstone"},{"floor":14,"key":"Odd Mushroom"},{"floor":19,"key":"Necronomicon"},{"floor":24,"key":"War Paint"},{"floor":26,"key":"Boot"},{"floor":28,"key":"Kunai"},{"floor":40,"key":"The Courier"},{"floor":43,"key":"Bag of Preparation"},{"floor":46,"key":"Incense Burner"}],"event_choices":[{"damage_healed":0,"gold_gain":75,"player_choice":"Gather Gold","damage_taken":11,"max_hp_gain":0,"max_hp_loss":0,"event_name":"World of Goop","floor":4,"gold_loss":0},{"damage_healed":0,"gold_gain":0,"player_choice":"Grow","damage_taken":0,"max_hp_gain":0,"max_hp_loss":0,"event_name":"Living Wall","floor":7,"gold_loss":0,"cards_upgraded":["Bouncing Flask"]},{"damage_healed":0,"gold_gain":0,"player_choice":"Fought Mushrooms","damage_taken":0,"max_hp_gain":0,"max_hp_loss":0,"event_name":"Mushrooms","floor":14,"gold_loss":0},{"damage_healed":0,"gold_gain":0,"player_choice":"Obtained Book","damage_taken":16,"max_hp_gain":0,"max_hp_loss":0,"event_name":"Cursed Tome","floor":19,"gold_loss":0},{"damage_healed":0,"gold_gain":0,"player_choice":"Traded Relic","damage_taken":0,"relics_obtained":["Nloth\u0027s Gift"],"max_hp_gain":0,"max_hp_loss":0,"event_name":"N\u0027loth","floor":21,"relics_lost":["Astrolabe"],"gold_loss":0},{"damage_healed":0,"gold_gain":0,"player_choice":"Gave Potion","damage_taken":0,"relics_obtained":["Ornamental Fan"],"max_hp_gain":0,"max_hp_loss":0,"event_name":"WeMeetAgain","floor":29,"gold_loss":0},{"damage_healed":0,"gold_gain":0,"player_choice":"Forge","damage_taken":0,"max_hp_gain":0,"max_hp_loss":0,"event_name":"Accursed Blacksmith","floor":37,"gold_loss":0,"cards_upgraded":["Night Terror"]},{"cards_removed":["Backflip"],"damage_healed":0,"gold_gain":0,"player_choice":"Removed Skill","damage_taken":0,"max_hp_gain":0,"max_hp_loss":0,"event_name":"Falling","floor":45,"gold_loss":0}],"is_beta":false,"boss_relics":[{"not_picked":["HoveringKite","WristBlade"],"picked":"Astrolabe"},{"not_picked":["Snecko Eye","Orrery"],"picked":"Cursed Key"}],"items_purged_floors":[],"is_endless":false,"potions_floor_spawned":[5,11,12,13,14,18,30,33,36,38,42,46],"ascension_level":9}