{"gold_per_floor":[119,136,152,166,181,209,209],"floor_reached":7,"playtime":805,"items_purged":[],"score":55,"play_id":"40e86308-8b25-4158-bc7a-b71152f31f04","local_time":"20190201104904","is_ascension_mode":false,"campfire_choices":[],"neow_cost":"NONE","seed_source_timestamp":214708333491709,"circlet_count":0,"master_deck":["Strike_B","Strike_B","Strike_B","Strike_B","Defend_B","Defend_B","Defend_B","Defend_B","Zap","Dualcast","Pain","Parasite","Shame","Gash","Defragment","Defragment","Go for the Eyes","Leap","Auto Shields"],"relics":["Calling Bell","Blood Vial","Mercury Hourglass","Calipers","Darkstone Periapt"],"potions_floor_usage":[6,6],"damage_taken":[{"damage":4,"enemies":"Cultist","floor":1,"turns":3},{"damage":6,"enemies":"2 Louse","floor":2,"turns":2},{"damage":5,"enemies":"Jaw Worm","floor":3,"turns":4},{"damage":24,"enemies":"Blue Slaver","floor":4,"turns":5},{"damage":13,"enemies":"2 Fungi Beasts","floor":5,"turns":4},{"damage":26,"enemies":"Lagavulin","floor":6,"turns":7},{"damage":17,"enemies":"Exordium Thugs","floor":7,"turns":4}],"seed_played":"7455593044310255293","potions_obtained":[{"floor":1,"key":"SkillPotion"},{"floor":3,"key":"EssenceOfSteel"},{"floor":5,"key":"FairyPotion"}],"is_trial":false,"path_per_floor":[],"character_chosen":"DEFECT","items_purchased":[],"campfire_rested":0,"item_purchase_floors":[],"current_hp_per_floor":[71,67,64,42,31,7,0],"gold":209,"neow_bonus":"BOSS_RELIC","is_prod":false,"is_daily":false,"chose_seed":false,"campfire_upgraded":0,"win_rate":0.0,"timestamp":1548992944,"path_taken":["M","M","M","M","M","E","M"],"build_version":"2019-01-23","purchased_purges":0,"victory":false,"max_hp_per_floor":[75,75,75,75,75,75,75],"card_choices":[{"not_picked":["Ball Lightning","Turbo"],"picked":"Gash","floor":1},{"not_picked":["Stack","Aggregate"],"picked":"Defragment","floor":2},{"not_picked":["Beam Cell","Force Field"],"picked":"Defragment","floor":3},{"not_picked":["Conserve Battery","Stack"],"picked":"Go for the Eyes","floor":4},{"not_picked":["Rebound","Compile Driver"],"picked":"Leap","floor":5},{"not_picked":["Rebound","Aggregate"],"picked":"Auto Shields","floor":6}],"player_experience":51834,"relics_obtained":[{"floor":0,"key":"Blood Vial"},{"floor":0,"key":"Mercury Hourglass"},{"floor":0,"key":"Calipers"},{"floor":6,"key":"Darkstone Periapt"}],"event_choices":[],"is_beta":false,"boss_relics":[],"items_purged_floors":[],"is_endless":false,"potions_floor_spawned":[1,3,5],"killed_by":"Exordium Thugs","ascension_level":0}