{"path_per_floor":["M","$","M","M","?","E","M","R","T","M","?","E","M","E","R","B",null,"M","$","M","M","M","R","E","?","T","M","M","R","$","M","R","B",null,"M","?","M","M"],"character_chosen":"THE_SILENT","items_purchased":["Dagger Spray","Frozen Egg 2","Toxic Egg 2","Poisoned Stab"],"gold_per_floor":[109,84,103,116,191,219,235,235,235,255,255,290,309,344,344,446,446,465,42,53,71,82,82,117,117,168,182,197,197,197,216,216,311,311,331,331,345,361],"floor_reached":39,"campfire_rested":4,"playtime":3892,"current_hp_per_floor":[67,67,67,67,56,46,46,46,46,41,41,47,47,19,44,44,84,57,57,47,26,11,36,29,35,41,35,22,52,52,51,81,28,103,85,75,55,7],"items_purged":[],"gold":361,"play_id":"7fb73a29-9c74-4475-9ff1-d034c8356927","is_prod":false,"is_daily":false,"is_ascension_mode":false,"campfire_upgraded":1,"path_taken":["M","$","M","M","?","E","M","R","T","M","?","E","M","E","R","BOSS","M","$","M","?","M","R","E","?","T","M","M","R","?","M","R","BOSS","M","?","M","M","M"],"build_version":"2018-02-01-PROD3","purchased_purges":0,"victory":false,"master_deck":["Defend_G","Defend_G","Defend_G","Defend_G","Strike_G","Strike_G","Strike_G","Strike_G","Strike_G","Survivor","Neutralize","Deflect","Dagger Spray","Backstab","Dash","Sucker Punch+1","Outmaneuver","Poisoned Stab","Malaise","Backstab","Bullet Time","Sucker Punch","Poisoned Stab","Malaise+1","Backflip+1","Terror+1","Dodge and Roll+1","Writhe","Writhe","Escape Plan+1","Distraction+1","Flying Knee","Adrenaline+1","Dagger Throw","Madness+1","Madness+1","Sucker Punch+1","Caltrops+1"],"max_hp_per_floor":[70,70,70,70,70,70,70,70,70,70,70,84,84,84,84,84,84,84,84,84,84,84,84,91,97,103,103,103,103,103,103,103,103,103,103,103,103,103],"relics":["Ring of the Snake","Bronze Scales","The Courier","Mango","Darkstone Periapt","Cursed Key","Frozen Egg 2","Toxic Egg 2","Strawberry","Centennial Puzzle","Oddly Smooth Stone","Runic Pyramid"],"card_choices":[{"not_picked":["Acrobatics","Bane"],"picked":"Deflect"},{"not_picked":["Distraction","Cloak And Dagger"],"picked":"Backstab"},{"not_picked":["Bane","Backstab"],"picked":"Dash"},{"not_picked":["Deadly Poison","Deflect"],"picked":"Sucker Punch"},{"not_picked":["Riddle With Holes","Heel Hook"],"picked":"Outmaneuver"},{"not_picked":["Slice","Concentrate"],"picked":"Poisoned Stab"},{"not_picked":["Well Laid Plans","Choke"],"picked":"Malaise"},{"not_picked":["Wraith Form","Catalyst"],"picked":"Backstab"},{"not_picked":["Die Die Die","Burst"],"picked":"Bullet Time"},{"not_picked":["Underhanded Strike","Acrobatics"],"picked":"Sucker Punch"},{"not_picked":["Deadly Poison","Dagger Spray"],"picked":"Malaise"},{"not_picked":["PiercingWail","Calculated Gamble"],"picked":"Backflip"},{"not_picked":["Predator","Quick Slash"],"picked":"Terror"},{"not_picked":["Dagger Throw","Eviscerate"],"picked":"Dodge and Roll"},{"not_picked":["Dagger Spray","Underhanded Strike"],"picked":"Escape Plan"},{"not_picked":["Endless Agony","Well Laid Plans"],"picked":"Distraction"},{"not_picked":["Underhanded Strike","Quick Slash"],"picked":"Flying Knee"},{"not_picked":["Night Terror","Corpse Explosion"],"picked":"Adrenaline"},{"not_picked":["Prepared","Slice"],"picked":"Dagger Throw"},{"not_picked":["Deadly Poison","Deflect"],"picked":"Sucker Punch"},{"not_picked":["PiercingWail","Dagger Throw"],"picked":"Caltrops"}],"player_experience":154480,"potions_floor_usage":[37],"damage_taken":[{"damage":3.0,"enemies":"Jaw Worm","floor":1.0,"turns":6.0},{"damage":0.0,"enemies":"Small Slimes","floor":3.0,"turns":4.0},{"damage":0.0,"enemies":"Blue Slaver","floor":4.0,"turns":3.0},{"damage":10.0,"enemies":"Gremlin Nob","floor":6.0,"turns":5.0},{"damage":0.0,"enemies":"2 Fungi Beasts","floor":7.0,"turns":3.0},{"damage":5.0,"enemies":"Gremlin Gang","floor":10.0,"turns":4.0},{"damage":8.0,"enemies":"3 Sentries","floor":12.0,"turns":6.0},{"damage":0.0,"enemies":"Lots of Slimes","floor":13.0,"turns":3.0},{"damage":28.0,"enemies":"Lagavulin","floor":14.0,"turns":7.0},{"damage":0.0,"enemies":"Hexaghost","floor":16.0,"turns":9.0},{"damage":27.0,"enemies":"2 Thieves","floor":18.0,"turns":4.0},{"damage":10.0,"enemies":"Chosen","floor":20.0,"turns":4.0},{"damage":21.0,"enemies":"Centurion and Healer","floor":21.0,"turns":7.0},{"damage":15.0,"enemies":"Snecko","floor":22.0,"turns":6.0},{"damage":14.0,"enemies":"Gremlin Leader","floor":24.0,"turns":9.0},{"damage":6.0,"enemies":"3 Cultists","floor":27.0,"turns":6.0},{"damage":13.0,"enemies":"Sentry and Sphere","floor":28.0,"turns":10.0},{"damage":1.0,"enemies":"Snecko","floor":31.0,"turns":7.0},{"damage":53.0,"enemies":"Collector","floor":33.0,"turns":13.0},{"damage":18.0,"enemies":"Orb Walker","floor":35.0,"turns":4.0},{"damage":20,"enemies":"3 Shapes","floor":37,"turns":7},{"damage":48,"enemies":"Sphere and 2 Shapes","floor":38,"turns":9},{"damage":9,"enemies":"Maw","floor":39,"turns":4}],"event_choices":[{"event_name":"World of Goop","player_choice":"Gather Gold","floor":5.0,"damage_taken":0.0},{"event_name":"Bonfire Elementals","player_choice":"BASIC","floor":11.0,"damage_taken":0.0},{"event_name":"The Mausoleum","player_choice":"Yes","floor":25.0,"damage_taken":0.0},{"event_name":"Winding Halls","player_choice":"Embrace Madness","floor":36.0,"damage_taken":0.0}],"boss_relics":[],"potions_floor_spawned":[4,7,13,14,16,18,22,24,31,35,38],"seed_played":"6952395350252202095","killed_by":"Maw","ascension_level":0,"is_trial":false}