{"gold_per_floor":[118,118,118,118,118,118,146,119,119,144,162,162,181,193,193,290,290,300,300,225,190,190,215,226,226,249,296,316,346,88,108,108,108],"floor_reached":33,"playtime":1547,"items_purged":[],"score":358,"play_id":"55f160cb-c771-4477-9d6e-20bd0ed405d0","local_time":"20181024151655","is_ascension_mode":true,"campfire_choices":[{"data":"Adrenaline","floor":6,"key":"SMITH"},{"data":"Survivor","floor":12,"key":"SMITH"},{"data":"Neutralize","floor":15,"key":"SMITH"},{"floor":25,"key":"REST"},{"floor":32,"key":"REST"}],"neow_cost":"NONE","seed_source_timestamp":148040871171728,"circlet_count":0,"master_deck":["Defend_G","Defend_G","Defend_G","Defend_G","Strike_G","Strike_G","Strike_G","Strike_G","Strike_G","Survivor+1","Neutralize+1","Sucker Punch","Flying Knee","Adrenaline+1","Quick Slash","Deadly Poison","Blur","Sucker Punch+1","Dagger Throw+1","Slice+1","Die Die Die+1","Dodge and Roll","Dagger Spray+1","Caltrops","Dagger Spray+1","Dagger Spray+1","Distraction+1","Slice+1","Burst"],"relics":["Ring of the Snake","NeowsBlessing","Blue Candle","GremlinMask","Juzu Bracelet","Molten Egg 2","Ancient Tea Set","White Beast Statue","StoneCalendar","Snake Skull","Happy Flower","Lantern","Mercury Hourglass"],"potions_floor_usage":[16,16,23,24,29,33,33],"damage_taken":[{"damage":0,"enemies":"Jaw Worm","floor":1,"turns":1},{"damage":0,"enemies":"Lagavulin","floor":7,"turns":1},{"damage":0,"enemies":"3 Sentries","floor":10,"turns":1},{"damage":2,"enemies":"2 Louse","floor":11,"turns":2},{"damage":0,"enemies":"Cultist","floor":13,"turns":3},{"damage":0,"enemies":"Looter","floor":14,"turns":3},{"damage":14,"enemies":"Slime Boss","floor":16,"turns":8},{"damage":0,"enemies":"Chosen","floor":18,"turns":4},{"damage":42,"enemies":"Slavers","floor":23,"turns":6},{"damage":0,"enemies":"Spheric Guardian","floor":24,"turns":3},{"damage":11,"enemies":"Centurion and Healer","floor":28,"turns":7},{"damage":23,"enemies":"Book of Stabbing","floor":29,"turns":4},{"damage":1,"enemies":"Cultist and Chosen","floor":31,"turns":3},{"damage":65,"enemies":"Automaton","floor":33,"turns":6}],"seed_played":"1633079526989838179","potions_obtained":[{"floor":11,"key":"Swift Potion"},{"floor":14,"key":"Energy Potion"},{"floor":18,"key":"Regen Potion"},{"floor":23,"key":"Fire Potion"},{"floor":24,"key":"Explosive Potion"},{"floor":28,"key":"Explosive Potion"},{"floor":29,"key":"SkillPotion"},{"floor":31,"key":"SteroidPotion"}],"is_trial":false,"path_per_floor":["M","$","?","?","?","R","E","$","T","E","M","R","M","M","R","B",null,"M","?","?","$","?","E","M","R","T","T","M","E","$","M","R"],"character_chosen":"THE_SILENT","items_purchased":["Deadly Poison","Caltrops","Mercury Hourglass"],"campfire_rested":2,"item_purchase_floors":[8,21,30],"current_hp_per_floor":[70,70,67,67,67,67,67,67,67,67,65,65,65,65,65,51,70,70,70,70,70,57,29,29,51,51,51,40,17,17,16,38,0],"gold":108,"neow_bonus":"THREE_ENEMY_KILL","is_prod":false,"is_daily":false,"chose_seed":false,"campfire_upgraded":3,"win_rate":0,"timestamp":1540419415,"path_taken":["M","$","?","?","?","R","E","?","T","E","M","R","M","M","R","BOSS","M","?","?","$","?","E","M","R","T","?","M","E","$","M","R","BOSS"],"build_version":"2018-10-18","purchased_purges":0,"victory":false,"max_hp_per_floor":[70,70,70,70,70,70,70,70,70,70,70,70,70,70,70,70,70,70,70,70,70,75,75,75,75,75,75,75,75,75,75,75,75],"card_choices":[{"not_picked":["Deflect","Setup"],"picked":"Sucker Punch","floor":1},{"not_picked":["Blade Dance","Concentrate"],"picked":"Quick Slash","floor":7},{"not_picked":["Concentrate","Infinite Blades"],"picked":"Blur","floor":10},{"not_picked":["Acrobatics","Infinite Blades"],"picked":"Sucker Punch+1","floor":11},{"not_picked":["Expertise","Deflect"],"picked":"Dagger Throw+1","floor":13},{"not_picked":["Finisher+1","Acrobatics"],"picked":"Slice+1","floor":14},{"not_picked":["A Thousand Cuts","After Image"],"picked":"Die Die Die+1","floor":16},{"not_picked":["Bouncing Flask+1","Concentrate+1"],"picked":"Dodge and Roll","floor":18},{"not_picked":["Endless Agony+1","Quick Slash+1"],"picked":"Dagger Spray+1","floor":23},{"not_picked":["Cloak And Dagger","Calculated Gamble+1"],"picked":"Dagger Spray+1","floor":24},{"not_picked":["Slice+1","Underhanded Strike+1"],"picked":"Distraction+1","floor":28},{"not_picked":["Deflect","Cloak And Dagger+1"],"picked":"Slice+1","floor":29},{"not_picked":["Flying Knee+1","Prepared"],"picked":"Burst","floor":31}],"player_experience":327540,"relics_obtained":[{"floor":7,"key":"Juzu Bracelet"},{"floor":9,"key":"Molten Egg 2"},{"floor":10,"key":"Ancient Tea Set"},{"floor":23,"key":"StoneCalendar"},{"floor":26,"key":"Snake Skull"},{"floor":27,"key":"Happy Flower"},{"floor":29,"key":"Lantern"}],"event_choices":[{"damage_healed":0,"gold_gain":0,"player_choice":"Success","damage_taken":3,"relics_obtained":["Blue Candle"],"max_hp_gain":0,"max_hp_loss":0,"event_name":"Scrap Ooze","floor":3,"gold_loss":0},{"damage_healed":0,"gold_gain":0,"player_choice":"Trade","damage_taken":0,"relics_obtained":["GremlinMask"],"max_hp_gain":0,"max_hp_loss":0,"event_name":"FaceTrader","floor":4,"gold_loss":0},{"damage_healed":0,"gold_gain":0,"player_choice":"2 cards matched","damage_taken":0,"max_hp_gain":0,"max_hp_loss":0,"event_name":"Match and Keep!","floor":5,"gold_loss":0,"cards_obtained":["Flying Knee","Adrenaline"]},{"damage_healed":0,"gold_gain":0,"player_choice":"Read","damage_taken":0,"max_hp_gain":0,"max_hp_loss":0,"event_name":"The Library","floor":19,"gold_loss":0,"cards_obtained":["Dagger Spray"]},{"cards_removed":["Defend_G"],"damage_healed":0,"gold_gain":0,"player_choice":"Gave Gold","damage_taken":0,"max_hp_gain":0,"max_hp_loss":0,"event_name":"Beggar","floor":20,"gold_loss":75},{"damage_healed":0,"gold_gain":0,"player_choice":"Shed Blood","damage_taken":18,"max_hp_gain":5,"max_hp_loss":0,"event_name":"Forgotten Altar","floor":22,"gold_loss":0}],"is_beta":false,"boss_relics":[{"not_picked":["Ectoplasm","Runic Dome"],"picked":"White Beast Statue"}],"items_purged_floors":[],"is_endless":false,"potions_floor_spawned":[11,14,18,23,24,28,29,31],"killed_by":"Automaton","ascension_level":1}