{"gold_per_floor":[118,68,82,82,7,34,34,61,61,74,74,89,105,123,123,219,219,235,235,251,151,166,166,184,184,184,202,202,222,222,238,238,337,337,356,376,182,202,52,52,62,62,88,107,125,138,138,154,154,154],"floor_reached":51,"playtime":20003,"items_purged":["Strike_G","Strike_G","Strike_G","Strike_G"],"score":642,"play_id":"0a45a656-08e0-4d2b-ae35-06f4048158ab","local_time":"20190218001706","is_ascension_mode":false,"campfire_choices":[{"data":"Survivor","floor":7.0,"key":"SMITH"},{"data":"Deadly Poison","floor":11.0,"key":"SMITH"},{"data":"Bane","floor":15.0,"key":"SMITH"},{"data":"Wraith Form v2","floor":23.0,"key":"SMITH"},{"data":"Backflip","floor":25.0,"key":"SMITH"},{"data":"Neutralize","floor":30.0,"key":"SMITH"},{"floor":32,"key":"REST"},{"data":"Well Laid Plans","floor":40,"key":"SMITH"},{"data":"Blur","floor":42,"key":"SMITH"},{"floor":49,"key":"REST"}],"neow_cost":"NONE","seed_source_timestamp":97921627156291,"circlet_count":0,"master_deck":["Defend_G","Defend_G","Defend_G","Defend_G","Strike_G","Survivor+1","Neutralize+1","Deadly Poison","Poisoned Stab","Poisoned Stab","Deadly Poison+1","Well Laid Plans+1","Backflip+1","Bane+1","Wraith Form v2+1","PiercingWail+1","Bouncing Flask","Deflect+1","Escape Plan","PiercingWail","Noxious Fumes+1","Night Terror","Catalyst","Blur+1","Blur","Parasite","Well Laid Plans+1","Madness","Madness"],"special_seed":0,"relics":["Ring of the Snake","NeowsBlessing","Mercury Hourglass","Bottled Flame","Anchor","Orrery","Question Card","Sozu","Regal Pillow"],"potions_floor_usage":[33,33],"damage_taken":[{"damage":0.0,"enemies":"2 Louse","floor":1.0,"turns":1.0},{"damage":0.0,"enemies":"Jaw Worm","floor":3.0,"turns":1.0},{"damage":0.0,"enemies":"Gremlin Nob","floor":6.0,"turns":1.0},{"damage":13.0,"enemies":"3 Sentries","floor":8.0,"turns":6.0},{"damage":1.0,"enemies":"Cultist","floor":10.0,"turns":3.0},{"damage":0.0,"enemies":"3 Louse","floor":12.0,"turns":2.0},{"damage":1.0,"enemies":"Lots of Slimes","floor":13.0,"turns":3.0},{"damage":0.0,"enemies":"Looter","floor":14.0,"turns":3.0},{"damage":27.0,"enemies":"The Guardian","floor":16.0,"turns":9.0},{"damage":5.0,"enemies":"2 Thieves","floor":18.0,"turns":4.0},{"damage":9.0,"enemies":"Spheric Guardian","floor":20.0,"turns":4.0},{"damage":2.0,"enemies":"Centurion and Healer","floor":22.0,"turns":6.0},{"damage":0.0,"enemies":"Chosen and Byrds","floor":24.0,"turns":6.0},{"damage":3.0,"enemies":"Snake Plant","floor":27.0,"turns":4.0},{"damage":0.0,"enemies":"Cultist and Chosen","floor":29.0,"turns":6.0},{"damage":3.0,"enemies":"3 Cultists","floor":31.0,"turns":6.0},{"damage":47,"enemies":"Collector","floor":33,"turns":10},{"damage":6,"enemies":"3 Darklings","floor":35,"turns":6},{"damage":0,"enemies":"3 Shapes","floor":36,"turns":3},{"damage":3,"enemies":"Spire Growth","floor":38,"turns":7},{"damage":3,"enemies":"4 Shapes","floor":41,"turns":6},{"damage":0,"enemies":"Writhing Mass","floor":44,"turns":8},{"damage":13,"enemies":"Sphere and 2 Shapes","floor":45,"turns":5},{"damage":3,"enemies":"Maw","floor":46,"turns":8},{"damage":1,"enemies":"Jaw Worm Horde","floor":48,"turns":4},{"damage":39,"enemies":"Awakened One","floor":50,"turns":17}],"seed_played":"3719673131903312630","potions_obtained":[{"floor":3.0,"key":"FearPotion"},{"floor":6.0,"key":"AttackPotion"},{"floor":13.0,"key":"FairyPotion"},{"floor":18.0,"key":"GamblersBrew"},{"floor":29.0,"key":"FearPotion"},{"floor":31.0,"key":"SpeedPotion"}],"is_trial":false,"path_per_floor":["M","?","M","?","$","E","R","E","T","M","R","M","M","M","R","B",null,"M","?","M","$","M","R","M","R","T","M","?","M","R","M","R","B",null,"M","M","$","M","$","R","M","R","T","M","M","M","?","M","R","B",null],"character_chosen":"THE_SILENT","items_purchased":["Blur"],"campfire_rested":2,"item_purchase_floors":[37],"current_hp_per_floor":[70,70,70,70,70,70,70,57,57,56,56,56,55,55,55,28,70,65,65,56,56,54,54,54,54,54,51,44,44,44,41,62,15,70,64,64,64,61,61,61,58,58,58,58,45,42,33,32,68,29],"gold":154,"neow_bonus":"THREE_ENEMY_KILL","is_prod":false,"is_daily":false,"chose_seed":false,"campfire_upgraded":8,"win_rate":0,"timestamp":1550416626,"path_taken":["M","?","M","?","?","E","R","E","T","M","R","M","M","M","R","BOSS","M","?","M","$","M","R","M","R","T","?","?","M","R","?","R","BOSS","M","M","$","M","$","R","M","R","T","M","M","M","?","M","R","BOSS"],"build_version":"2019-01-23","purchased_purges":4,"victory":true,"max_hp_per_floor":[70,70,70,70,70,70,70,70,70,70,70,70,70,70,70,70,70,70,70,70,70,70,70,70,70,70,70,70,70,70,70,70,70,70,70,70,70,70,70,70,70,70,70,70,70,70,70,70,70,70],"card_choices":[{"not_picked":["Flying Knee","Catalyst","Tactician"],"picked":"SKIP","floor":1.0},{"not_picked":["Quick Slash","Flying Knee"],"picked":"Deadly Poison","floor":3.0},{"not_picked":["Quick Slash","Terror"],"picked":"Poisoned Stab","floor":6.0},{"not_picked":["Acrobatics","Storm of Steel"],"picked":"Poisoned Stab","floor":8.0},{"not_picked":["Poisoned Stab","Underhanded Strike"],"picked":"Deadly Poison","floor":10.0},{"not_picked":["Dodge and Roll","Dagger Throw"],"picked":"Well Laid Plans","floor":12.0},{"not_picked":["Dagger Throw","Prepared"],"picked":"Backflip","floor":13.0},{"not_picked":["Prepared","Sucker Punch"],"picked":"Bane","floor":14.0},{"not_picked":["Storm of Steel","Tools of the Trade"],"picked":"Wraith Form v2","floor":16.0},{"not_picked":["Dash","Accuracy+1"],"picked":"PiercingWail+1","floor":18.0},{"not_picked":["Doppelganger","Flechettes","Accuracy"],"picked":"SKIP","floor":20.0},{"not_picked":["Blade Dance","Sucker Punch"],"picked":"Deflect+1","floor":22.0},{"not_picked":["Acrobatics","Outmaneuver+1","Dash"],"picked":"SKIP","floor":24.0},{"not_picked":["Slice","Reflex","Expertise"],"picked":"Escape Plan","floor":27.0},{"not_picked":["Underhanded Strike","Heel Hook","Slice+1"],"picked":"PiercingWail","floor":29.0},{"not_picked":["Dagger Spray","Slice+1","Envenom"],"picked":"Noxious Fumes+1","floor":31.0},{"not_picked":["Unload","Envenom","Bullet Time"],"picked":"Night Terror","floor":33},{"not_picked":["Skewer","Dagger Throw+1","Caltrops","Dagger Spray"],"picked":"SKIP","floor":35},{"not_picked":["Dagger Throw+1","Cloak And Dagger+1","Dagger Spray"],"picked":"Catalyst","floor":36},{"not_picked":["Dagger Spray","Bane","Masterful Stab+1","Acrobatics+1"],"picked":"SKIP","floor":38},{"not_picked":["Flying Knee+1","Blade Dance","Deflect+1"],"picked":"Blur","floor":41},{"not_picked":["Blade Dance+1","Caltrops","Riddle With Holes","Deadly Poison"],"picked":"SKIP","floor":44},{"not_picked":["Quick Slash+1","Backflip","Storm of Steel"],"picked":"Well Laid Plans+1","floor":45},{"not_picked":["Dagger Spray","Underhanded Strike","PiercingWail","Outmaneuver"],"picked":"SKIP","floor":46},{"not_picked":["Noxious Fumes+1","Predator+1","Doppelganger","Sucker Punch+1"],"picked":"SKIP","floor":48},{"not_picked":["Noxious Fumes+1","Predator+1","Doppelganger","Sucker Punch+1"],"picked":"SKIP","floor":48}],"player_experience":183600,"relics_obtained":[{"floor":6.0,"key":"Mercury Hourglass"},{"floor":8.0,"key":"Bottled Flame"},{"floor":9.0,"key":"Anchor"},{"floor":26.0,"key":"Question Card"},{"floor":43,"key":"Regal Pillow"}],"event_choices":[{"cards_removed":["Defend_G"],"damage_healed":0.0,"max_hp_gain":0.0,"max_hp_loss":0.0,"gold_gain":0.0,"event_name":"The Cleric","player_choice":"Card Removal","floor":2.0,"gold_loss":50.0,"damage_taken":0.0},{"damage_healed":0.0,"max_hp_gain":0.0,"max_hp_loss":0.0,"gold_gain":0.0,"event_name":"Scrap Ooze","player_choice":"Fled","floor":4.0,"gold_loss":0.0,"damage_taken":0.0},{"damage_healed":0.0,"max_hp_gain":0.0,"max_hp_loss":0.0,"gold_gain":0.0,"event_name":"Match and Keep!","player_choice":"1 cards matched","floor":19.0,"gold_loss":0.0,"damage_taken":0.0,"cards_obtained":["Bouncing Flask"]},{"damage_healed":0.0,"max_hp_gain":0.0,"max_hp_loss":0.0,"gold_gain":0.0,"event_name":"Knowing Skull","player_choice":"","floor":28.0,"potions_obtained":[],"gold_loss":0.0,"damage_taken":7.0,"cards_obtained":[]},{"damage_healed":0,"gold_gain":0,"player_choice":"Embrace Madness","damage_taken":9,"max_hp_gain":0,"max_hp_loss":0,"event_name":"Winding Halls","floor":47,"gold_loss":0,"cards_obtained":["Madness","Madness"]}],"is_beta":false,"boss_relics":[{"not_picked":["WristBlade","Ectoplasm"],"picked":"Orrery"},{"not_picked":["Coffee Dripper","Astrolabe"],"picked":"Sozu"}],"items_purged_floors":[5,21,37,39],"is_endless":false,"potions_floor_spawned":[3,6,13,18,29,31,38,44,45,46],"ascension_level":0}