{"gold_per_floor":[119,119,44,44,44,44,44,54,54,54,67,67,83,118,118,118],"floor_reached":16,"playtime":451,"items_purged":["Strike_R"],"score":191,"play_id":"18a5ba19-1700-40d8-87ad-0840a1c349cb","local_time":"20190206225942","is_ascension_mode":true,"campfire_choices":[{"data":"Searing Blow","floor":7,"key":"SMITH"},{"data":"Searing Blow+1","floor":10,"key":"SMITH"},{"data":"Searing Blow+2","floor":12,"key":"SMITH"},{"data":"Searing Blow+3","floor":15,"key":"SMITH"}],"neow_cost":"NONE","seed_source_timestamp":13803204789400,"circlet_count":0,"master_deck":["AscendersBane","Strike_R","Strike_R","Strike_R","Defend_R","Defend_R","Defend_R","Defend_R","Bash","Searing Blow+4","Headbutt","Battle Trance"],"relics":["Burning Blood","NeowsBlessing","Du-Vu Doll","Calipers","Bottled Lightning","Anchor"],"potions_floor_usage":[16,16],"damage_taken":[{"damage":0,"enemies":"Jaw Worm","floor":1,"turns":1},{"damage":0,"enemies":"2 Louse","floor":8,"turns":1},{"damage":0,"enemies":"Small Slimes","floor":11,"turns":1},{"damage":2,"enemies":"Looter","floor":13,"turns":3},{"damage":25,"enemies":"3 Sentries","floor":14,"turns":6},{"damage":40,"enemies":"Slime Boss","floor":16,"turns":7}],"seed_played":"3255889299472114800","potions_obtained":[{"floor":13,"key":"Energy Potion"},{"floor":14,"key":"PowerPotion"}],"is_trial":false,"path_per_floor":["M","?","$","?","?","T","R","M","T","R","M","R","M","E","R","B"],"character_chosen":"IRONCLAD","items_purchased":[],"campfire_rested":0,"item_purchase_floors":[],"current_hp_per_floor":[74,67,67,72,46,46,46,52,52,52,58,58,62,43,43,3],"gold":118,"neow_bonus":"THREE_ENEMY_KILL","is_prod":false,"is_daily":false,"chose_seed":false,"campfire_upgraded":4,"win_rate":0,"timestamp":1549490382,"path_taken":["M","?","$","?","?","?","R","M","T","R","?","R","M","E","R","BOSS"],"build_version":"2019-01-23","purchased_purges":1,"victory":false,"max_hp_per_floor":[75,75,75,80,80,80,80,80,80,80,80,80,80,80,80,80],"card_choices":[{"not_picked":["Flex","Clothesline"],"picked":"Searing Blow","floor":1},{"not_picked":["Rupture","Dropkick","Rampage"],"picked":"SKIP","floor":8},{"not_picked":["Flex","Entrench"],"picked":"Headbutt","floor":11},{"not_picked":["Headbutt","Perfected Strike"],"picked":"Battle Trance","floor":13},{"not_picked":["Bludgeon","Bloodletting","Cleave"],"picked":"SKIP","floor":14}],"player_experience":341047,"relics_obtained":[{"floor":6,"key":"Calipers"},{"floor":9,"key":"Bottled Lightning"},{"floor":14,"key":"Anchor"}],"event_choices":[{"cards_removed":["Strike_R"],"damage_healed":0,"gold_gain":0,"player_choice":"Card Removal","damage_taken":7,"max_hp_gain":0,"max_hp_loss":0,"event_name":"Golden Wing","floor":2,"gold_loss":0},{"damage_healed":0,"gold_gain":0,"player_choice":"Donut","damage_taken":0,"max_hp_gain":5,"max_hp_loss":0,"event_name":"Big Fish","floor":4,"gold_loss":0},{"damage_healed":0,"gold_gain":0,"player_choice":"Success","damage_taken":26,"relics_obtained":["Du-Vu Doll"],"max_hp_gain":0,"max_hp_loss":0,"event_name":"Scrap Ooze","floor":5,"gold_loss":0}],"is_beta":false,"boss_relics":[],"items_purged_floors":[3],"is_endless":false,"potions_floor_spawned":[13,14],"killed_by":"Slime Boss","ascension_level":19}