{"gold_per_floor":[109,120,136,136,136,169,169,185,211,238,257,276,288,288,288,385,385,350,78,177,177,197,197,225,225,297,316,345,345],"floor_reached":29,"playtime":3949,"items_purged":["Defend_B"],"score":315,"play_id":"11d27eba-4667-4136-8ed8-2cde466a0a46","local_time":"20181016002525","is_ascension_mode":true,"campfire_choices":[{"floor":7,"key":"REST"},{"floor":15,"key":"REST"},{"floor":23,"key":"REST"},{"floor":25,"key":"REST"}],"neow_cost":"NONE","seed_source_timestamp":868596762873462,"circlet_count":0,"master_deck":["Strike_B","Strike_B","Defend_B","Zap","Dualcast","Multi-Cast","Leap+1","Cold Snap","Leap+1","Stack","Blizzard","Coolheaded","Conserve Battery","Buffer","Reboot","Auto Shields+1","Blizzard","FTL","Capacitor","Double Energy+1","Redo+1","Echo Form"],"relics":["Cracked Core","Boot","Happy Flower","Regal Pillow","Empty Cage","Matryoshka","Ancient Tea Set","Pear","Symbiotic Virus"],"potions_floor_usage":[6,16,24,28,28,28,29],"damage_taken":[{"damage":0,"enemies":"Small Slimes","floor":1,"turns":3},{"damage":1,"enemies":"2 Louse","floor":2,"turns":3},{"damage":0,"enemies":"Jaw Worm","floor":3,"turns":3},{"damage":38,"enemies":"Gremlin Nob","floor":6,"turns":8},{"damage":7,"enemies":"Red Slaver","floor":8,"turns":4},{"damage":0,"enemies":"3 Sentries","floor":10,"turns":9},{"damage":7,"enemies":"3 Louse","floor":11,"turns":4},{"damage":0,"enemies":"Looter","floor":12,"turns":4},{"damage":0,"enemies":"Large Slime","floor":13,"turns":8},{"damage":2,"enemies":"Slime Boss","floor":16,"turns":19},{"damage":24,"enemies":"2 Thieves","floor":18,"turns":5},{"damage":26,"enemies":"Chosen","floor":22,"turns":8},{"damage":43,"enemies":"Gremlin Leader","floor":24,"turns":10},{"damage":13,"enemies":"Snecko","floor":27,"turns":10},{"damage":40,"enemies":"Book of Stabbing","floor":28,"turns":11},{"damage":25,"enemies":"3 Cultists","floor":29,"turns":5}],"seed_played":"1029003629626409362","potions_obtained":[{"floor":2,"key":"Swift Potion"},{"floor":3,"key":"Weak Potion"},{"floor":11,"key":"SpeedPotion"},{"floor":12,"key":"GamblersBrew"},{"floor":16,"key":"Energy Potion"},{"floor":22,"key":"AttackPotion"},{"floor":27,"key":"SpeedPotion"},{"floor":28,"key":"Poison Potion"}],"is_trial":false,"path_per_floor":["M","M","M","?","?","E","R","M","T","E","M","M","M","?","R","B",null,"M","$","?","$","M","R","E","R","T","M","E"],"character_chosen":"DEFECT","items_purchased":["Blizzard","FTL","Capacitor"],"campfire_rested":4,"item_purchase_floors":[19,19,19],"current_hp_per_floor":[75,74,74,67,52,14,36,29,29,29,22,22,22,22,59,57,75,51,51,51,51,25,62,19,56,66,53,13,0],"gold":345,"neow_bonus":"ONE_RANDOM_RARE_CARD","is_prod":false,"is_daily":false,"chose_seed":false,"campfire_upgraded":0,"win_rate":0,"timestamp":1539617125,"path_taken":["M","M","M","?","?","E","R","M","T","E","M","M","M","?","R","BOSS","M","$","?","?","?","R","E","R","T","M","E","M"],"build_version":"2018-10-11","purchased_purges":1,"victory":false,"max_hp_per_floor":[75,75,75,75,75,75,75,75,75,75,75,75,75,75,75,75,75,75,75,75,75,75,75,75,75,85,85,85,85],"card_choices":[{"not_picked":["Scrape","Reprogram"],"picked":"Leap","floor":1},{"not_picked":["Force Field","Rebound"],"picked":"Cold Snap","floor":2},{"not_picked":["Consume","Redo"],"picked":"Leap","floor":3},{"not_picked":["Turbo","Streamline"],"picked":"Stack","floor":6},{"not_picked":["BootSequence","Capacitor"],"picked":"Blizzard","floor":8},{"not_picked":["Undo","Lockon","Steam Power"],"picked":"SKIP","floor":10},{"not_picked":["Static Discharge","Compile Driver"],"picked":"Coolheaded","floor":11},{"not_picked":["Turbo","Chaos"],"picked":"Conserve Battery","floor":12},{"not_picked":["Force Field","Sunder"],"picked":"Buffer","floor":13},{"not_picked":["Rainbow","Meteor Strike"],"picked":"Reboot","floor":16},{"not_picked":["Compile Driver","Steam"],"picked":"Auto Shields+1","floor":18},{"not_picked":["Turbo","Gash"],"picked":"Double Energy+1","floor":22},{"not_picked":["Ball Lightning","Hologram","Hyperbeam"],"picked":"SKIP","floor":24},{"not_picked":["Barrage","Leap"],"picked":"Redo+1","floor":27},{"not_picked":["Beam Cell","Redo+1"],"picked":"Echo Form","floor":28}],"player_experience":148580,"relics_obtained":[{"floor":6,"key":"Boot"},{"floor":9,"key":"Happy Flower"},{"floor":10,"key":"Regal Pillow"},{"floor":24,"key":"Matryoshka"},{"floor":26,"key":"Ancient Tea Set"},{"floor":26,"key":"Pear"},{"floor":28,"key":"Symbiotic Virus"}],"event_choices":[{"event_name":"Golden Wing","player_choice":"Card Removal","floor":4,"damage_taken":0},{"event_name":"Shining Light","player_choice":"Entered Light","floor":5,"damage_taken":0},{"event_name":"Living Wall","player_choice":"Forget","floor":14,"damage_taken":0},{"event_name":"Nest","player_choice":"Stole From Cult","floor":20,"damage_taken":0}],"is_beta":false,"boss_relics":[{"not_picked":["Astrolabe","Snecko Eye"],"picked":"Empty Cage"}],"items_purged_floors":[19],"is_endless":false,"potions_floor_spawned":[2,3,11,12,16,22,27,28],"killed_by":"3 Cultists","ascension_level":1}