{"gold_per_floor":[115,115,131,96,96,131,143,201,237,272,103,118,137,156,156,156],"floor_reached":16,"playtime":793,"items_purged":[],"score":107,"play_id":"882c4f76-4cbf-415b-ae20-d0544123f916","local_time":"20190120212018","is_ascension_mode":true,"campfire_choices":[{"floor":7,"key":"REST"},{"floor":15,"key":"REST"}],"neow_cost":"NONE","seed_source_timestamp":599995721080310,"circlet_count":0,"master_deck":["Defend_G","Defend_G","Defend_G","Defend_G","Defend_G","Strike_G","Strike_G","Strike_G","Strike_G","Strike_G","Survivor","Neutralize","Accuracy","Blade Dance","Well Laid Plans","Poisoned Stab","Dagger Throw","Crippling Poison","Enlightenment","Caltrops","Flying Knee","Bane"],"relics":["Ring of the Snake","Golden Idol","MawBank","Snake Skull","Potion Belt"],"potions_floor_usage":[16],"damage_taken":[{"damage":6,"enemies":"Jaw Worm","floor":1,"turns":6},{"damage":5,"enemies":"Small Slimes","floor":3,"turns":3},{"damage":29,"enemies":"Lagavulin","floor":6,"turns":10},{"damage":5,"enemies":"2 Louse","floor":10,"turns":4},{"damage":6,"enemies":"Exordium Wildlife","floor":12,"turns":3},{"damage":12,"enemies":"Lots of Slimes","floor":13,"turns":3},{"damage":8,"enemies":"2 Fungi Beasts","floor":14,"turns":2},{"damage":58,"enemies":"Slime Boss","floor":16,"turns":12}],"seed_played":"7228763520930146308","potions_obtained":[{"floor":3,"key":"Ancient Potion"},{"floor":6,"key":"Strength Potion"},{"floor":10,"key":"Block Potion"},{"floor":13,"key":"LiquidBronze"}],"is_trial":false,"path_per_floor":["M","?","M","?","?","E","R","T","T","M","$","M","M","M","R","B"],"character_chosen":"THE_SILENT","items_purchased":["Dagger Throw","Crippling Poison","Enlightenment"],"campfire_rested":2,"item_purchase_floors":[11,11,11],"current_hp_per_floor":[71,52,47,66,66,37,60,60,60,55,55,49,37,29,52,0],"gold":156,"neow_bonus":"TEN_PERCENT_HP_BONUS","is_prod":false,"is_daily":false,"chose_seed":false,"campfire_upgraded":0,"win_rate":0,"timestamp":1547990418,"path_taken":["M","?","M","?","?","E","R","?","T","?","?","M","M","M","R","BOSS"],"build_version":"2019-01-17v2","purchased_purges":0,"victory":false,"max_hp_per_floor":[77,77,77,77,77,77,77,77,77,77,77,77,77,77,77,77],"card_choices":[{"not_picked":["Prepared","Acrobatics"],"picked":"Accuracy","floor":1},{"not_picked":["Cloak And Dagger","PiercingWail"],"picked":"Blade Dance","floor":3},{"not_picked":["Calculated Gamble","Eviscerate"],"picked":"Well Laid Plans","floor":6},{"not_picked":["Dodge and Roll","Slice"],"picked":"Poisoned Stab","floor":10},{"not_picked":["Dagger Spray","Slice"],"picked":"Caltrops","floor":12},{"not_picked":["Backstab","Prepared"],"picked":"Flying Knee","floor":13},{"not_picked":["Prepared","Heel Hook"],"picked":"Bane","floor":14}],"player_experience":56579,"relics_obtained":[{"floor":6,"key":"MawBank"},{"floor":8,"key":"Snake Skull"},{"floor":9,"key":"Potion Belt"}],"event_choices":[{"damage_healed":0,"gold_gain":0,"player_choice":"Take Damage","damage_taken":19,"relics_obtained":["Golden Idol"],"max_hp_gain":0,"max_hp_loss":0,"event_name":"Golden Idol","floor":2,"gold_loss":0},{"damage_healed":19,"gold_gain":0,"player_choice":"Healed","damage_taken":0,"max_hp_gain":0,"max_hp_loss":0,"event_name":"The Cleric","floor":4,"gold_loss":35},{"damage_healed":0,"gold_gain":0,"player_choice":"Ignored","damage_taken":0,"max_hp_gain":0,"max_hp_loss":0,"event_name":"Golden Wing","floor":5,"gold_loss":0}],"is_beta":false,"boss_relics":[],"items_purged_floors":[],"is_endless":false,"potions_floor_spawned":[3,6,10,13],"killed_by":"Slime Boss","ascension_level":1}