{"gold_per_floor":[119,119,119,132,51,51,77,77,77,77,87,87,10,22,22,118,118,130,143,143,143],"floor_reached":21,"playtime":1579,"items_purged":[],"score":177,"play_id":"55867a2f-7584-4dcf-a456-01d6bcf9ec2a","local_time":"20190108041350","is_ascension_mode":false,"campfire_choices":[{"floor":6.0,"key":"REST"},{"floor":8.0,"key":"REST"},{"floor":10.0,"key":"REST"},{"floor":12.0,"key":"REST"},{"floor":15.0,"key":"REST"}],"neow_cost":"NONE","seed_source_timestamp":0,"circlet_count":0,"master_deck":["Defend_G","Defend_G","Defend_G","Defend_G","Defend_G","Strike_G","Strike_G","Strike_G","Strike_G","Strike_G","Survivor","Neutralize","Backflip","Regret","Heel Hook","Noxious Fumes","Poisoned Stab","Escape Plan","Noxious Fumes","Prepared","Corpse Explosion","Reflex","Choke"],"special_seed":0,"relics":["Fusion Hammer","Paper Crane","Omamori","Blue Candle","Black Star"],"potions_floor_usage":[21,21],"damage_taken":[{"damage":0.0,"enemies":"Small Slimes","floor":1.0,"turns":3.0},{"damage":1.0,"enemies":"Jaw Worm","floor":4.0,"turns":5.0},{"damage":11.0,"enemies":"Lagavulin","floor":7.0,"turns":8.0},{"damage":3.0,"enemies":"Cultist","floor":11.0,"turns":3.0},{"damage":17.0,"enemies":"Exordium Thugs","floor":14.0,"turns":6.0},{"damage":30.0,"enemies":"Hexaghost","floor":16.0,"turns":10.0},{"damage":18,"enemies":"Spheric Guardian","floor":18,"turns":5},{"damage":34,"enemies":"Shell Parasite","floor":19,"turns":7},{"damage":23,"enemies":"Colosseum Slavers","floor":21,"turns":4}],"seed_played":"-6195640477594022188","potions_obtained":[{"floor":11.0,"key":"FearPotion"},{"floor":14.0,"key":"Block Potion"},{"floor":16.0,"key":"Energy Potion"}],"is_trial":false,"path_per_floor":["M","?","?","M","$","R","E","R","T","R","M","R","$","M","R","B",null,"M","M","$","?"],"character_chosen":"THE_SILENT","items_purchased":["Noxious Fumes","Noxious Fumes"],"campfire_rested":5,"item_purchase_floors":[5,13],"current_hp_per_floor":[70,70,63,62,62,70,59,70,70,70,67,70,70,53,70,40,70,52,18,18,0],"gold":143,"neow_bonus":"BOSS_RELIC","is_prod":false,"is_daily":false,"chose_seed":false,"campfire_upgraded":0,"win_rate":0.0,"timestamp":1546920830,"path_taken":["M","?","?","M","$","R","E","R","T","R","?","R","?","M","R","BOSS","M","M","$","?"],"build_version":"2019-01-03v4","purchased_purges":0,"victory":false,"max_hp_per_floor":[70,70,70,70,70,70,70,70,70,70,70,70,70,70,70,70,70,70,70,70,70],"card_choices":[{"not_picked":["Underhanded Strike","PiercingWail"],"picked":"Backflip","floor":1.0},{"not_picked":["Underhanded Strike","Flying Knee"],"picked":"Heel Hook","floor":4.0},{"not_picked":["Quick Slash","Riddle With Holes"],"picked":"Poisoned Stab","floor":7.0},{"not_picked":["Doppelganger","Skewer"],"picked":"Escape Plan","floor":11.0},{"not_picked":["Blur","Dagger Spray"],"picked":"Prepared","floor":14.0},{"not_picked":["Malaise","Night Terror"],"picked":"Corpse Explosion","floor":16.0},{"not_picked":["Dodge and Roll+1","Acrobatics"],"picked":"Reflex","floor":18},{"not_picked":["Slice","Poisoned Stab"],"picked":"Choke","floor":19}],"player_experience":107663,"relics_obtained":[{"floor":7.0,"key":"Omamori"},{"floor":9.0,"key":"Blue Candle"}],"event_choices":[{"damage_healed":0.0,"max_hp_gain":0.0,"max_hp_loss":0.0,"gold_gain":0.0,"event_name":"Big Fish","player_choice":"Box","floor":2.0,"gold_loss":0.0,"damage_taken":0.0,"relics_obtained":["Paper Crane"],"cards_obtained":["Regret"]},{"damage_healed":0.0,"max_hp_gain":0.0,"max_hp_loss":0.0,"gold_gain":0.0,"event_name":"Wheel of Change","player_choice":"Damaged","floor":3.0,"gold_loss":0.0,"damage_taken":7.0},{"damage_healed":0,"gold_gain":0,"player_choice":"Fight","damage_taken":0,"max_hp_gain":0,"max_hp_loss":0,"event_name":"Colosseum","floor":21,"gold_loss":0}],"is_beta":false,"boss_relics":[{"not_picked":["Ectoplasm","Snecko Eye"],"picked":"Black Star"}],"items_purged_floors":[],"is_endless":false,"potions_floor_spawned":[11,14,16],"killed_by":"Colosseum Slavers","ascension_level":0}