{"gold_per_floor":[113,73,73,86,5,40,40,50,50,64,14,24,44,44,44,149,149,167,178,188,103,103,103],"floor_reached":23,"playtime":1264,"items_purged":[],"score":294,"play_id":"013efad0-d4ba-4816-9167-ed73eb2d6b5f","local_time":"20190126193355","is_ascension_mode":true,"campfire_choices":[{"data":"Entrench","floor":7.0,"key":"SMITH"},{"data":"Entrench","floor":15.0,"key":"SMITH"}],"neow_cost":"NONE","seed_source_timestamp":0,"circlet_count":0,"master_deck":["Strike_R","Defend_R","Defend_R","Defend_R","Defend_R","Bash","Infernal Blade","Entrench+1","Entrench+1","Immolate","Shrug It Off","Whirlwind","Barricade","Offering","Spot Weakness","Combust"],"special_seed":0,"relics":["Burning Blood","NeowsBlessing","Mummified Hand","Singing Bowl","Busted Crown","Ginger"],"potions_floor_usage":[23,23],"damage_taken":[{"damage":0.0,"enemies":"2 Louse","floor":1.0,"turns":1.0},{"damage":0.0,"enemies":"Cultist","floor":4.0,"turns":1.0},{"damage":0.0,"enemies":"3 Sentries","floor":6.0,"turns":1.0},{"damage":12.0,"enemies":"Small Slimes","floor":8.0,"turns":3.0},{"damage":0.0,"enemies":"3 Louse","floor":10.0,"turns":1.0},{"damage":39.0,"enemies":"Exordium Wildlife","floor":12.0,"turns":6.0},{"damage":0.0,"enemies":"2 Fungi Beasts","floor":13.0,"turns":2.0},{"damage":37.0,"enemies":"The Guardian","floor":16.0,"turns":20.0},{"damage":2,"enemies":"Chosen","floor":18,"turns":9},{"damage":6,"enemies":"Spheric Guardian","floor":19,"turns":12},{"damage":29,"enemies":"Centurion and Healer","floor":20,"turns":15},{"damage":60,"enemies":"Gremlin Leader","floor":23,"turns":13}],"seed_played":"2146178209644116070","potions_obtained":[{"floor":4.0,"key":"LiquidBronze"},{"floor":10.0,"key":"Weak Potion"},{"floor":16.0,"key":"Weak Potion"},{"floor":19,"key":"SkillPotion"}],"is_trial":false,"path_per_floor":["M","$","?","M","$","E","R","M","T","M","?","M","M","?","R","B",null,"M","M","M","?","?","E"],"character_chosen":"IRONCLAD","items_purchased":["Entrench","Whirlwind"],"campfire_rested":0,"item_purchase_floors":[2,5],"current_hp_per_floor":[78,78,78,80,80,80,80,74,74,82,82,51,59,59,59,28,72,78,80,59,59,59,0],"gold":103,"neow_bonus":"THREE_ENEMY_KILL","is_prod":false,"is_daily":false,"chose_seed":false,"campfire_upgraded":2,"win_rate":0,"timestamp":1548524035,"path_taken":["M","$","?","M","?","E","R","M","T","M","?","M","M","?","R","BOSS","M","M","M","?","?","E"],"build_version":"2019-01-23","purchased_purges":0,"victory":false,"max_hp_per_floor":[80,80,80,80,80,80,80,80,80,82,82,84,86,86,86,86,86,88,90,92,92,92,92],"card_choices":[{"not_picked":["Wild Strike","Fire Breathing"],"picked":"Infernal Blade","floor":1.0},{"not_picked":["True Grit","Twin Strike"],"picked":"Shrug It Off","floor":4.0},{"not_picked":["Infernal Blade","Body Slam"],"picked":"Barricade","floor":6.0},{"not_picked":["Fire Breathing","Pommel Strike","Sentinel"],"picked":"SKIP","floor":8.0},{"not_picked":["Combust","Whirlwind","Clothesline"],"picked":"Singing Bowl","floor":10.0},{"not_picked":["Clothesline","Pommel Strike","Power Through"],"picked":"Singing Bowl","floor":12.0},{"not_picked":["Reckless Charge","Pommel Strike","Twin Strike"],"picked":"Singing Bowl","floor":13.0},{"not_picked":["Feed","Bludgeon"],"picked":"Offering","floor":16.0},{"not_picked":["Twin Strike"],"picked":"Singing Bowl","floor":18},{"not_picked":["Sever Soul"],"picked":"Singing Bowl","floor":19},{"not_picked":["Reckless Charge"],"picked":"Singing Bowl","floor":20}],"player_experience":141580,"relics_obtained":[{"floor":6.0,"key":"Mummified Hand"},{"floor":9.0,"key":"Singing Bowl"}],"event_choices":[{"damage_healed":0.0,"max_hp_gain":0.0,"max_hp_loss":0.0,"gold_gain":0.0,"event_name":"Match and Keep!","player_choice":"2 cards matched","floor":3.0,"gold_loss":0.0,"damage_taken":0.0,"cards_obtained":["Entrench","Immolate"]},{"cards_removed":["Strike_R"],"damage_healed":0.0,"max_hp_gain":0.0,"max_hp_loss":0.0,"gold_gain":0.0,"event_name":"The Cleric","player_choice":"Card Removal","floor":11.0,"gold_loss":50.0,"damage_taken":0.0},{"cards_removed":["Strike_R"],"damage_healed":0.0,"max_hp_gain":0.0,"max_hp_loss":0.0,"gold_gain":0.0,"event_name":"Living Wall","player_choice":"Forget","floor":14.0,"gold_loss":0.0,"damage_taken":0.0},{"damage_healed":0,"gold_gain":0,"player_choice":"Obtained Relic","damage_taken":0,"relics_obtained":["Ginger"],"max_hp_gain":0,"max_hp_loss":0,"event_name":"Addict","floor":21,"gold_loss":85},{"damage_healed":0,"gold_gain":0,"cards_transformed":["Strike_R","Strike_R"],"player_choice":"Became Test Subject","damage_taken":0,"max_hp_gain":0,"max_hp_loss":0,"event_name":"Drug Dealer","floor":22,"gold_loss":0,"cards_obtained":["Spot Weakness","Combust"]}],"is_beta":false,"boss_relics":[{"not_picked":["White Beast Statue","Eternal Feather"],"picked":"Busted Crown"}],"items_purged_floors":[],"is_endless":false,"potions_floor_spawned":[4,10,16,19],"killed_by":"Gremlin Leader","ascension_level":7}