{"gold_per_floor":[117,0,75,75,90,121,121,150,175,187],"floor_reached":10,"playtime":371,"items_purged":["Normality"],"score":144,"play_id":"41568b22-5e80-4bd6-aefb-a421b99cb147","local_time":"20190219004331","is_ascension_mode":true,"campfire_choices":[{"floor":7,"key":"REST"}],"neow_cost":"CURSE","seed_source_timestamp":476822144204600,"circlet_count":0,"master_deck":["AscendersBane","Defend_G","Defend_G","Defend_G","Defend_G+1","Defend_G+1","Strike_G","Strike_G","Strike_G","Strike_G","Strike_G","Survivor","Neutralize","Predator","Pain","Dagger Throw","Burst"],"relics":["Ring of the Snake","Turnip","WarpedTongs","War Paint","Dream Catcher","MawBank"],"potions_floor_usage":[8],"damage_taken":[{"damage":2,"enemies":"Jaw Worm","floor":1,"turns":5},{"damage":5,"enemies":"2 Louse","floor":5,"turns":3},{"damage":28,"enemies":"Gremlin Nob","floor":6,"turns":4},{"damage":25,"enemies":"3 Sentries","floor":8,"turns":10},{"damage":7,"enemies":"Cultist","floor":10,"turns":3}],"seed_played":"3263812319982566685","potions_obtained":[{"floor":5,"key":"Dexterity Potion"}],"is_trial":false,"path_per_floor":["M","$","?","?","M","E","R","E","T","M"],"character_chosen":"THE_SILENT","items_purchased":["Predator"],"campfire_rested":1,"item_purchase_floors":[2],"current_hp_per_floor":[57,57,46,46,41,13,32,7,7,0],"gold":187,"neow_bonus":"ONE_RARE_RELIC","is_prod":false,"is_daily":false,"chose_seed":false,"campfire_upgraded":0,"win_rate":0,"timestamp":1550533411,"path_taken":["M","$","?","?","?","E","R","E","T","M"],"build_version":"2019-01-23","purchased_purges":1,"victory":false,"max_hp_per_floor":[66,66,66,66,66,66,66,66,66,66],"card_choices":[{"not_picked":["Accuracy","Distraction","PiercingWail"],"picked":"SKIP","floor":1},{"not_picked":["Outmaneuver","Eviscerate"],"picked":"Dagger Throw","floor":5},{"not_picked":["Caltrops","Acrobatics","Catalyst"],"picked":"SKIP","floor":6},{"not_picked":["Deadly Poison","Acrobatics"],"picked":"Burst","floor":8}],"player_experience":501351,"relics_obtained":[{"floor":6,"key":"War Paint"},{"floor":8,"key":"Dream Catcher"},{"floor":9,"key":"MawBank"}],"event_choices":[{"damage_healed":0,"gold_gain":75,"player_choice":"Gather Gold","damage_taken":11,"max_hp_gain":0,"max_hp_loss":0,"event_name":"World of Goop","floor":3,"gold_loss":0},{"damage_healed":0,"gold_gain":0,"player_choice":"Rummage","damage_taken":0,"relics_obtained":["WarpedTongs"],"max_hp_gain":0,"max_hp_loss":0,"event_name":"Accursed Blacksmith","floor":4,"gold_loss":0,"cards_obtained":["Pain"]}],"is_beta":false,"boss_relics":[],"items_purged_floors":[2],"is_endless":false,"potions_floor_spawned":[5],"killed_by":"Cultist","ascension_level":19}