{"gold_per_floor":[117,117,20,31,131,163,163,174,198,208,237,247,247],"floor_reached":13,"playtime":783,"items_purged":["Strike_G"],"score":144,"play_id":"4be27dab-c5c3-42cc-8426-a4f1da30b5e9","local_time":"20190219234611","is_ascension_mode":true,"campfire_choices":[{"floor":7,"key":"RECALL"}],"neow_cost":"NONE","seed_source_timestamp":484013939047769,"circlet_count":0,"master_deck":["Defend_G","Defend_G","Defend_G","Defend_G","Defend_G","Strike_G","Strike_G","Strike_G","Survivor","Neutralize","Cloak And Dagger","Deadly Poison","Backflip","Calculated Gamble","Blade Dance","Blade Dance"],"relics":["Ring of the Snake","NeowsBlessing","Oddly Smooth Stone","Pen Nib","Molten Egg 2"],"potions_floor_usage":[10,11,13],"damage_taken":[{"damage":0,"enemies":"Jaw Worm","floor":1,"turns":1},{"damage":0,"enemies":"Cultist","floor":4,"turns":1},{"damage":0,"enemies":"Lagavulin","floor":6,"turns":1},{"damage":0,"enemies":"2 Louse","floor":8,"turns":3},{"damage":3,"enemies":"Lots of Slimes","floor":10,"turns":7},{"damage":38,"enemies":"Gremlin Nob","floor":11,"turns":5},{"damage":12,"enemies":"Exordium Wildlife","floor":12,"turns":5},{"damage":21,"enemies":"3 Sentries","floor":13,"turns":4}],"seed_played":"-8657559090707694619","potions_obtained":[{"floor":1,"key":"Poison Potion"},{"floor":6,"key":"Dexterity Potion"},{"floor":8,"key":"GamblersBrew"},{"floor":12,"key":"Poison Potion"}],"is_trial":false,"path_per_floor":["M","?","$","M","?","E","R","M","T","M","E","M","E"],"character_chosen":"THE_SILENT","items_purchased":["Deadly Poison"],"campfire_rested":0,"item_purchase_floors":[3],"current_hp_per_floor":[70,70,70,70,70,70,70,70,70,67,29,17,0],"gold":247,"neow_bonus":"THREE_ENEMY_KILL","is_prod":false,"is_daily":false,"chose_seed":false,"campfire_upgraded":0,"win_rate":0,"timestamp":1550587571,"path_taken":["M","?","$","M","?","E","R","?","T","M","E","M","E"],"build_version":"2019-01-23","purchased_purges":1,"victory":false,"max_hp_per_floor":[70,70,70,70,70,70,70,70,70,70,70,70,70],"card_choices":[{"not_picked":["Quick Slash","Crippling Poison"],"picked":"Cloak And Dagger","floor":1},{"not_picked":["Dagger Throw","Poisoned Stab"],"picked":"Backflip","floor":4},{"not_picked":["Riddle With Holes","Night Terror"],"picked":"Calculated Gamble","floor":6},{"not_picked":["Backstab","Choke"],"picked":"Blade Dance","floor":8},{"not_picked":["Sucker Punch","Endless Agony","Choke"],"picked":"SKIP","floor":10},{"not_picked":["Bouncing Flask","A Thousand Cuts"],"picked":"Blade Dance","floor":11},{"not_picked":["Expertise","Outmaneuver","Distraction"],"picked":"SKIP","floor":12}],"player_experience":150275,"relics_obtained":[{"floor":6,"key":"Oddly Smooth Stone"},{"floor":9,"key":"Pen Nib"},{"floor":11,"key":"Molten Egg 2"}],"event_choices":[{"cards_removed":["Strike_G"],"damage_healed":0,"gold_gain":0,"player_choice":"Forget","damage_taken":0,"max_hp_gain":0,"max_hp_loss":0,"event_name":"Living Wall","floor":2,"gold_loss":0},{"damage_healed":0,"gold_gain":100,"player_choice":"Pray","damage_taken":0,"max_hp_gain":0,"max_hp_loss":0,"event_name":"Golden Shrine","floor":5,"gold_loss":0}],"is_beta":false,"boss_relics":[],"items_purged_floors":[3],"is_endless":false,"potions_floor_spawned":[1,6,8,12],"killed_by":"3 Sentries","ascension_level":4}