{"gold_per_floor":[118,193,193,193,3,3,21,62,62,77,77,77,90,111,111,237,237,223,18,18,18,34,34,62,161,213,213,240,254,254,39,39,39],"floor_reached":33,"playtime":1730,"items_purged":["Regret"],"score":311,"play_id":"ee1a76a2-2e44-4309-a7e0-3afccece7c9a","local_time":"20190204170048","is_ascension_mode":false,"campfire_choices":[{"floor":6,"key":"REST"},{"data":"Uppercut","floor":11,"key":"SMITH"},{"data":"Immolate","floor":15,"key":"SMITH"},{"data":"Double Tap","floor":23,"key":"SMITH"},{"data":"Intimidate","floor":27,"key":"SMITH"},{"data":"Bash","floor":30,"key":"SMITH"},{"data":"Chrysalis","floor":32,"key":"SMITH"}],"neow_cost":"NONE","seed_source_timestamp":1329437530425604,"circlet_count":0,"master_deck":["Strike_R+1","Strike_R","Strike_R","Strike_R","Strike_R","Defend_R","Defend_R","Defend_R","Defend_R","Bash+1","Pommel Strike+1","Ghostly Armor","Uppercut+1","Rupture","Flex","Headbutt","Thunderclap","Intimidate+1","Immolate+1","Double Tap+1","Perfected Strike+1","Thunderclap","Sentinel","Bandage Up","Ghostly","Ghostly","Ghostly","Ghostly","Ghostly","True Grit","Ghostly Armor","Sever Soul","Thunderclap","Dual Wield","Chrysalis+1","Seeing Red"],"relics":["Burning Blood","Bloody Idol","Red Skull","Sundial","Art of War","Prayer Wheel","Lizard Tail","Bird Faced Urn","Ancient Tea Set","Bag of Marbles"],"potions_floor_usage":[16,16,16],"damage_taken":[{"damage":0,"enemies":"2 Louse","floor":1,"turns":3},{"damage":1,"enemies":"Jaw Worm","floor":7,"turns":3},{"damage":6,"enemies":"Gremlin Nob","floor":8,"turns":4},{"damage":8,"enemies":"Small Slimes","floor":10,"turns":3},{"damage":10,"enemies":"Blue Slaver","floor":13,"turns":3},{"damage":4,"enemies":"Exordium Wildlife","floor":14,"turns":3},{"damage":57,"enemies":"The Guardian","floor":16,"turns":10},{"damage":30,"enemies":"2 Thieves","floor":18,"turns":5},{"damage":1,"enemies":"Chosen","floor":22,"turns":7},{"damage":27,"enemies":"Slavers","floor":24,"turns":8},{"damage":22,"enemies":"Shelled Parasite and Fungi","floor":29,"turns":9},{"damage":99,"enemies":"Automaton","floor":33,"turns":12}],"seed_played":"3315125244404703437","potions_obtained":[{"floor":10,"key":"SkillPotion"},{"floor":13,"key":"Strength Potion"},{"floor":16,"key":"Fruit Juice"}],"is_trial":false,"path_per_floor":["M","?","?","?","$","R","M","E","T","M","R","?","M","M","R","B",null,"M","$","?","?","M","R","E","?","T","R","T","M","R","$","R","B"],"character_chosen":"IRONCLAD","items_purchased":["Red Skull","Ghostly Armor","Sentinel","Bandage Up","Chrysalis","Seeing Red"],"campfire_rested":1,"item_purchase_floors":[5,5,19,19,31,31],"current_hp_per_floor":[88,77,55,37,37,63,68,68,68,66,66,66,62,64,64,18,93,69,69,69,46,46,46,30,35,40,40,45,40,40,40,40,0],"gold":39,"neow_bonus":"TEN_PERCENT_HP_BONUS","is_prod":false,"is_daily":false,"chose_seed":false,"campfire_upgraded":6,"win_rate":0.0,"timestamp":1549270848,"path_taken":["M","?","?","?","?","R","M","E","T","?","R","?","M","M","R","BOSS","M","$","?","?","?","R","E","?","T","R","?","M","R","$","R","BOSS"],"build_version":"2019-01-23","purchased_purges":1,"victory":false,"max_hp_per_floor":[88,88,88,88,88,88,88,88,88,88,88,88,88,88,88,93,93,93,93,93,46,46,46,46,46,46,46,46,46,46,46,46,46],"card_choices":[{"not_picked":["Iron Wave","Anger"],"picked":"Pommel Strike","floor":1},{"not_picked":["Disarm","Iron Wave"],"picked":"Uppercut","floor":7},{"not_picked":["Twin Strike","Searing Blow"],"picked":"Rupture","floor":8},{"not_picked":["Body Slam","Armaments"],"picked":"Flex","floor":10},{"not_picked":["True Grit","Pommel Strike"],"picked":"Headbutt","floor":13},{"not_picked":["Whirlwind","Wild Strike"],"picked":"Thunderclap","floor":13},{"not_picked":["Iron Wave","Flex"],"picked":"Intimidate","floor":14},{"not_picked":["Wild Strike","Iron Wave"],"picked":"Immolate","floor":14},{"not_picked":["Barricade","Brutality"],"picked":"Double Tap","floor":16},{"not_picked":["Armaments","Shrug It Off+1"],"picked":"Perfected Strike+1","floor":18},{"not_picked":["Power Through","Thunderclap","Body Slam"],"picked":"SKIP","floor":18},{"not_picked":["Power Through","Body Slam"],"picked":"Thunderclap","floor":18},{"not_picked":["Battle Trance+1","Anger+1"],"picked":"True Grit","floor":22},{"not_picked":["Feel No Pain","Disarm"],"picked":"Ghostly Armor","floor":22},{"not_picked":["Wild Strike","Inflame"],"picked":"Sever Soul","floor":24},{"not_picked":["Anger","Sword Boomerang"],"picked":"Thunderclap","floor":29},{"not_picked":["Rampage","Flex"],"picked":"Dual Wield","floor":29}],"player_experience":92156,"relics_obtained":[{"floor":8,"key":"Sundial"},{"floor":9,"key":"Art of War"},{"floor":24,"key":"Bird Faced Urn"},{"floor":26,"key":"Ancient Tea Set"},{"floor":28,"key":"Bag of Marbles"}],"event_choices":[{"damage_healed":0,"gold_gain":75,"player_choice":"Gather Gold","damage_taken":11,"max_hp_gain":0,"max_hp_loss":0,"event_name":"World of Goop","floor":2,"gold_loss":0},{"damage_healed":0,"gold_gain":0,"player_choice":"Take Damage","damage_taken":22,"relics_obtained":["Golden Idol"],"max_hp_gain":0,"max_hp_loss":0,"event_name":"Golden Idol","floor":3,"gold_loss":0},{"damage_healed":0,"gold_gain":0,"player_choice":"Entered Light","damage_taken":18,"max_hp_gain":0,"max_hp_loss":0,"event_name":"Shining Light","floor":4,"gold_loss":0,"cards_upgraded":["Pommel Strike","Strike_R"]},{"damage_healed":0,"gold_gain":0,"player_choice":"Box","damage_taken":0,"relics_obtained":["Prayer Wheel"],"max_hp_gain":0,"max_hp_loss":0,"event_name":"Big Fish","floor":12,"gold_loss":0,"cards_obtained":["Regret"]},{"damage_healed":0,"gold_gain":0,"player_choice":"Gave Idol","damage_taken":0,"relics_obtained":["Bloody Idol"],"max_hp_gain":0,"max_hp_loss":0,"event_name":"Forgotten Altar","floor":20,"relics_lost":["Golden Idol"],"gold_loss":0},{"damage_healed":0,"gold_gain":0,"player_choice":"Became a Ghost","damage_taken":0,"max_hp_gain":0,"max_hp_loss":47,"event_name":"Ghosts","floor":21,"gold_loss":0,"cards_obtained":["Ghostly","Ghostly","Ghostly","Ghostly","Ghostly"]},{"damage_healed":0,"gold_gain":99,"player_choice":"Stole From Cult","damage_taken":0,"max_hp_gain":0,"max_hp_loss":0,"event_name":"Nest","floor":25,"gold_loss":0}],"is_beta":false,"boss_relics":[{"not_picked":["Velvet Choker","Runic Cube"],"picked":"Lizard Tail"}],"items_purged_floors":[19],"is_endless":false,"potions_floor_spawned":[10,13,16],"killed_by":"Automaton","ascension_level":0}