{"gold_per_floor":[114,67,80,180,190,190,215,226,226,100,100,115,126,142,142,142],"floor_reached":16,"playtime":941,"items_purged":["Defend_R"],"score":104,"play_id":"0f0deea6-af36-43e1-9ed1-896413ff2a90","local_time":"20190215003804","is_ascension_mode":false,"campfire_choices":[{"data":"Warcry","floor":6,"key":"SMITH"},{"floor":15,"key":"REST"}],"neow_cost":"PERCENT_DAMAGE","seed_source_timestamp":54957206474751,"circlet_count":0,"master_deck":["Strike_R","Strike_R","Strike_R","Strike_R","Strike_R","Defend_R","Defend_R","Defend_R","Bash","Twin Strike","Warcry+1","Twin Strike","Cleave","Shrug It Off","Cleave","Perfected Strike"],"relics":["Burning Blood","Mango","Omamori","Dodecahedron"],"potions_floor_usage":[16,16],"damage_taken":[{"damage":7,"enemies":"Small Slimes","floor":1,"turns":6},{"damage":1,"enemies":"Cultist","floor":3,"turns":3},{"damage":1,"enemies":"Jaw Worm","floor":5,"turns":3},{"damage":46,"enemies":"3 Sentries","floor":7,"turns":11},{"damage":8,"enemies":"Blue Slaver","floor":8,"turns":5},{"damage":15,"enemies":"Large Slime","floor":12,"turns":7},{"damage":5,"enemies":"Lots of Slimes","floor":13,"turns":3},{"damage":13,"enemies":"Red Slaver","floor":14,"turns":2},{"damage":55,"enemies":"The Guardian","floor":16,"turns":7}],"seed_played":"1997215424921840020","potions_obtained":[{"floor":7,"key":"SkillPotion"},{"floor":12,"key":"Energy Potion"}],"is_trial":false,"path_per_floor":["M","$","M","?","M","R","E","M","T","$","$","M","M","M","R","B"],"character_chosen":"IRONCLAD","items_purchased":["Twin Strike","Shrug It Off"],"campfire_rested":1,"item_purchase_floors":[2,10],"current_hp_per_floor":[69,69,74,74,79,79,39,37,37,37,37,28,29,22,50,0],"gold":142,"neow_bonus":"ONE_RARE_RELIC","is_prod":false,"is_daily":false,"chose_seed":false,"campfire_upgraded":1,"win_rate":0.0,"timestamp":1550158684,"path_taken":["M","$","M","?","M","R","E","M","T","?","$","M","?","M","R","BOSS"],"build_version":"2019-01-23","purchased_purges":1,"victory":false,"max_hp_per_floor":[94,94,94,94,94,94,94,94,94,94,94,94,94,94,94,94],"card_choices":[{"not_picked":["Clothesline","Iron Wave","Body Slam"],"picked":"SKIP","floor":1},{"not_picked":["Carnage","Pummel","Rage"],"picked":"SKIP","floor":3},{"not_picked":["Entrench","Cleave"],"picked":"Warcry","floor":5},{"not_picked":["Body Slam","Rampage"],"picked":"Twin Strike","floor":7},{"not_picked":["Heavy Blade","Thunderclap"],"picked":"Cleave","floor":8},{"not_picked":["Sword Boomerang","Thunderclap","Combust"],"picked":"SKIP","floor":12},{"not_picked":["Feel No Pain","Hemokinesis"],"picked":"Cleave","floor":13},{"not_picked":["Dropkick","Infernal Blade"],"picked":"Perfected Strike","floor":14}],"player_experience":10531,"relics_obtained":[{"floor":7,"key":"Omamori"},{"floor":9,"key":"Dodecahedron"}],"event_choices":[{"damage_healed":0,"gold_gain":100,"player_choice":"Pray","damage_taken":0,"max_hp_gain":0,"max_hp_loss":0,"event_name":"Golden Shrine","floor":4,"gold_loss":0}],"is_beta":false,"boss_relics":[],"items_purged_floors":[10],"is_endless":false,"potions_floor_spawned":[7,12],"killed_by":"The Guardian","ascension_level":0}