{"gold_per_floor":[111,131,150,161,180,180,180,24,51,51,1,26,45,65,65,169,169,188,208,60,73,85,85,118,136,136,136,154,154,6,22,22,22],"floor_reached":33,"playtime":11966,"items_purged":[],"score":273,"play_id":"e4c2c0b9-49c2-4e5a-b41d-50581057c9c0","local_time":"20190213001103","is_ascension_mode":false,"campfire_choices":[{"data":"Bash","floor":6,"key":"SMITH"},{"floor":10,"key":"REST"},{"floor":15,"key":"REST"},{"floor":23,"key":"REST"},{"floor":27,"key":"REST"},{"floor":32,"key":"REST"}],"neow_cost":"NONE","seed_source_timestamp":1818623349393699,"circlet_count":0,"master_deck":["Strike_R","Strike_R","Strike_R","Strike_R","Defend_R","Defend_R","Defend_R","Defend_R","Bash+1","Iron Wave","Armaments","Flex","Rage","Shrug It Off","Trip","Power Through","Fire Breathing","Impervious","Juggernaut","Fire Breathing+1","Armaments","Searing Blow","Rupture","Whirlwind","Warcry","Dropkick+1","Warcry","Pommel Strike+1","Bludgeon","Rampage"],"relics":["Burning Blood","NeowsBlessing","Bronze Scales","PreservedInsect","Centennial Puzzle","Lizard Tail","Matryoshka","Letter Opener","Shuriken"],"potions_floor_usage":[16,16,16,24,24,25,31,33],"damage_taken":[{"damage":0,"enemies":"Jaw Worm","floor":1,"turns":1},{"damage":0,"enemies":"2 Louse","floor":2,"turns":1},{"damage":0,"enemies":"Cultist","floor":3,"turns":1},{"damage":13,"enemies":"3 Louse","floor":4,"turns":6},{"damage":16,"enemies":"Lots of Slimes","floor":5,"turns":6},{"damage":29,"enemies":"3 Sentries","floor":12,"turns":10},{"damage":0,"enemies":"Exordium Wildlife","floor":13,"turns":4},{"damage":6,"enemies":"2 Fungi Beasts","floor":14,"turns":3},{"damage":49,"enemies":"Hexaghost","floor":16,"turns":15},{"damage":7,"enemies":"3 Byrds","floor":18,"turns":3},{"damage":7,"enemies":"Shell Parasite","floor":19,"turns":5},{"damage":15,"enemies":"Snecko","floor":21,"turns":7},{"damage":51,"enemies":"Centurion and Healer","floor":22,"turns":15},{"damage":48,"enemies":"Slavers","floor":24,"turns":6},{"damage":28,"enemies":"Cultist and Chosen","floor":25,"turns":8},{"damage":15,"enemies":"Snecko","floor":28,"turns":5},{"damage":26,"enemies":"3 Cultists","floor":31,"turns":7},{"damage":73,"enemies":"Champ","floor":33,"turns":13}],"seed_played":"8788746759047844538","potions_obtained":[{"floor":4,"key":"AttackPotion"},{"floor":5,"key":"Poison Potion"},{"floor":16,"key":"BloodPotion"},{"floor":22,"key":"Strength Potion"},{"floor":24,"key":"Weak Potion"},{"floor":25,"key":"Block Potion"}],"is_trial":false,"path_per_floor":["M","M","M","M","M","R","?","$","T","R","?","E","M","M","R","B",null,"M","M","$","M","M","R","E","M","T","R","M","?","$","M","R","B"],"character_chosen":"IRONCLAD","items_purchased":["Trip","BloodPotion","Searing Blow","Rupture","Bludgeon","EssenceOfSteel"],"campfire_rested":5,"item_purchase_floors":[8,8,20,20,30,30],"current_hp_per_floor":[80,80,80,73,63,63,56,56,56,80,80,57,63,63,80,45,80,79,78,78,69,24,48,14,46,46,70,61,61,61,41,65,0],"gold":22,"neow_bonus":"THREE_ENEMY_KILL","is_prod":false,"is_daily":false,"chose_seed":false,"campfire_upgraded":1,"win_rate":0.0,"timestamp":1549984263,"path_taken":["M","M","M","M","M","R","?","$","T","R","?","E","M","M","R","BOSS","M","M","$","M","M","R","E","M","T","R","M","?","$","M","R","BOSS"],"build_version":"2019-01-23","purchased_purges":0,"victory":false,"max_hp_per_floor":[80,80,80,80,80,80,80,80,80,80,80,80,80,80,80,80,80,80,80,80,80,80,80,80,80,80,80,80,80,80,80,80,80],"card_choices":[{"not_picked":["Perfected Strike","Shockwave"],"picked":"Iron Wave","floor":1},{"not_picked":["Clothesline","True Grit"],"picked":"Armaments","floor":2},{"not_picked":["Thunderclap","True Grit"],"picked":"Flex","floor":3},{"not_picked":["Anger","Second Wind"],"picked":"Rage","floor":4},{"not_picked":["Anger","Second Wind"],"picked":"Shrug It Off","floor":5},{"not_picked":["Armaments","Bloodletting"],"picked":"Power Through","floor":12},{"not_picked":["Cleave","Clash"],"picked":"Fire Breathing","floor":13},{"not_picked":["Second Wind","Body Slam"],"picked":"Impervious","floor":14},{"not_picked":["Double Tap","Fiend Fire"],"picked":"Juggernaut","floor":16},{"not_picked":["Flex+1","Headbutt"],"picked":"Fire Breathing+1","floor":18},{"not_picked":["Body Slam","Sword Boomerang"],"picked":"Armaments","floor":19},{"not_picked":["Warcry","Dual Wield+1"],"picked":"Whirlwind","floor":21},{"not_picked":["Dual Wield+1","Body Slam"],"picked":"Warcry","floor":22},{"not_picked":["Double Tap","Anger"],"picked":"Dropkick+1","floor":24},{"not_picked":["Flex","Iron Wave"],"picked":"Warcry","floor":25},{"not_picked":["Dual Wield","Clothesline+1"],"picked":"Pommel Strike+1","floor":28},{"not_picked":["Clothesline","Headbutt"],"picked":"Rampage","floor":31}],"player_experience":5095,"relics_obtained":[{"floor":9,"key":"PreservedInsect"},{"floor":12,"key":"Centennial Puzzle"},{"floor":24,"key":"Matryoshka"},{"floor":26,"key":"Letter Opener"},{"floor":26,"key":"Shuriken"}],"event_choices":[{"damage_healed":0,"gold_gain":0,"player_choice":"Success","damage_taken":7,"relics_obtained":["Bronze Scales"],"max_hp_gain":0,"max_hp_loss":0,"event_name":"Scrap Ooze","floor":7,"gold_loss":0},{"cards_removed":["Strike_R"],"damage_healed":0,"gold_gain":0,"player_choice":"Card Removal","damage_taken":0,"max_hp_gain":0,"max_hp_loss":0,"event_name":"The Cleric","floor":11,"gold_loss":50},{"damage_healed":0,"gold_gain":0,"player_choice":"Ignored","damage_taken":0,"max_hp_gain":0,"max_hp_loss":0,"event_name":"N\u0027loth","floor":29,"gold_loss":0}],"is_beta":false,"boss_relics":[{"not_picked":["Mark of Pain","Runic Dome"],"picked":"Lizard Tail"}],"items_purged_floors":[],"is_endless":false,"potions_floor_spawned":[4,5,13,16,22,24,25],"killed_by":"Champ","ascension_level":0}