{"gold_per_floor":[363,380,380,397,44,44,44,44,44,78,78,98,133,144,144,144],"floor_reached":16,"playtime":880,"items_purged":[],"score":176,"play_id":"de43b97e-0c84-4d6d-a2d6-cc3d942ed6bd","local_time":"20190217034016","is_ascension_mode":true,"campfire_choices":[{"data":"Crippling Poison","floor":6,"key":"SMITH"},{"data":"Neutralize","floor":8,"key":"SMITH"},{"floor":11,"key":"REST"},{"data":"Armaments","floor":15,"key":"SMITH"}],"neow_cost":"PERCENT_DAMAGE","seed_source_timestamp":314114999075600,"circlet_count":0,"master_deck":["AscendersBane","Defend_G","Defend_G","Defend_G","Defend_G","Defend_G","Strike_G","Strike_G","Strike_G","Strike_G","Survivor","Neutralize+1","Backflip","Crippling Poison+1","Scrape","FTL","Armaments+1"],"relics":["Ring of the Snake","PrismaticShard","Blood Vial","Bronze Scales","Bird Faced Urn","The Specimen"],"potions_floor_usage":[10,16],"damage_taken":[{"damage":0,"enemies":"2 Louse","floor":1,"turns":4},{"damage":6,"enemies":"Cultist","floor":2,"turns":4},{"damage":5,"enemies":"Jaw Worm","floor":4,"turns":6},{"damage":22,"enemies":"Lagavulin","floor":10,"turns":9},{"damage":2,"enemies":"3 Louse","floor":12,"turns":2},{"damage":5,"enemies":"3 Sentries","floor":13,"turns":10},{"damage":3,"enemies":"Looter","floor":14,"turns":3},{"damage":33,"enemies":"Slime Boss","floor":16,"turns":13}],"seed_played":"-8417962043878646204","potions_obtained":[{"floor":4,"key":"AttackPotion"},{"floor":10,"key":"LiquidBronze"}],"is_trial":false,"path_per_floor":["M","M","$","M","$","R","?","R","T","E","R","M","E","M","R","B"],"character_chosen":"THE_SILENT","items_purchased":["PrismaticShard","Blood Vial"],"campfire_rested":1,"item_purchase_floors":[5,5],"current_hp_per_floor":[45,39,39,34,34,34,34,34,34,14,35,35,32,31,31,0],"gold":144,"neow_bonus":"TWO_FIFTY_GOLD","is_prod":false,"is_daily":false,"chose_seed":false,"campfire_upgraded":3,"win_rate":0,"timestamp":1550371216,"path_taken":["M","M","$","M","$","R","?","R","T","E","R","?","E","M","R","BOSS"],"build_version":"2019-01-23","purchased_purges":0,"victory":false,"max_hp_per_floor":[70,70,70,70,70,70,70,70,70,70,70,70,70,70,70,70],"card_choices":[{"not_picked":["Blade Dance","Slice"],"picked":"Backflip","floor":1},{"not_picked":["Flying Knee","Acrobatics"],"picked":"Crippling Poison","floor":2},{"not_picked":["Riddle With Holes","Flechettes","Underhanded Strike"],"picked":"SKIP","floor":4},{"not_picked":["Headbutt","Prepared"],"picked":"Scrape","floor":10},{"not_picked":["Armaments","Warcry"],"picked":"FTL","floor":12},{"not_picked":["Steam","Twin Strike","Chrysalis"],"picked":"SKIP","floor":13},{"not_picked":["Sword Boomerang","Bloodletting"],"picked":"Armaments","floor":14}],"player_experience":454556,"relics_obtained":[{"floor":9,"key":"Bronze Scales"},{"floor":10,"key":"Bird Faced Urn"},{"floor":13,"key":"The Specimen"}],"event_choices":[{"cards_removed":["Strike_G"],"damage_healed":0,"gold_gain":0,"player_choice":"Offered Basic","damage_taken":0,"max_hp_gain":0,"max_hp_loss":0,"event_name":"Bonfire Elementals","floor":7,"gold_loss":0}],"is_beta":false,"boss_relics":[],"items_purged_floors":[],"is_endless":false,"potions_floor_spawned":[4,10],"killed_by":"Slime Boss","ascension_level":12}