{"gold_per_floor":[117,137,137,137,137,167,189,201,237,249,14,14,31,45,45,142,142,158,257,257,268,116,116,116],"floor_reached":24,"playtime":1697,"items_purged":["Strike_R","Strike_R"],"score":219,"play_id":"78dd7bbf-d978-49a7-a048-b2f91cd0075c","local_time":"20190215143911","is_ascension_mode":false,"campfire_choices":[{"data":"Uppercut","floor":8,"key":"SMITH"},{"data":"Evolve","floor":10,"key":"SMITH"},{"data":"Body Slam","floor":15,"key":"SMITH"},{"data":"Barricade","floor":23,"key":"SMITH"}],"neow_cost":"NONE","seed_source_timestamp":104669243259176,"circlet_count":0,"master_deck":["Strike_R+1","Strike_R","Defend_R","Defend_R","Defend_R","Defend_R","Bash","Uppercut+1","Flame Barrier","Evolve+1","Whirlwind+1","Shrug It Off","Body Slam+1","Rampage","Barricade+1"],"relics":["Burning Blood","NeowsBlessing","Anchor","MawBank","Orichalcum","Eternal Feather"],"potions_floor_usage":[7,13,16,16,16,24,24,24],"damage_taken":[{"damage":0,"enemies":"Cultist","floor":1,"turns":1},{"damage":0,"enemies":"Small Slimes","floor":2,"turns":1},{"damage":0,"enemies":"Lagavulin","floor":6,"turns":1},{"damage":0,"enemies":"Jaw Worm","floor":7,"turns":4},{"damage":5,"enemies":"Exordium Thugs","floor":13,"turns":2},{"damage":0,"enemies":"2 Fungi Beasts","floor":14,"turns":3},{"damage":9,"enemies":"The Guardian","floor":16,"turns":6},{"damage":0,"enemies":"Shell Parasite","floor":18,"turns":12},{"damage":12,"enemies":"Chosen","floor":21,"turns":9},{"damage":72,"enemies":"Book of Stabbing","floor":24,"turns":9}],"seed_played":"-5311530539578561991","potions_obtained":[{"floor":1,"key":"AttackPotion"},{"floor":2,"key":"Weak Potion"},{"floor":6,"key":"PowerPotion"},{"floor":7,"key":"LiquidBronze"},{"floor":14,"key":"Energy Potion"},{"floor":18,"key":"SkillPotion"},{"floor":21,"key":"SpeedPotion"}],"is_trial":false,"path_per_floor":["M","M","?","?","?","E","M","R","T","R","$","?","M","M","R","B",null,"M","?","?","M","$","R","E"],"character_chosen":"IRONCLAD","items_purchased":["Whirlwind","Shrug It Off","Body Slam","SpeedPotion"],"campfire_rested":0,"item_purchase_floors":[11,11,11,22],"current_hp_per_floor":[80,80,68,68,68,74,80,80,80,80,80,64,65,71,71,68,80,80,80,65,59,59,68,0],"gold":116,"neow_bonus":"THREE_ENEMY_KILL","is_prod":false,"is_daily":false,"chose_seed":false,"campfire_upgraded":4,"win_rate":0.0,"timestamp":1550209151,"path_taken":["M","M","?","?","?","E","?","R","T","R","$","?","M","M","R","BOSS","M","?","?","M","$","R","E"],"build_version":"2019-01-23","purchased_purges":2,"victory":false,"max_hp_per_floor":[80,80,80,80,80,80,80,80,80,80,80,80,80,80,80,80,80,80,80,85,85,85,85,85],"card_choices":[{"not_picked":["Perfected Strike","Fire Breathing"],"picked":"Uppercut","floor":1},{"not_picked":["Heavy Blade","Headbutt"],"picked":"Flame Barrier","floor":2},{"not_picked":["Warcry","Spot Weakness"],"picked":"Evolve","floor":6},{"not_picked":["Thunderclap","Clothesline","Intimidate"],"picked":"SKIP","floor":7},{"not_picked":["Cleave","Rage"],"picked":"Rampage","floor":13},{"not_picked":["Uppercut","Heavy Blade","Sword Boomerang"],"picked":"SKIP","floor":14},{"not_picked":["Bludgeon","Exhume"],"picked":"Barricade","floor":16},{"not_picked":["Heavy Blade+1","Armaments","Flex"],"picked":"SKIP","floor":18},{"not_picked":["Clothesline","Flex+1","True Grit"],"picked":"SKIP","floor":21}],"player_experience":37398,"relics_obtained":[{"floor":6,"key":"MawBank"},{"floor":9,"key":"Orichalcum"}],"event_choices":[{"damage_healed":0,"gold_gain":0,"player_choice":"Success","damage_taken":12,"relics_obtained":["Anchor"],"max_hp_gain":0,"max_hp_loss":0,"event_name":"Scrap Ooze","floor":3,"gold_loss":0},{"cards_removed":["Strike_R"],"damage_healed":0,"gold_gain":0,"player_choice":"Forget","damage_taken":0,"max_hp_gain":0,"max_hp_loss":0,"event_name":"Living Wall","floor":4,"gold_loss":0},{"damage_healed":0,"gold_gain":0,"player_choice":"Ignored","damage_taken":0,"max_hp_gain":0,"max_hp_loss":0,"event_name":"Liars Game","floor":5,"gold_loss":0},{"damage_healed":0,"gold_gain":0,"player_choice":"Entered Light","damage_taken":16,"max_hp_gain":0,"max_hp_loss":0,"event_name":"Shining Light","floor":12,"gold_loss":0,"cards_upgraded":["Whirlwind","Strike_R"]},{"damage_healed":0,"gold_gain":99,"player_choice":"Stole From Cult","damage_taken":0,"max_hp_gain":0,"max_hp_loss":0,"event_name":"Nest","floor":19,"gold_loss":0},{"damage_healed":0,"gold_gain":0,"player_choice":"Shed Blood","damage_taken":20,"max_hp_gain":5,"max_hp_loss":0,"event_name":"Forgotten Altar","floor":20,"gold_loss":0}],"is_beta":false,"boss_relics":[{"not_picked":["Runic Pyramid","Calling Bell"],"picked":"Eternal Feather"}],"items_purged_floors":[11,22],"is_endless":false,"potions_floor_spawned":[1,2,6,7,14,18,21],"killed_by":"Book of Stabbing","ascension_level":0}