{"path_per_floor":["M","$","?","?","M","M","M","$","T","M","?","$","R","$","R"],"character_chosen":"IRONCLAD","items_purchased":["Omamori","Whirlwind"],"gold_per_floor":[214,214,214,214,224,236,247,103,103,115,80,80,80,7,7,7],"floor_reached":16,"campfire_rested":0,"playtime":429,"current_hp_per_floor":[77,77,74,67,69,62,48,48,48,24,44,44,44,44,44,0],"items_purged":[],"gold":7,"score":135,"play_id":"cb716b2c-c11e-43c6-a1f6-8bd944aa9291","local_time":"20180522001816","is_prod":false,"is_daily":false,"chose_seed":false,"is_ascension_mode":true,"campfire_upgraded":2,"timestamp":1526941096,"campfire_choices":[{"data":"Bash","floor":13,"key":"SMITH"},{"data":"Whirlwind","floor":15,"key":"SMITH"}],"path_taken":["M","?","?","?","M","?","M","$","T","M","?","?","R","?","R","BOSS"],"build_version":"2018-05-17","seed_source_timestamp":183697601550267,"purchased_purges":0,"victory":false,"master_deck":["Strike_R","Strike_R","Strike_R","Strike_R","Strike_R","Defend_R","Defend_R","Defend_R","Bash+1","AscendersBane","Seeing Red","Clash","Whirlwind+1"],"max_hp_per_floor":[80,80,80,80,80,80,80,80,80,80,80,80,80,80,80,80],"relics":["Burning Blood","Frozen Egg 2","Omamori","Orichalcum"],"card_choices":[{"not_picked":["Clash","Fire Breathing"],"picked":"Seeing Red","floor":1},{"not_picked":["True Grit","Clash","Sword Boomerang"],"picked":"SKIP","floor":5},{"not_picked":["Armaments","True Grit","Sword Boomerang"],"picked":"SKIP","floor":6},{"not_picked":["Warcry","Burning Pact","Combust+1"],"picked":"SKIP","floor":7},{"not_picked":["Heavy Blade","Flex"],"picked":"Clash","floor":10}],"player_experience":171010,"potions_floor_usage":[16],"damage_taken":[{"damage":1,"enemies":"Cultist","floor":1,"turns":3},{"damage":4,"enemies":"2 Louse","floor":5,"turns":3},{"damage":13,"enemies":"Small Slimes","floor":6,"turns":4},{"damage":20,"enemies":"3 Louse","floor":7,"turns":4},{"damage":30,"enemies":"Large Slime","floor":10,"turns":9},{"damage":45,"enemies":"The Guardian","floor":16,"turns":6}],"relics_obtained":[{"floor":9,"key":"Orichalcum"}],"event_choices":[{"event_name":"Scrap Ooze","player_choice":"success","floor":3,"damage_taken":3},{"event_name":"Golden Wing","player_choice":"Card Removal","floor":4,"damage_taken":0},{"event_name":"The Cleric","player_choice":"Healed","floor":11,"damage_taken":0}],"boss_relics":[],"potions_floor_spawned":[1],"seed_played":"8066115818280954198","killed_by":"The Guardian","ascension_level":10,"potions_obtained":[{"floor":1,"key":"Poison Potion"}],"is_trial":false}