{"gold_per_floor":[213,213,213,388,403,436,452,452,507,379,379,403,403,428,428,547,547,570,570,555,555],"floor_reached":21,"playtime":4257,"items_purged":["Doubt"],"score":224,"play_id":"121e3b82-903c-4a18-93ad-d5b71f6b7f8f","local_time":"20181028004744","is_ascension_mode":true,"campfire_choices":[{"floor":13,"key":"REST"},{"floor":15,"key":"REST"}],"neow_cost":"NONE","seed_source_timestamp":1906427333583173,"circlet_count":0,"master_deck":["Strike_B","Strike_B","Strike_B","Strike_B","Defend_B","Defend_B","Defend_B","Defend_B","Zap","Dualcast","All For One","Undo","Leap","Injury","Conserve Battery","Gash+1","Core Surge+1","Genetic Algorithm+1","Go for the Eyes+1"],"relics":["Cracked Core","Boot","Kunai","Molten Egg 2","Art of War","Golden Idol","Eternal Feather"],"potions_floor_usage":[7,16],"damage_taken":[{"damage":4,"enemies":"2 Louse","floor":1,"turns":2},{"damage":13,"enemies":"Small Slimes","floor":5,"turns":3},{"damage":50,"enemies":"3 Sentries","floor":6,"turns":10},{"damage":0,"enemies":"Jaw Worm","floor":7,"turns":3},{"damage":0,"enemies":"Red Slaver","floor":12,"turns":3},{"damage":12,"enemies":"Lots of Slimes","floor":14,"turns":4},{"damage":22,"enemies":"Slime Boss","floor":16,"turns":13},{"damage":21,"enemies":"Shell Parasite","floor":18,"turns":6},{"damage":27,"enemies":"2 Thieves","floor":20,"turns":4},{"damage":18,"enemies":"Shelled Parasite and Fungi","floor":21,"turns":2}],"seed_played":"-435843969249289110","potions_obtained":[{"floor":5,"key":"SkillPotion"},{"floor":7,"key":"Strength Potion"},{"floor":12,"key":"Swift Potion"},{"floor":14,"key":"Regen Potion"},{"floor":20,"key":"FearPotion"}],"is_trial":false,"path_per_floor":["M","?","?","?","M","E","M","T","T","$","?","M","R","M","R","B",null,"M","?","M"],"character_chosen":"DEFECT","items_purchased":["Leap"],"campfire_rested":2,"item_purchase_floors":[10],"current_hp_per_floor":[71,71,71,71,58,8,8,8,8,8,8,8,30,18,40,33,65,44,44,17,0],"gold":555,"neow_bonus":"HUNDRED_GOLD","is_prod":false,"is_daily":false,"chose_seed":false,"campfire_upgraded":0,"win_rate":0,"timestamp":1540655264,"path_taken":["M","?","?","?","M","E","M","?","T","$","?","M","R","M","R","BOSS","M","?","?","M"],"build_version":"2018-10-25v2","purchased_purges":1,"victory":false,"max_hp_per_floor":[75,75,75,75,75,75,75,75,75,75,75,75,75,75,75,75,75,75,75,75,75],"card_choices":[{"not_picked":["Streamline","Hello World","Sweeping Beam"],"picked":"SKIP","floor":1},{"not_picked":["Turbo","Streamline","Rebound"],"picked":"SKIP","floor":5},{"not_picked":["Turbo","Streamline","Rebound"],"picked":"SKIP","floor":5},{"not_picked":["Gash","Redo"],"picked":"All For One","floor":6},{"not_picked":["Streamline","Skim"],"picked":"Undo","floor":7},{"not_picked":["Genetic Algorithm","Turbo"],"picked":"Conserve Battery","floor":12},{"not_picked":["Genetic Algorithm","Leap"],"picked":"Gash+1","floor":14},{"not_picked":["Electrodynamics","Multi-Cast"],"picked":"Core Surge+1","floor":16},{"not_picked":["Melter+1","Compile Driver+1"],"picked":"Genetic Algorithm+1","floor":18},{"not_picked":["Coolheaded","Chill"],"picked":"Go for the Eyes+1","floor":20}],"player_experience":263457,"relics_obtained":[{"floor":6,"key":"Kunai"},{"floor":8,"key":"Molten Egg 2"},{"floor":9,"key":"Art of War"}],"event_choices":[{"damage_healed":0,"gold_gain":0,"player_choice":"Box","damage_taken":0,"relics_obtained":["Boot"],"max_hp_gain":0,"max_hp_loss":0,"event_name":"Big Fish","floor":2,"gold_loss":0,"cards_obtained":["Regret"]},{"cards_removed":["Regret"],"damage_healed":0,"gold_gain":0,"player_choice":"Forget","damage_taken":0,"max_hp_gain":0,"max_hp_loss":0,"event_name":"Living Wall","floor":3,"gold_loss":0},{"damage_healed":0,"gold_gain":175,"player_choice":"AGREE","damage_taken":0,"max_hp_gain":0,"max_hp_loss":0,"event_name":"Liars Game","floor":4,"gold_loss":0,"cards_obtained":["Doubt"]},{"damage_healed":0,"gold_gain":0,"player_choice":"Take Wound","damage_taken":0,"relics_obtained":["Golden Idol"],"max_hp_gain":0,"max_hp_loss":0,"event_name":"Golden Idol","floor":11,"gold_loss":0,"cards_obtained":["Injury"]},{"damage_healed":0,"gold_gain":0,"player_choice":"Bought 0 Potions","damage_taken":0,"max_hp_gain":0,"max_hp_loss":0,"event_name":"The Woman in Blue","floor":19,"gold_loss":0}],"is_beta":false,"boss_relics":[{"not_picked":["Fusion Hammer","Runic Pyramid"],"picked":"Eternal Feather"}],"items_purged_floors":[10],"is_endless":false,"potions_floor_spawned":[5,7,12,14,20],"killed_by":"Shelled Parasite and Fungi","ascension_level":5}