{"gold_per_floor":[114,114,128,144,319,349,349,376,429,439,439,452,452,469,469,566,566,585,685,704,704,715,715,729,213,213,213,225,225,245,277,277,277],"floor_reached":33,"playtime":2485,"items_purged":[],"score":293,"play_id":"ace7bb1b-1b7b-47f8-a8b8-efbde1abcc44","local_time":"20181024215707","is_ascension_mode":true,"campfire_choices":[{"floor":7,"key":"REST"},{"floor":11,"key":"REST"},{"floor":15,"key":"REST"},{"floor":23,"key":"REST"},{"floor":27,"key":"REST"},{"floor":32,"key":"REST"}],"neow_cost":"NONE","seed_source_timestamp":171115962993769,"circlet_count":0,"master_deck":["Defend_G","Defend_G","Defend_G","Strike_G","Strike_G","Strike_G","Strike_G","Strike_G","Survivor","Neutralize","Flying Knee","All Out Attack","Footwork","Doubt","Deadly Poison","Flying Knee","Dash","Quick Slash","Adrenaline","Outmaneuver+1","Mayhem","Slice","Acrobatics","Distraction","Concentrate","Blur+1"],"relics":["Ring of the Snake","NeowsBlessing","Letter Opener","Lantern","Potion Belt","Singing Bowl","Runic Pyramid","Centennial Puzzle","Oddly Smooth Stone","Ornamental Fan"],"potions_floor_usage":[8,16,18,24,31,31,33],"damage_taken":[{"damage":0,"enemies":"Jaw Worm","floor":1,"turns":1},{"damage":0,"enemies":"2 Louse","floor":3,"turns":1},{"damage":0,"enemies":"Cultist","floor":4,"turns":1},{"damage":44,"enemies":"Lagavulin","floor":6,"turns":9},{"damage":27,"enemies":"Gremlin Nob","floor":8,"turns":6},{"damage":5,"enemies":"Looter","floor":10,"turns":3},{"damage":6,"enemies":"Exordium Wildlife","floor":12,"turns":5},{"damage":0,"enemies":"3 Louse","floor":14,"turns":1},{"damage":15,"enemies":"The Guardian","floor":16,"turns":13},{"damage":14,"enemies":"Spheric Guardian","floor":18,"turns":4},{"damage":12,"enemies":"Chosen","floor":20,"turns":5},{"damage":17,"enemies":"Snake Plant","floor":22,"turns":5},{"damage":29,"enemies":"3 Cultists","floor":24,"turns":7},{"damage":17,"enemies":"Snecko","floor":28,"turns":6},{"damage":21,"enemies":"Snake Plant","floor":30,"turns":6},{"damage":10,"enemies":"Slavers","floor":31,"turns":6},{"damage":73,"enemies":"Collector","floor":33,"turns":13}],"seed_played":"-4285565753097500107","potions_obtained":[{"floor":3,"key":"FairyPotion"},{"floor":4,"key":"Weak Potion"},{"floor":10,"key":"PowerPotion"},{"floor":16,"key":"AttackPotion"},{"floor":18,"key":"Energy Potion"},{"floor":20,"key":"Regen Potion"},{"floor":30,"key":"Block Potion"},{"floor":31,"key":"FearPotion"}],"is_trial":false,"path_per_floor":["M","?","M","M","?","E","R","E","T","M","R","M","?","M","R","B",null,"M","?","M","?","M","R","M","$","T","R","M","?","M","E","R"],"character_chosen":"THE_SILENT","items_purchased":["Centennial Puzzle","Oddly Smooth Stone","Mayhem","Block Potion"],"campfire_rested":6,"item_purchase_floors":[25,25,25,25],"current_hp_per_floor":[70,70,70,70,70,26,47,20,20,15,36,30,18,20,41,26,72,60,60,50,50,33,55,43,43,43,66,49,49,28,18,41,0],"gold":277,"neow_bonus":"THREE_ENEMY_KILL","is_prod":false,"is_daily":false,"chose_seed":false,"campfire_upgraded":0,"win_rate":0,"timestamp":1540443427,"path_taken":["M","?","?","M","?","E","R","E","T","M","R","M","?","M","R","BOSS","M","?","M","?","M","R","M","$","T","R","M","?","M","E","R","BOSS"],"build_version":"2018-10-18","purchased_purges":0,"victory":false,"max_hp_per_floor":[70,70,70,70,70,70,70,70,70,70,70,70,70,72,72,72,72,74,74,76,76,76,76,78,78,78,78,78,78,78,78,78,78],"card_choices":[{"not_picked":["Underhanded Strike","Poisoned Stab"],"picked":"Flying Knee","floor":1},{"not_picked":["Bane","Expertise"],"picked":"All Out Attack","floor":3},{"not_picked":["All Out Attack","Well Laid Plans"],"picked":"Footwork","floor":4},{"not_picked":["Bane","Skewer"],"picked":"Deadly Poison","floor":6},{"not_picked":["Quick Slash","Expertise"],"picked":"Flying Knee","floor":8},{"not_picked":["Blur","Dagger Throw"],"picked":"Dash","floor":10},{"not_picked":["Slice","Acrobatics"],"picked":"Quick Slash","floor":12},{"not_picked":["Footwork","Flechettes","Caltrops"],"picked":"Singing Bowl","floor":14},{"not_picked":["Wraith Form v2","Phantasmal Killer"],"picked":"Adrenaline","floor":16},{"not_picked":["Flying Knee","Infinite Blades+1","Blur"],"picked":"Singing Bowl","floor":18},{"not_picked":["PiercingWail","Blade Dance","Bane+1"],"picked":"Singing Bowl","floor":20},{"not_picked":["Accuracy","Deflect+1"],"picked":"Outmaneuver+1","floor":22},{"not_picked":["Deadly Poison","Finisher","Masterful Stab+1"],"picked":"Singing Bowl","floor":24},{"not_picked":["Expertise","Quick Slash"],"picked":"Slice","floor":28},{"not_picked":["Slice","Backflip"],"picked":"Concentrate","floor":30},{"not_picked":["Storm of Steel","Cloak And Dagger"],"picked":"Blur+1","floor":31}],"player_experience":349345,"relics_obtained":[{"floor":6,"key":"Letter Opener"},{"floor":8,"key":"Lantern"},{"floor":9,"key":"Potion Belt"},{"floor":31,"key":"Ornamental Fan"}],"event_choices":[{"damage_healed":0,"gold_gain":0,"player_choice":"Ignored","damage_taken":0,"max_hp_gain":0,"max_hp_loss":0,"event_name":"Golden Wing","floor":2,"gold_loss":0},{"damage_healed":0,"gold_gain":175,"player_choice":"AGREE","damage_taken":0,"max_hp_gain":0,"max_hp_loss":0,"event_name":"Liars Game","floor":5,"gold_loss":0,"cards_obtained":["Doubt"]},{"damage_healed":0,"gold_gain":0,"player_choice":"Success","damage_taken":12,"relics_obtained":["Singing Bowl"],"max_hp_gain":0,"max_hp_loss":0,"event_name":"Scrap Ooze","floor":13,"gold_loss":0},{"damage_healed":0,"gold_gain":100,"player_choice":"Pray","damage_taken":0,"max_hp_gain":0,"max_hp_loss":0,"event_name":"Golden Shrine","floor":19,"gold_loss":0},{"damage_healed":0,"gold_gain":0,"player_choice":"Ignored","damage_taken":0,"max_hp_gain":0,"max_hp_loss":0,"event_name":"Ghosts","floor":21,"gold_loss":0},{"damage_healed":0,"gold_gain":0,"cards_transformed":["Defend_G","Defend_G"],"player_choice":"Became Test Subject","damage_taken":0,"max_hp_gain":0,"max_hp_loss":0,"event_name":"Drug Dealer","floor":29,"gold_loss":0,"cards_obtained":["Acrobatics","Distraction"]}],"is_beta":false,"boss_relics":[{"not_picked":["Empty Cage","Lizard Tail"],"picked":"Runic Pyramid"}],"items_purged_floors":[],"is_endless":false,"potions_floor_spawned":[3,4,10,16,18,20,30,31],"killed_by":"Collector","ascension_level":1}