{"path_per_floor":["M","M","M","$","M","R","?","?","T","M","M","E","$","M","R","B",null,"M","$","?","M"],"character_chosen":"IRONCLAD","items_purchased":["Flash of Steel","Mind Blast"],"gold_per_floor":[110,127,145,46,64,64,64,64,64,84,100,129,54,65,65,170,170,185,84,84,96,96],"floor_reached":22,"campfire_rested":0,"playtime":1051,"current_hp_per_floor":[72,72,72,72,72,72,79,79,79,79,79,69,69,63,63,17,64,43,43,43,37,0],"items_purged":["Normality"],"gold":96,"score":254,"play_id":"34318611-23d7-45b7-bcc3-572380a8989b","local_time":"20180519164420","is_prod":false,"is_daily":false,"chose_seed":false,"is_ascension_mode":true,"campfire_upgraded":2,"timestamp":1526741060,"campfire_choices":[{"data":"Fiend Fire","floor":6,"key":"SMITH"},{"data":"Inflame","floor":15,"key":"SMITH"}],"path_taken":["M","M","M","$","M","R","?","?","T","M","?","E","?","?","R","BOSS","M","$","?","M","M"],"build_version":"2018-05-17","seed_source_timestamp":486681141886998,"purchased_purges":1,"victory":false,"master_deck":["Strike_R","Strike_R","Strike_R","Strike_R","Defend_R","Defend_R","Defend_R","Bash","Fiend Fire+1","Inflame+1","Iron Wave","Warcry+1","Inflame","Flash of Steel","Thunderclap","Impervious","Burning Pact","Sword Boomerang","Headbutt","Brutality","Pommel Strike","Iron Wave","Havoc","Warcry","Disarm","Heavy Blade","Mind Blast","Feel No Pain+1"],"max_hp_per_floor":[72,72,72,72,72,72,79,79,79,79,79,79,79,79,79,79,79,79,79,79,79,79],"relics":["Burning Blood","Strawberry","Darkstone Periapt","Blue Candle","Orrery"],"card_choices":[{"not_picked":["Shrug It Off","Anger"],"picked":"Iron Wave","floor":1},{"not_picked":["Disarm","Rage"],"picked":"Warcry","floor":2},{"not_picked":["True Grit","Uppercut"],"picked":"Inflame","floor":3},{"not_picked":["Clothesline","Wild Strike"],"picked":"Thunderclap","floor":5},{"not_picked":["Heavy Blade","Corruption"],"picked":"Impervious","floor":10},{"not_picked":["Headbutt","Rampage"],"picked":"Burning Pact","floor":11},{"not_picked":["Second Wind","Shrug It Off"],"picked":"Sword Boomerang","floor":12},{"not_picked":["Cleave","Bloodletting"],"picked":"Headbutt","floor":14},{"not_picked":["Bludgeon","Juggernaut"],"picked":"Brutality","floor":16},{"not_picked":["Warcry","Twin Strike"],"picked":"Pommel Strike","floor":17},{"not_picked":["Heavy Blade","Headbutt"],"picked":"Iron Wave","floor":17},{"not_picked":["Armaments","Second Wind"],"picked":"Havoc","floor":17},{"not_picked":["Perfected Strike","True Grit"],"picked":"Warcry","floor":17},{"not_picked":["Wild Strike","Feel No Pain"],"picked":"Disarm","floor":17},{"not_picked":["Perfected Strike","Warcry"],"picked":"Heavy Blade","floor":18},{"not_picked":["Battle Trance","Disarm"],"picked":"Feel No Pain+1","floor":21}],"player_experience":109545,"potions_floor_usage":[14,16],"damage_taken":[{"damage":2,"enemies":"Jaw Worm","floor":1,"turns":3},{"damage":6,"enemies":"Cultist","floor":2,"turns":3},{"damage":0,"enemies":"Small Slimes","floor":3,"turns":4},{"damage":6,"enemies":"Blue Slaver","floor":5,"turns":3},{"damage":0,"enemies":"Exordium Thugs","floor":10,"turns":3},{"damage":0,"enemies":"Looter","floor":11,"turns":2},{"damage":16,"enemies":"Gremlin Nob","floor":12,"turns":3},{"damage":12,"enemies":"Gremlin Gang","floor":14,"turns":4},{"damage":52,"enemies":"The Guardian","floor":16,"turns":12},{"damage":27,"enemies":"Chosen","floor":18,"turns":4},{"damage":12,"enemies":"Shell Parasite","floor":21,"turns":5},{"damage":40,"enemies":"3 Cultists","floor":22,"turns":4}],"relics_obtained":[{"floor":9,"key":"Darkstone Periapt"},{"floor":12,"key":"Blue Candle"}],"event_choices":[{"event_name":"Accursed Blacksmith","player_choice":"Rummage","floor":7,"damage_taken":0},{"event_name":"Upgrade Shrine","player_choice":"Upgraded","floor":8,"damage_taken":0},{"event_name":"Beggar","player_choice":"Ignored","floor":20,"damage_taken":0}],"boss_relics":[{"not_picked":["White Beast Statue","Black Blood"],"picked":"Orrery"}],"potions_floor_spawned":[2,11,14,16,18],"seed_played":"-5542762233003841770","killed_by":"3 Cultists","ascension_level":7,"potions_obtained":[{"floor":2,"key":"SpeedPotion"},{"floor":11,"key":"Energy Potion"},{"floor":14,"key":"PowerPotion"},{"floor":16,"key":"FearPotion"},{"floor":18,"key":"PowerPotion"}],"is_trial":false}