{"gold_per_floor":[15,65,84,84,95,95,122,122,122,140,140,155,155,155,155,232,232,247,261,261],"floor_reached":20,"playtime":730,"items_purged":[],"score":313,"play_id":"e7f0d585-4f23-49ff-a600-d73f66da8828","local_time":"20190126193438","is_ascension_mode":true,"campfire_choices":[{"data":"Self Repair","floor":6,"key":"SMITH"},{"data":"White Noise","floor":8,"key":"SMITH"},{"data":"Capacitor","floor":11,"key":"SMITH"},{"data":"Leap","floor":13,"key":"SMITH"},{"floor":15,"key":"REST"}],"neow_cost":"NO_GOLD","seed_source_timestamp":817424648317883,"circlet_count":0,"master_deck":["AscendersBane","Strike_B","Strike_B","Strike_B","Strike_B","Defend_B","Defend_B","Defend_B","Defend_B","Zap","Dualcast","Self Repair+1","Capacitor+1","White Noise+1","Ball Lightning","Cold Snap","Leap+1","Fission","FTL+1"],"relics":["Cracked Core","Potion Belt","Bag of Marbles","Bottled Flame","White Beast Statue"],"potions_floor_usage":[19,20],"damage_taken":[{"damage":7,"enemies":"2 Louse","floor":1,"turns":2},{"damage":1,"enemies":"Cultist","floor":3,"turns":3},{"damage":10,"enemies":"Small Slimes","floor":5,"turns":5},{"damage":20,"enemies":"Lagavulin","floor":7,"turns":8},{"damage":10,"enemies":"Exordium Wildlife","floor":10,"turns":4},{"damage":9,"enemies":"2 Fungi Beasts","floor":12,"turns":2},{"damage":16,"enemies":"Slime Boss","floor":16,"turns":11},{"damage":33,"enemies":"Spheric Guardian","floor":18,"turns":6},{"damage":29,"enemies":"2 Thieves","floor":19,"turns":4},{"damage":37,"enemies":"Centurion and Healer","floor":20,"turns":4}],"seed_played":"127277895943695015","potions_obtained":[{"floor":1,"key":"GamblersBrew"},{"floor":3,"key":"SteroidPotion"},{"floor":5,"key":"LiquidBronze"},{"floor":18,"key":"Ancient Potion"},{"floor":19,"key":"SneckoOil"}],"is_trial":false,"path_per_floor":["M","?","M","?","M","R","E","R","T","M","R","M","R","?","R","B",null,"M","M","M"],"character_chosen":"DEFECT","items_purchased":[],"campfire_rested":1,"item_purchase_floors":[],"current_hp_per_floor":[71,71,77,51,48,48,38,38,38,38,38,39,39,39,64,58,78,55,36,0],"gold":261,"neow_bonus":"TWENTY_PERCENT_HP_BONUS","is_prod":false,"is_daily":false,"chose_seed":false,"campfire_upgraded":4,"win_rate":0,"timestamp":1548498878,"path_taken":["M","?","?","?","M","R","E","R","T","M","R","M","R","?","R","BOSS","M","M","M"],"build_version":"2019-01-23","purchased_purges":0,"victory":false,"max_hp_per_floor":[85,85,85,85,85,85,85,85,85,85,85,85,85,85,85,85,85,85,85,85],"card_choices":[{"not_picked":["Melter","Barrage"],"picked":"Self Repair","floor":1},{"not_picked":["Sweeping Beam","Gash"],"picked":"Capacitor","floor":3},{"not_picked":["Darkness","Go for the Eyes"],"picked":"White Noise","floor":5},{"not_picked":["Chaos","Storm"],"picked":"Ball Lightning","floor":7},{"not_picked":["Conserve Battery","Static Discharge"],"picked":"Cold Snap","floor":10},{"not_picked":["Force Field","Consume"],"picked":"Leap","floor":12},{"not_picked":["Core Surge","Amplify"],"picked":"Fission","floor":16},{"not_picked":["Go for the Eyes","Rebound"],"picked":"FTL+1","floor":18},{"not_picked":["Rip and Tear","Turbo","Barrage"],"picked":"SKIP","floor":19}],"player_experience":546470,"relics_obtained":[{"floor":7,"key":"Bag of Marbles"},{"floor":9,"key":"Bottled Flame"}],"event_choices":[{"damage_healed":0,"gold_gain":50,"player_choice":"Pray","damage_taken":0,"max_hp_gain":0,"max_hp_loss":0,"event_name":"Golden Shrine","floor":2,"gold_loss":0},{"damage_healed":0,"gold_gain":0,"player_choice":"Success","damage_taken":26,"relics_obtained":["Potion Belt"],"max_hp_gain":0,"max_hp_loss":0,"event_name":"Scrap Ooze","floor":4,"gold_loss":0},{"damage_healed":0,"gold_gain":0,"player_choice":"Ignored","damage_taken":0,"max_hp_gain":0,"max_hp_loss":0,"event_name":"Shining Light","floor":14,"gold_loss":0}],"is_beta":false,"boss_relics":[{"not_picked":["Philosopher\u0027s Stone","Calling Bell"],"picked":"White Beast Statue"}],"items_purged_floors":[],"is_endless":false,"potions_floor_spawned":[1,3,5,18,19],"killed_by":"Centurion and Healer","ascension_level":16}