{"gold_per_floor":[114,114,0,0,14,14,32,46,100,100,115,62,62,92,92,194,194,212,212,246,265,265,265,2,22,98,98,117,117,135,135,135,135],"floor_reached":33,"playtime":4131,"items_purged":[],"score":295,"play_id":"e2578c40-3dfd-45cc-aefd-72dce4bc25d7","local_time":"20181123214528","is_ascension_mode":false,"campfire_choices":[{"data":"Deflect","floor":6.0,"key":"SMITH"},{"data":"Dash","floor":13.0,"key":"SMITH"},{"data":"Bane","floor":15.0,"key":"SMITH"},{"data":"Terror","floor":23,"key":"SMITH"},{"data":"Enlightenment","floor":27,"key":"SMITH"},{"floor":29,"key":"REST"},{"floor":32,"key":"REST"}],"neow_cost":"NONE","seed_source_timestamp":0,"circlet_count":0,"master_deck":["Defend_G","Defend_G","Defend_G","Defend_G","Strike_G","Strike_G","Strike_G","Strike_G","Strike_G","Survivor","Neutralize","Well Laid Plans","Poisoned Stab","Dramatic Entrance","Dash+1","Deflect+1","Dash","Dash","Noxious Fumes","Bane+1","Tactician","Doppelganger","Bane","Terror+1","Well Laid Plans+1","Slice","Envenom","Enlightenment+1","The Bomb","Catalyst","Dash+1","Distraction+1"],"special_seed":0,"relics":["Ring of the Snake","Omamori","Strawberry","PreservedInsect","Black Star","Letter Opener","Red Mask","Darkstone Periapt"],"potions_floor_usage":[20,20,25,25],"damage_taken":[{"damage":0.0,"enemies":"Small Slimes","floor":1.0,"turns":5.0},{"damage":0.0,"enemies":"Cultist","floor":5.0,"turns":3.0},{"damage":0.0,"enemies":"2 Louse","floor":7.0,"turns":2.0},{"damage":0.0,"enemies":"Lots of Slimes","floor":8.0,"turns":2.0},{"damage":0.0,"enemies":"3 Louse","floor":11.0,"turns":2.0},{"damage":0.0,"enemies":"3 Sentries","floor":14.0,"turns":7.0},{"damage":19.0,"enemies":"Slime Boss","floor":16.0,"turns":10.0},{"damage":16,"enemies":"Shell Parasite","floor":18,"turns":7},{"damage":13,"enemies":"Masked Bandits","floor":20,"turns":5},{"damage":0,"enemies":"Chosen","floor":21,"turns":5},{"damage":3,"enemies":"3 Cultists","floor":25,"turns":3},{"damage":15,"enemies":"Snake Plant","floor":28,"turns":5},{"damage":63,"enemies":"Cultist and Chosen","floor":30,"turns":7},{"damage":27,"enemies":"Collector","floor":33,"turns":2}],"seed_played":"4175989751265474618","potions_obtained":[{"floor":0.0,"key":"EssenceOfSteel"},{"floor":0.0,"key":"Strength Potion"},{"floor":0.0,"key":"Regen Potion"},{"floor":7.0,"key":"Energy Potion"},{"floor":18,"key":"AttackPotion"},{"floor":20,"key":"Swift Potion"}],"is_trial":false,"path_per_floor":["M","?","$","?","M","R","M","M","T","?","M","$","R","E","R","B",null,"M","?","?","M","?","R","$","M","T","R","M","R","M","?","R","B"],"character_chosen":"THE_SILENT","items_purchased":["Poisoned Stab","Dramatic Entrance","Bane","Enlightenment","The Bomb"],"campfire_rested":2,"item_purchase_floors":[3,3,12,24,24],"current_hp_per_floor":[70,70,70,70,70,70,70,70,70,77,77,77,77,77,77,58,77,61,61,60,60,60,60,60,57,57,57,42,65,2,2,25,0],"gold":135,"neow_bonus":"THREE_SMALL_POTIONS","is_prod":false,"is_daily":false,"chose_seed":false,"campfire_upgraded":5,"win_rate":0.0,"timestamp":1543009528,"path_taken":["M","?","?","?","?","R","M","M","T","?","M","$","R","E","R","BOSS","M","?","?","M","?","R","$","M","T","R","?","R","M","?","R","BOSS"],"build_version":"2018-11-15","purchased_purges":0,"victory":false,"max_hp_per_floor":[70,70,70,70,70,70,70,70,70,77,77,77,77,77,77,77,77,77,77,77,77,77,77,77,77,77,77,77,77,77,77,77,77],"card_choices":[{"not_picked":["Eviscerate","Escape Plan"],"picked":"Well Laid Plans","floor":1.0},{"not_picked":["Slice","Dodge and Roll"],"picked":"Deflect","floor":5.0},{"not_picked":["Expertise","Flying Knee"],"picked":"Dash","floor":7.0},{"not_picked":["Footwork","Sucker Punch"],"picked":"Dash","floor":8.0},{"not_picked":["Bane","PiercingWail"],"picked":"Noxious Fumes","floor":11.0},{"not_picked":["Choke","Predator"],"picked":"Tactician","floor":14.0},{"not_picked":["Tools of the Trade","Corpse Explosion"],"picked":"Doppelganger","floor":16.0},{"not_picked":["Quick Slash","Blade Dance+1"],"picked":"Bane","floor":18},{"not_picked":["Eviscerate","Tools of the Trade"],"picked":"Terror","floor":20},{"not_picked":["Skewer","Underhanded Strike"],"picked":"Well Laid Plans+1","floor":21},{"not_picked":["Poisoned Stab","Blur"],"picked":"Catalyst","floor":25},{"not_picked":["Prepared+1","Masterful Stab"],"picked":"Dash+1","floor":28},{"not_picked":["Backflip","Dodge and Roll"],"picked":"Distraction+1","floor":30}],"player_experience":31325,"relics_obtained":[{"floor":9.0,"key":"Omamori"},{"floor":14.0,"key":"PreservedInsect"},{"floor":20,"key":"Red Mask"},{"floor":26,"key":"Darkstone Periapt"}],"event_choices":[{"cards_removed":["Defend_G"],"damage_healed":0.0,"max_hp_gain":0.0,"max_hp_loss":0.0,"gold_gain":0.0,"event_name":"Purifier","player_choice":"Purged","floor":2.0,"gold_loss":0.0,"damage_taken":0.0},{"damage_healed":0.0,"max_hp_gain":0.0,"max_hp_loss":0.0,"gold_gain":0.0,"event_name":"Match and Keep!","player_choice":"1 cards matched","floor":4.0,"gold_loss":0.0,"damage_taken":0.0,"cards_obtained":["Dash"]},{"damage_healed":0.0,"max_hp_gain":0.0,"max_hp_loss":0.0,"gold_gain":0.0,"event_name":"Big Fish","player_choice":"Box","floor":10.0,"gold_loss":0.0,"damage_taken":0.0,"relics_obtained":["Strawberry"],"cards_obtained":["Regret"]},{"damage_healed":0,"gold_gain":0,"player_choice":"Stole Relic","damage_taken":0,"relics_obtained":["Letter Opener"],"max_hp_gain":0,"max_hp_loss":0,"event_name":"Addict","floor":19,"gold_loss":0,"cards_obtained":["Shame"]},{"damage_healed":0,"gold_gain":0,"player_choice":"Fought Bandits","damage_taken":0,"max_hp_gain":0,"max_hp_loss":0,"event_name":"Masked Bandits","floor":20,"gold_loss":0},{"damage_healed":0,"gold_gain":0,"player_choice":"2 cards matched","damage_taken":0,"max_hp_gain":0,"max_hp_loss":0,"event_name":"Match and Keep!","floor":22,"gold_loss":0,"cards_obtained":["Slice","Envenom"]},{"damage_healed":0,"gold_gain":0,"player_choice":"Ignored","damage_taken":0,"max_hp_gain":0,"max_hp_loss":0,"event_name":"Vampires","floor":31,"gold_loss":0}],"is_beta":false,"boss_relics":[{"not_picked":["Astrolabe","Orrery"],"picked":"Black Star"}],"items_purged_floors":[],"is_endless":false,"potions_floor_spawned":[1,7,8,18,20],"killed_by":"Collector","ascension_level":0}