{"path_per_floor":["M","?","?","M","M","E","R","?","T","$","R","?","M","E","R","B",null,"M","?","$","?","$","E","R","M","T","?","M","R","M","E","R","B",null,"M","?","M","?","M","M","E","M","T","E","?","M","M","M","R","B"],"character_chosen":"IRONCLAD","items_purchased":["Apotheosis","Twin Strike","Thinking Ahead"],"gold_per_floor":[210,210,160,178,202,233,233,233,233,3,3,253,272,316,316,435,435,435,435,360,360,172,172,172,172,172,97,97,97,97,97,97,97,97,97,97,97,97,97,97,97,97,97,97,97,97,97,97,97,97],"floor_reached":51,"campfire_rested":3,"playtime":2230,"current_hp_per_floor":[80,60,60,64,70,64,64,80,80,80,80,80,73,60,60,11,80,79,79,79,63,63,23,47,53,53,53,55,55,51,20,44,33,80,73,73,64,64,45,31,33,35,35,37,37,42,27,29,53,11],"items_purged":["Regret"],"gold":97,"score":882,"play_id":"11669fff-aee2-4232-8ee0-01128f32589f","local_time":"20180513050442","is_prod":false,"is_daily":false,"chose_seed":false,"is_ascension_mode":false,"campfire_upgraded":4,"timestamp":1526180682,"path_taken":["M","?","?","M","M","E","R","?","T","$","R","?","?","E","R","BOSS","M","?","$","?","$","E","R","?","T","?","M","R","M","E","R","BOSS","M","?","M","?","M","M","E","M","T","E","?","M","M","M","R","BOSS"],"build_version":"2018-05-10","seed_source_timestamp":223998864885552,"purchased_purges":3,"victory":true,"master_deck":["Strike_R","Strike_R","Strike_R","Strike_R","Strike_R","Defend_R","Bash","Perfected Strike","Clash","Pommel Strike","Pommel Strike+1","Apotheosis+1","Twin Strike","Pommel Strike","Offering+1","Double Tap+1","Headbutt","Twin Strike","Necronomicurse","Thinking Ahead","Spot Weakness","Thunderclap","Headbutt","Headbutt+1","Twin Strike+1","Double Tap","Pommel Strike+1","Perfected Strike","Pommel Strike+1","Twin Strike+1","Pommel Strike+1","Seeing Red","Dropkick+1","Twin Strike+1","Perfected Strike+1","Seeing Red"],"max_hp_per_floor":[80,80,80,80,80,80,80,80,80,80,80,80,80,80,80,80,80,80,80,80,80,80,80,80,80,80,80,80,80,80,80,80,80,80,80,80,80,80,80,80,80,80,80,80,80,80,80,80,80,80],"relics":["Burning Blood","Golden Idol","Question Card","Prayer Wheel","Bronze Scales","Ectoplasm","Necronomicon","Gambling Chip","Kunai","Ornamental Fan","Runic Dome","Old Coin","Molten Egg 2","Mummified Hand"],"card_choices":[{"not_picked":["Rampage","Body Slam"],"picked":"Perfected Strike","floor":1},{"not_picked":["Body Slam","Sword Boomerang"],"picked":"Clash","floor":4},{"not_picked":["Bloodletting","Clothesline"],"picked":"Pommel Strike","floor":5},{"not_picked":["Spot Weakness","Bloodletting"],"picked":"Pommel Strike","floor":6},{"not_picked":["Headbutt","Body Slam","Uppercut"],"picked":"Pommel Strike","floor":13},{"not_picked":["Warcry","Pommel Strike","Wild Strike"],"picked":"Offering","floor":14},{"not_picked":["Barricade","Reaper","Dark Embrace"],"picked":"Double Tap","floor":16},{"not_picked":["Armaments","Metallicize","Searing Blow"],"picked":"Headbutt","floor":18},{"not_picked":["Corruption","Feel No Pain","Intimidate"],"picked":"Spot Weakness","floor":23},{"not_picked":["Rampage","Rage","Ghostly Armor"],"picked":"Thunderclap","floor":25},{"not_picked":["Iron Wave","Corruption","Heavy Blade"],"picked":"Headbutt","floor":26},{"not_picked":["Clothesline","Rampage","Battle Trance"],"picked":"Headbutt","floor":28},{"not_picked":["Anger","Dark Embrace","Bloodletting"],"picked":"Twin Strike","floor":31},{"not_picked":["Dark Embrace","Juggernaut","Feed"],"picked":"Double Tap","floor":33},{"not_picked":["Disarm","Wild Strike","Corruption"],"picked":"Pommel Strike","floor":35},{"not_picked":["Burning Pact","Headbutt","Armaments"],"picked":"Perfected Strike","floor":37},{"not_picked":["Burning Pact","Heavy Blade","Body Slam"],"picked":"Pommel Strike","floor":39},{"not_picked":["Dual Wield","Cleave","Wild Strike"],"picked":"Twin Strike","floor":40},{"not_picked":["Shrug It Off","Hemokinesis","Clash"],"picked":"Pommel Strike","floor":42},{"not_picked":["Combust","Iron Wave","Armaments"],"picked":"Seeing Red","floor":43},{"not_picked":["Clothesline","Body Slam","Carnage"],"picked":"Twin Strike","floor":46},{"not_picked":["Iron Wave","Evolve","Corruption"],"picked":"Perfected Strike","floor":47},{"not_picked":["Flex","Body Slam","Battle Trance"],"picked":"Seeing Red","floor":48}],"player_experience":30788,"potions_floor_usage":[13],"damage_taken":[{"damage":3,"enemies":"Jaw Worm","floor":1,"turns":4},{"damage":2,"enemies":"Small Slimes","floor":4,"turns":3},{"damage":0,"enemies":"2 Louse","floor":5,"turns":1},{"damage":12,"enemies":"3 Sentries","floor":6,"turns":8},{"damage":13,"enemies":"Lots of Slimes","floor":13,"turns":3},{"damage":19,"enemies":"Gremlin Nob","floor":14,"turns":3},{"damage":55,"enemies":"The Guardian","floor":16,"turns":7},{"damage":7,"enemies":"Chosen","floor":18,"turns":3},{"damage":46,"enemies":"Book of Stabbing","floor":23,"turns":4},{"damage":0,"enemies":"Spheric Guardian","floor":25,"turns":1},{"damage":4,"enemies":"Snake Plant","floor":28,"turns":1},{"damage":10,"enemies":"3 Cultists","floor":30,"turns":3},{"damage":37,"enemies":"Slavers","floor":31,"turns":3},{"damage":17,"enemies":"Champ","floor":33,"turns":5},{"damage":13,"enemies":"3 Darklings","floor":35,"turns":3},{"damage":15,"enemies":"3 Shapes","floor":37,"turns":2},{"damage":25,"enemies":"Maw","floor":39,"turns":4},{"damage":20,"enemies":"4 Shapes","floor":40,"turns":2},{"damage":4,"enemies":"Nemesis","floor":41,"turns":1},{"damage":4,"enemies":"3 Darklings","floor":42,"turns":2},{"damage":4,"enemies":"2 Orb Walkers","floor":44,"turns":1},{"damage":1,"enemies":"Sphere and 2 Shapes","floor":46,"turns":2},{"damage":21,"enemies":"4 Shapes","floor":47,"turns":3},{"damage":4,"enemies":"Maw","floor":48,"turns":2},{"damage":48,"enemies":"Donu and Deca","floor":50,"turns":4}],"event_choices":[{"event_name":"Golden Idol","player_choice":"Take Damage","floor":2,"damage_taken":0},{"event_name":"The Cleric","player_choice":"Card Removal","floor":3,"damage_taken":0},{"event_name":"Wheel of Change","player_choice":"Full Heal","floor":8,"damage_taken":0},{"event_name":"Golden Shrine","player_choice":"Desecrate","floor":12,"damage_taken":0},{"event_name":"The Library","player_choice":"Read","floor":19,"damage_taken":0},{"event_name":"Cursed Tome","player_choice":"Obtained Book","floor":21,"damage_taken":0},{"event_name":"Beggar","player_choice":"Gave Gold","floor":27,"damage_taken":0},{"event_name":"SecretPortal","player_choice":"Rejected Portal.","floor":36,"damage_taken":0},{"event_name":"The Woman in Blue","player_choice":"Bought 0 Potions","floor":38,"damage_taken":0},{"event_name":"Transmorgrifier","player_choice":"Transform","floor":45,"damage_taken":0}],"boss_relics":[{"not_picked":["Snecko Eye","Runic Cube"],"picked":"Ectoplasm"},{"not_picked":["Velvet Choker","Cursed Key"],"picked":"Runic Dome"}],"potions_floor_spawned":[1,5,16,23,35,37,39,44,47,48],"seed_played":"4524517646769818580","ascension_level":0,"is_trial":false}