{"path_per_floor":["M","?","?","$","?","R","M","M","T","T","M","M","R","M","R"],"character_chosen":"IRONCLAD","items_purchased":[],"gold_per_floor":[112,112,112,37,37,37,50,74,74,74,97,115,115,139,139,139],"floor_reached":16,"campfire_rested":2,"playtime":428,"current_hp_per_floor":[73,73,73,73,40,62,67,65,79,79,66,72,72,67,93,0],"items_purged":["Defend_R"],"gold":139,"score":138,"play_id":"205583cf-19d6-4642-8a55-22b18260a108","local_time":"20180522031655","is_prod":false,"is_daily":false,"chose_seed":false,"is_ascension_mode":true,"campfire_upgraded":1,"timestamp":1526951815,"campfire_choices":[{"floor":6,"key":"REST"},{"data":"Double Tap","floor":13,"key":"SMITH"},{"floor":15,"key":"REST"}],"path_taken":["M","?","?","$","?","R","M","M","T","?","?","M","R","M","R","BOSS"],"build_version":"2018-05-17","seed_source_timestamp":194417726174868,"purchased_purges":1,"victory":false,"master_deck":["Strike_R","Strike_R","Strike_R","Strike_R","Strike_R","Defend_R","Defend_R","Bash","AscendersBane","Double Tap+1"],"max_hp_per_floor":[80,80,74,74,74,74,74,74,88,88,93,93,93,93,93,93],"relics":["Burning Blood","Golden Idol","Ancient Tea Set","Mango","Toxic Egg 2"],"card_choices":[{"not_picked":["Thunderclap","Corruption","Havoc"],"picked":"SKIP","floor":1},{"not_picked":["Warcry","Headbutt","Flex"],"picked":"SKIP","floor":7},{"not_picked":["Heavy Blade","Flame Barrier","Flex"],"picked":"SKIP","floor":8},{"not_picked":["Dark Embrace","Havoc+1","Heavy Blade"],"picked":"SKIP","floor":11},{"not_picked":["Battle Trance+1","Pummel","Evolve"],"picked":"SKIP","floor":12},{"not_picked":["Hemokinesis","Heavy Blade","Sever Soul"],"picked":"SKIP","floor":14}],"player_experience":173550,"potions_floor_usage":[11],"damage_taken":[{"damage":5,"enemies":"Jaw Worm","floor":1,"turns":6},{"damage":1,"enemies":"Cultist","floor":7,"turns":3},{"damage":8,"enemies":"Small Slimes","floor":8,"turns":4},{"damage":24,"enemies":"Exordium Wildlife","floor":11,"turns":5},{"damage":0,"enemies":"Large Slime","floor":12,"turns":5},{"damage":11,"enemies":"Looter","floor":14,"turns":2},{"damage":110,"enemies":"The Guardian","floor":16,"turns":10}],"relics_obtained":[{"floor":9,"key":"Mango"},{"floor":10,"key":"Toxic Egg 2"}],"event_choices":[{"event_name":"Transmorgrifier","player_choice":"Transform","floor":2,"damage_taken":0},{"event_name":"Golden Idol","player_choice":"Lose Max HP","floor":3,"damage_taken":0},{"event_name":"Scrap Ooze","player_choice":"success","floor":5,"damage_taken":33}],"boss_relics":[],"potions_floor_spawned":[8,11,12],"seed_played":"7948217650071951501","killed_by":"The Guardian","ascension_level":10,"potions_obtained":[{"floor":8,"key":"Fruit Juice"},{"floor":11,"key":"SpeedPotion"},{"floor":12,"key":"FairyPotion"}],"is_trial":false}