{"gold_per_floor":[17,17,17,17,17,17,56,56,107,107,151,184,211,248,260,393,405,360,360,285,200,1,1,1,1,1,1,1,1,1,1,1,1,1,1,1,1,1,1,1,1,1,1,1,1,1,1,1,1,1],"floor_reached":51,"playtime":3001,"items_purged":["Strike_R"],"score":979,"play_id":"38985524-68ae-485b-8afb-d448106f1a7f","local_time":"20190126153307","is_ascension_mode":true,"campfire_choices":[{"data":"Rampage","floor":6.0,"key":"SMITH"},{"data":"Iron Wave","floor":8.0,"key":"SMITH"},{"data":"Bash","floor":10.0,"key":"SMITH"},{"data":"Inflame","floor":15.0,"key":"SMITH"},{"data":"Demon Form","floor":29.0,"key":"SMITH"},{"floor":32.0,"key":"REST"},{"data":"Armaments","floor":47,"key":"SMITH"},{"floor":49,"key":"REST"}],"neow_cost":"NO_GOLD","seed_source_timestamp":0,"circlet_count":0,"master_deck":["Strike_R","Strike_R+1","Strike_R+1","Defend_R","Defend_R","Defend_R","Bash+1","Impervious","Rampage+1","Iron Wave+1","Inflame+1","Headbutt","Shrug It Off","Offering","Disarm","Shrug It Off+1","Demon Form+1","Feel No Pain+1","Flame Barrier+1","Double Tap","Warcry","Exhume","Metallicize","Armaments+1","Armaments","Juggernaut","Body Slam+1"],"special_seed":0,"relics":["Burning Blood","Golden Idol","Centennial Puzzle","Bag of Preparation","MawBank","Ectoplasm","Magic Flower","Frozen Eye","Pen Nib","Vajra","Bird Faced Urn","Lizard Tail","Juzu Bracelet","FossilizedHelix","Toxic Egg 2","Letter Opener"],"potions_floor_usage":[42,42,42,50],"damage_taken":[{"damage":9.0,"enemies":"Jaw Worm","floor":1.0,"turns":4.0},{"damage":32.0,"enemies":"Lagavulin","floor":7.0,"turns":8.0},{"damage":9.0,"enemies":"Gremlin Nob","floor":11.0,"turns":3.0},{"damage":1.0,"enemies":"2 Louse","floor":12.0,"turns":2.0},{"damage":0.0,"enemies":"Small Slimes","floor":13.0,"turns":3.0},{"damage":4.0,"enemies":"Red Slaver","floor":14.0,"turns":4.0},{"damage":39.0,"enemies":"The Guardian","floor":16.0,"turns":11.0},{"damage":14.0,"enemies":"2 Thieves","floor":18.0,"turns":3.0},{"damage":1.0,"enemies":"Chosen","floor":19.0,"turns":4.0},{"damage":14.0,"enemies":"Centurion and Healer","floor":23.0,"turns":6.0},{"damage":28.0,"enemies":"Book of Stabbing","floor":24.0,"turns":8.0},{"damage":19.0,"enemies":"Chosen and Byrds","floor":25.0,"turns":7.0},{"damage":6.0,"enemies":"3 Cultists","floor":27.0,"turns":5.0},{"damage":18.0,"enemies":"Snecko","floor":28.0,"turns":4.0},{"damage":23.0,"enemies":"Slavers","floor":30.0,"turns":7.0},{"damage":6.0,"enemies":"Snake Plant","floor":31.0,"turns":3.0},{"damage":40.0,"enemies":"Collector","floor":33.0,"turns":9.0},{"damage":3.0,"enemies":"Orb Walker","floor":35.0,"turns":4.0},{"damage":32.0,"enemies":"3 Darklings","floor":37.0,"turns":7.0},{"damage":0.0,"enemies":"Maw","floor":38.0,"turns":8.0},{"damage":25.0,"enemies":"Spire Growth","floor":39.0,"turns":6.0},{"damage":46.0,"enemies":"Nemesis","floor":40.0,"turns":7.0},{"damage":9,"enemies":"Mind Bloom Boss Battle","floor":41,"turns":10},{"damage":56,"enemies":"Giant Head","floor":42,"turns":9},{"damage":4,"enemies":"4 Shapes","floor":46,"turns":7},{"damage":16,"enemies":"Jaw Worm Horde","floor":48,"turns":5},{"damage":70,"enemies":"Time Eater","floor":50,"turns":8}],"seed_played":"-9033213894270346778","potions_obtained":[{"floor":1.0,"key":"Regen Potion"},{"floor":11.0,"key":"Dexterity Potion"},{"floor":14.0,"key":"Energy Potion"},{"floor":18.0,"key":"AttackPotion"},{"floor":25.0,"key":"BloodPotion"},{"floor":27.0,"key":"PowerPotion"},{"floor":33.0,"key":"Energy Potion"},{"floor":35.0,"key":"Strength Potion"},{"floor":42,"key":"PowerPotion"},{"floor":48,"key":"AttackPotion"}],"is_trial":false,"path_per_floor":["M","?","?","?","?","R","E","R","T","R","E","M","M","M","R","B",null,"M","M","$","?","$","M","E","M","T","M","M","R","E","M","R","B",null,"M","?","M","M","M","E","?","E","T","?","$","M","R","M","R","B",null],"character_chosen":"IRONCLAD","items_purchased":["Frozen Eye"],"campfire_rested":2,"item_purchase_floors":[22],"current_hp_per_floor":[69,49,42,26,52,52,26,26,26,26,32,37,43,45,45,12,63,55,60,60,60,60,55,36,26,26,41,32,32,18,24,48,23,66,72,72,61,80,67,42,54,19,19,19,19,33,33,32,56,13],"gold":1,"neow_bonus":"THREE_RARE_CARDS","is_prod":false,"is_daily":false,"chose_seed":false,"campfire_upgraded":6,"win_rate":0,"timestamp":1548509587,"path_taken":["M","?","?","?","?","R","E","R","T","R","E","M","M","M","R","BOSS","M","M","$","?","$","M","E","M","T","M","M","R","E","M","R","BOSS","M","?","M","?","M","E","?","E","T","?","?","M","R","M","R","BOSS"],"build_version":"2019-01-23","purchased_purges":1,"victory":true,"max_hp_per_floor":[80,80,80,80,80,80,80,80,80,80,80,80,80,80,80,80,80,80,80,80,80,80,80,80,80,80,80,80,80,80,80,80,80,80,80,80,80,80,80,80,80,80,80,80,80,80,80,80,80,80],"card_choices":[{"not_picked":["Bludgeon","Brutality"],"picked":"Impervious","floor":0.0},{"not_picked":["True Grit","Warcry"],"picked":"Rampage","floor":1.0},{"not_picked":["Clothesline","Heavy Blade"],"picked":"Iron Wave","floor":7.0},{"not_picked":["Armaments","Cleave"],"picked":"Inflame","floor":11.0},{"not_picked":["Reckless Charge","Clothesline"],"picked":"Headbutt","floor":12.0},{"not_picked":["Perfected Strike","Thunderclap","Pommel Strike"],"picked":"SKIP","floor":13.0},{"not_picked":["Dropkick","Headbutt"],"picked":"Shrug It Off","floor":14.0},{"not_picked":["Immolate","Brutality"],"picked":"Offering","floor":16.0},{"not_picked":["Iron Wave","Dropkick"],"picked":"Disarm","floor":18.0},{"not_picked":["Sword Boomerang","True Grit"],"picked":"Shrug It Off+1","floor":19.0},{"not_picked":["Headbutt+1","Hemokinesis","Rage"],"picked":"SKIP","floor":23.0},{"not_picked":["Uppercut+1","Warcry+1"],"picked":"Demon Form","floor":24.0},{"not_picked":["Heavy Blade","Sword Boomerang"],"picked":"Feel No Pain+1","floor":25.0},{"not_picked":["Clash","Wild Strike","Fire Breathing"],"picked":"SKIP","floor":27.0},{"not_picked":["Clash","Uppercut"],"picked":"Flame Barrier+1","floor":28.0},{"not_picked":["Havoc","Perfected Strike"],"picked":"Double Tap","floor":30.0},{"not_picked":["Inflame","Anger"],"picked":"Warcry","floor":31.0},{"not_picked":["Demon Form","Berserk"],"picked":"Exhume","floor":33.0},{"not_picked":["Shrug It Off+1","Clothesline"],"picked":"Metallicize","floor":35.0},{"not_picked":["Twin Strike","Heavy Blade+1"],"picked":"Armaments","floor":37.0},{"not_picked":["Inflame","Fire Breathing"],"picked":"Armaments","floor":38.0},{"not_picked":["Searing Blow+1","Armaments","Second Wind+1"],"picked":"SKIP","floor":39.0},{"not_picked":["Twin Strike","Armaments+1","Heavy Blade+1"],"picked":"SKIP","floor":40},{"not_picked":["True Grit","Twin Strike"],"picked":"Juggernaut","floor":41},{"not_picked":["Anger","Sword Boomerang"],"picked":"Body Slam+1","floor":42},{"not_picked":["Pommel Strike+1","Sever Soul","Perfected Strike"],"picked":"SKIP","floor":46},{"not_picked":["Headbutt","Perfected Strike+1","Clothesline+1"],"picked":"SKIP","floor":48}],"player_experience":138405,"relics_obtained":[{"floor":7.0,"key":"Centennial Puzzle"},{"floor":9.0,"key":"Bag of Preparation"},{"floor":11.0,"key":"MawBank"},{"floor":24.0,"key":"Pen Nib"},{"floor":26.0,"key":"Vajra"},{"floor":30.0,"key":"Bird Faced Urn"},{"floor":40,"key":"Juzu Bracelet"},{"floor":41,"key":"FossilizedHelix"},{"floor":42,"key":"Toxic Egg 2"},{"floor":43,"key":"Letter Opener"}],"event_choices":[{"damage_healed":0.0,"max_hp_gain":0.0,"max_hp_loss":0.0,"gold_gain":0.0,"event_name":"Golden Idol","player_choice":"Take Damage","floor":2.0,"gold_loss":0.0,"damage_taken":20.0,"relics_obtained":["Golden Idol"]},{"cards_removed":["Strike_R"],"damage_healed":0.0,"max_hp_gain":0.0,"max_hp_loss":0.0,"gold_gain":0.0,"event_name":"Golden Wing","player_choice":"Card Removal","floor":3.0,"gold_loss":0.0,"damage_taken":7.0},{"damage_healed":0.0,"max_hp_gain":0.0,"max_hp_loss":0.0,"gold_gain":0.0,"event_name":"Shining Light","player_choice":"Entered Light","floor":4.0,"gold_loss":0.0,"damage_taken":16.0,"cards_upgraded":["Strike_R","Strike_R"]},{"damage_healed":26.0,"max_hp_gain":0.0,"max_hp_loss":0.0,"gold_gain":0.0,"event_name":"Big Fish","player_choice":"Banana","floor":5.0,"gold_loss":0.0,"damage_taken":0.0},{"damage_healed":0.0,"max_hp_gain":0.0,"max_hp_loss":0.0,"gold_gain":0.0,"event_name":"Addict","player_choice":"Obtained Relic","floor":21.0,"gold_loss":85.0,"damage_taken":0.0,"relics_obtained":["Magic Flower"]},{"damage_healed":0.0,"max_hp_gain":0.0,"max_hp_loss":0.0,"gold_gain":100.0,"event_name":"Golden Shrine","player_choice":"Pray","floor":36.0,"gold_loss":0.0,"damage_taken":0.0},{"damage_healed":0,"gold_gain":0,"player_choice":"Fight","damage_taken":0,"max_hp_gain":0,"max_hp_loss":0,"event_name":"MindBloom","floor":41,"gold_loss":0},{"cards_removed":["Defend_R"],"damage_healed":0,"gold_gain":0,"player_choice":"Removed Skill","damage_taken":0,"max_hp_gain":0,"max_hp_loss":0,"event_name":"Falling","floor":44,"gold_loss":0}],"is_beta":false,"boss_relics":[{"not_picked":["Busted Crown","Eternal Feather"],"picked":"Ectoplasm"},{"not_picked":["Orrery","Black Star"],"picked":"Lizard Tail"}],"items_purged_floors":[20],"is_endless":false,"potions_floor_spawned":[1,11,14,18,19,25,27,33,35,42,48],"ascension_level":6}