{"gold_per_floor":[113,38,38,38,38,65,65,100,153,173,173,202,202,202,202,273,273,283,208,208,208,208,208,221,221,221,248,122,156,156,175,175,249,249,264,282,282,298,298,298,326,344,397,416,416,134,134,150,150,150],"floor_reached":51,"playtime":1471,"items_purged":["Defend_R","Defend_R"],"score":1499,"play_id":"d753ff96-7528-4805-b29c-e377c99f67d2","local_time":"20190201091433","is_ascension_mode":true,"campfire_choices":[{"data":"Searing Blow","floor":7.0,"key":"SMITH"},{"data":"Searing Blow+1","floor":11.0,"key":"SMITH"},{"data":"Searing Blow+2","floor":15.0,"key":"SMITH"},{"data":"Searing Blow+3","floor":23,"key":"SMITH"},{"data":"Searing Blow+4","floor":25,"key":"SMITH"},{"data":"Searing Blow+5","floor":32,"key":"SMITH"},{"data":"Searing Blow+7","floor":40,"key":"SMITH"},{"data":"Searing Blow+8","floor":45,"key":"SMITH"},{"data":"Searing Blow+9","floor":47,"key":"SMITH"},{"data":"Searing Blow+10","floor":49,"key":"SMITH"}],"neow_cost":"NONE","seed_source_timestamp":0,"circlet_count":0,"master_deck":["AscendersBane","Bash","Whirlwind","Searing Blow+11","Shrug It Off","Battle Trance","Offering","Armaments","Offering","Mayhem"],"special_seed":0,"relics":["Burning Blood","NeowsBlessing","Dodecahedron","Sundial","Strawberry","Pear","Singing Bowl","Empty Cage","Enchiridion","Incense Burner","Gremlin Horn","Self Forming Clay","Runic Dome","Letter Opener","Regal Pillow"],"potions_floor_usage":[50,50],"damage_taken":[{"damage":0.0,"enemies":"Small Slimes","floor":1.0,"turns":1.0},{"damage":0.0,"enemies":"Lagavulin","floor":6.0,"turns":1.0},{"damage":0.0,"enemies":"3 Sentries","floor":8.0,"turns":1.0},{"damage":0.0,"enemies":"2 Louse","floor":10.0,"turns":1.0},{"damage":16.0,"enemies":"Gremlin Nob","floor":12.0,"turns":3.0},{"damage":84.0,"enemies":"Slime Boss","floor":16.0,"turns":11.0},{"damage":4.0,"enemies":"3 Byrds","floor":18.0,"turns":5.0},{"damage":13,"enemies":"Shell Parasite","floor":24,"turns":2},{"damage":28,"enemies":"Book of Stabbing","floor":27,"turns":3},{"damage":2,"enemies":"Gremlin Leader","floor":29,"turns":4},{"damage":6,"enemies":"Sentry and Sphere","floor":31,"turns":3},{"damage":27,"enemies":"Champ","floor":33,"turns":5},{"damage":12,"enemies":"3 Darklings","floor":35,"turns":1},{"damage":6,"enemies":"Orb Walker","floor":36,"turns":2},{"damage":27,"enemies":"Maw","floor":38,"turns":3},{"damage":12,"enemies":"Giant Head","floor":41,"turns":3},{"damage":12,"enemies":"4 Shapes","floor":42,"turns":1},{"damage":12,"enemies":"Sphere and 2 Shapes","floor":44,"turns":1},{"damage":6,"enemies":"Spire Growth","floor":48,"turns":1},{"damage":30,"enemies":"Donu and Deca","floor":50,"turns":2}],"seed_played":"-4760236040018772902","potions_obtained":[{"floor":1.0,"key":"SteroidPotion"},{"floor":10.0,"key":"Regen Potion"},{"floor":33,"key":"SkillPotion"},{"floor":38,"key":"SteroidPotion"},{"floor":44,"key":"BloodPotion"}],"is_trial":false,"path_per_floor":["M","?","$","?","?","E","R","E","T","M","R","E","?","T","R","B",null,"M","?","?","?","?","R","M","R","T","E","$","E","?","M","R","B",null,"M","M","?","M","?","R","E","M","T","M","R","$","R","M","R","B",null],"character_chosen":"IRONCLAD","items_purchased":["Armaments","Mayhem"],"campfire_rested":0,"item_purchase_floors":[28,46],"current_hp_per_floor":[74,74,74,74,74,75,75,75,82,82,82,82,87,87,87,24,79,83,83,99,78,78,78,73,73,73,53,53,59,59,61,61,40,90,86,88,88,69,69,69,65,61,61,57,57,57,57,59,59,47],"gold":150,"neow_bonus":"THREE_ENEMY_KILL","is_prod":false,"is_daily":false,"chose_seed":false,"campfire_upgraded":10,"win_rate":0,"timestamp":1549008873,"path_taken":["M","?","$","?","?","E","R","E","T","M","R","E","?","?","R","BOSS","M","?","?","?","?","R","M","R","T","E","$","E","?","?","R","BOSS","M","M","?","?","?","R","E","M","T","M","R","$","R","M","R","BOSS"],"build_version":"2019-01-23","purchased_purges":2,"victory":true,"max_hp_per_floor":[75,75,75,75,75,75,75,75,82,82,82,92,97,97,97,97,97,99,99,99,99,99,99,101,101,101,103,103,105,105,107,107,107,107,109,111,111,113,113,113,115,117,117,119,119,119,119,121,121,121],"card_choices":[{"not_picked":["Heavy Blade","Spot Weakness"],"picked":"Whirlwind","floor":1.0},{"not_picked":["Demon Form","Pummel"],"picked":"Searing Blow","floor":6.0},{"not_picked":["Metallicize","Spot Weakness","Ghostly Armor"],"picked":"SKIP","floor":8.0},{"not_picked":["Warcry","True Grit"],"picked":"Shrug It Off","floor":10.0},{"not_picked":["Limit Break","Armaments"],"picked":"Battle Trance","floor":12.0},{"not_picked":["Fiend Fire","Demon Form"],"picked":"Offering","floor":16.0},{"not_picked":["Feel No Pain","Heavy Blade","Dropkick"],"picked":"Singing Bowl","floor":18.0},{"not_picked":["Whirlwind+1","Havoc","Twin Strike"],"picked":"Singing Bowl","floor":24},{"not_picked":["Barricade","Combust","Reckless Charge"],"picked":"Singing Bowl","floor":27},{"not_picked":["Havoc","Headbutt","Thunderclap"],"picked":"Singing Bowl","floor":29},{"not_picked":["Shrug It Off","Clothesline","Anger"],"picked":"Singing Bowl","floor":31},{"not_picked":["Double Tap","Barricade"],"picked":"Offering","floor":33},{"not_picked":["Searing Blow+1","Cleave","Whirlwind"],"picked":"Singing Bowl","floor":35},{"not_picked":["Perfected Strike","Spot Weakness+1","Warcry"],"picked":"Singing Bowl","floor":36},{"not_picked":["Reckless Charge","Spot Weakness","Armaments"],"picked":"Singing Bowl","floor":38},{"not_picked":["Uppercut+1","Anger","Juggernaut"],"picked":"Singing Bowl","floor":41},{"not_picked":["Sword Boomerang","Havoc+1","Clothesline"],"picked":"Singing Bowl","floor":42},{"not_picked":["Sword Boomerang+1","True Grit","Cleave"],"picked":"Singing Bowl","floor":44},{"not_picked":["Rampage","Sentinel","Bloodletting"],"picked":"Singing Bowl","floor":48}],"player_experience":292931,"relics_obtained":[{"floor":6.0,"key":"Dodecahedron"},{"floor":8.0,"key":"Sundial"},{"floor":9.0,"key":"Strawberry"},{"floor":12.0,"key":"Pear"},{"floor":14.0,"key":"Singing Bowl"},{"floor":21,"key":"Enchiridion"},{"floor":26,"key":"Incense Burner"},{"floor":27,"key":"Gremlin Horn"},{"floor":29,"key":"Self Forming Clay"},{"floor":41,"key":"Letter Opener"},{"floor":43,"key":"Regal Pillow"}],"event_choices":[{"cards_removed":["Defend_R"],"damage_healed":0.0,"max_hp_gain":0.0,"max_hp_loss":0.0,"gold_gain":0.0,"event_name":"The Cleric","player_choice":"Card Removal","floor":2.0,"gold_loss":75.0,"damage_taken":0.0},{"cards_removed":["Strike_R"],"damage_healed":0.0,"max_hp_gain":0.0,"max_hp_loss":0.0,"gold_gain":0.0,"event_name":"Living Wall","player_choice":"Forget","floor":4.0,"gold_loss":0.0,"damage_taken":0.0},{"damage_healed":0.0,"max_hp_gain":0.0,"max_hp_loss":0.0,"gold_gain":0.0,"event_name":"Liars Game","player_choice":"Ignored","floor":5.0,"gold_loss":0.0,"damage_taken":0.0},{"damage_healed":0.0,"max_hp_gain":5.0,"max_hp_loss":0.0,"gold_gain":0.0,"event_name":"Big Fish","player_choice":"Donut","floor":13.0,"gold_loss":0.0,"damage_taken":0.0},{"cards_removed":["Strike_R"],"damage_healed":0.0,"max_hp_gain":0.0,"max_hp_loss":0.0,"gold_gain":0.0,"event_name":"Beggar","player_choice":"Gave Gold","floor":19.0,"gold_loss":75.0,"damage_taken":0.0},{"damage_healed":20,"gold_gain":0,"player_choice":"Heal","damage_taken":0,"max_hp_gain":0,"max_hp_loss":0,"event_name":"The Library","floor":20,"gold_loss":0},{"damage_healed":0,"gold_gain":0,"player_choice":"Obtained Book","damage_taken":21,"max_hp_gain":0,"max_hp_loss":0,"event_name":"Cursed Tome","floor":21,"gold_loss":0},{"damage_healed":0,"gold_gain":0,"player_choice":"Ignored","damage_taken":0,"max_hp_gain":0,"max_hp_loss":0,"event_name":"The Mausoleum","floor":22,"gold_loss":0},{"cards_removed":["Strike_R"],"damage_healed":0,"gold_gain":0,"player_choice":"Offered Basic","damage_taken":0,"max_hp_gain":0,"max_hp_loss":0,"event_name":"Bonfire Elementals","floor":30,"gold_loss":0},{"cards_removed":["Strike_R"],"damage_healed":0,"gold_gain":0,"player_choice":"Purged","damage_taken":0,"max_hp_gain":0,"max_hp_loss":0,"event_name":"Purifier","floor":37,"gold_loss":0},{"damage_healed":0,"gold_gain":0,"player_choice":"Forge","damage_taken":0,"max_hp_gain":0,"max_hp_loss":0,"event_name":"Accursed Blacksmith","floor":39,"gold_loss":0,"cards_upgraded":["Searing Blow"]}],"is_beta":false,"boss_relics":[{"not_picked":["White Beast Statue","Philosopher\u0027s Stone"],"picked":"Empty Cage"},{"not_picked":["Fusion Hammer","Lizard Tail"],"picked":"Runic Dome"}],"items_purged_floors":[28,46],"is_endless":false,"potions_floor_spawned":[1,10,33,38,42,44],"ascension_level":16}