{"gold_per_floor":[114,129,129,83,83,113,7,22,22,22,37,67,67,82,82,182,182,197,212],"floor_reached":19,"playtime":1280,"items_purged":[],"score":329,"play_id":"2908ffd9-bf43-4ea2-b570-229f16e32ae2","local_time":"20190127021133","daily_mods":["SealedDeck","Colorless Cards","Terminal"],"is_ascension_mode":false,"campfire_choices":[{"floor":10.0,"key":"REST"},{"data":"Discovery","floor":13.0,"key":"SMITH"}],"neow_cost":"","seed_source_timestamp":163760937216338,"circlet_count":3,"master_deck":["Dagger Spray","Bouncing Flask","Dodge and Roll+1","Sucker Punch+1","Poisoned Stab","Slice","PiercingWail","Mind Blast+1","Discovery+1","Poisoned Stab","Deflect","Master of Strategy","Madness","PiercingWail","PiercingWail","Dark Shackles","Mind Blast","Dodge and Roll","Cloak And Dagger","Violence","Venomology","Escape Plan+1"],"special_seed":17916,"relics":["Ring of the Snake","StoneCalendar","Circlet","Dream Catcher"],"potions_floor_usage":[],"damage_taken":[{"damage":0.0,"enemies":"2 Louse","floor":1.0,"turns":2.0},{"damage":0.0,"enemies":"Cultist","floor":2.0,"turns":3.0},{"damage":9.0,"enemies":"Lagavulin","floor":6.0,"turns":4.0},{"damage":3.0,"enemies":"Jaw Worm","floor":8.0,"turns":2.0},{"damage":0.0,"enemies":"Red Slaver","floor":11.0,"turns":2.0},{"damage":6.0,"enemies":"3 Sentries","floor":12.0,"turns":7.0},{"damage":6.0,"enemies":"Exordium Thugs","floor":14.0,"turns":4.0},{"damage":0.0,"enemies":"Hexaghost","floor":16.0,"turns":7.0},{"damage":0.0,"enemies":"3 Byrds","floor":18.0,"turns":7.0},{"damage":6.0,"enemies":"2 Thieves","floor":19.0,"turns":3.0}],"seed_played":"7558609228470536765","potions_obtained":[{"floor":8.0,"key":"PowerPotion"},{"floor":11.0,"key":"Milkshake"},{"floor":12.0,"key":"SpeedPotion"}],"is_trial":false,"path_per_floor":["M","M","?","$","?","E","$","M","T","R","M","E","R","M","R","B",null,"M","M"],"character_chosen":"THE_SILENT","items_purchased":["Deflect","Replay:Wax Seal","PiercingWail","Dark Shackles"],"campfire_rested":1,"item_purchase_floors":[4,7,7,7],"current_hp_per_floor":[68,67,66,65,64,55,55,52,52,59,58,52,52,46,59,58,57,56,50],"gold":212,"neow_bonus":"","is_prod":false,"is_daily":true,"chose_seed":false,"campfire_upgraded":1,"win_rate":0,"timestamp":1548547893,"path_taken":["M","M","?","$","?","E","$","M","T","R","M","E","R","M","R","BOSS","M","M"],"build_version":"2019-01-23","purchased_purges":0,"victory":false,"max_hp_per_floor":[68,67,66,65,64,63,62,61,60,59,58,57,56,55,59,58,57,56,56],"card_choices":[{"not_picked":["Masterful Stab","hubris:Counter"],"picked":"Discovery","floor":1.0},{"not_picked":["Underhanded Strike","Purity"],"picked":"Poisoned Stab","floor":2.0},{"not_picked":["Poisoned Stab","Choke"],"picked":"Master of Strategy","floor":6.0},{"not_picked":["Underhanded Strike","Prepared","hubris:SlightOfHand"],"picked":"SKIP","floor":8.0},{"not_picked":["Cloak And Dagger","hubris:SlightOfHand"],"picked":"Mind Blast","floor":11.0},{"not_picked":["Acrobatics","hubris:SlightOfHand"],"picked":"Dodge and Roll","floor":12.0},{"not_picked":["Madness","Outmaneuver"],"picked":"Cloak And Dagger","floor":14.0},{"not_picked":["Deadly Poison","Cloak And Dagger"],"picked":"Violence","floor":15.0},{"not_picked":["Night Terror","Die Die Die"],"picked":"Venomology","floor":16.0},{"not_picked":["Replay:Sssssssssstrike","Replay:Poison Smokescreen","Bane"],"picked":"Escape Plan+1","floor":18.0},{"not_picked":["Discovery","Flying Knee","Outmaneuver+1"],"picked":"SKIP","floor":19}],"player_experience":81524,"relics_obtained":[{"floor":6.0,"key":"hubris:SphereOfDissonance"},{"floor":9.0,"key":"hubris:DuctTape"},{"floor":12.0,"key":"Dream Catcher"}],"event_choices":[{"damage_healed":0.0,"max_hp_gain":0.0,"max_hp_loss":0.0,"gold_gain":0.0,"event_name":"Upgrade Shrine","player_choice":"Upgraded","floor":5.0,"gold_loss":0.0,"damage_taken":0.0,"cards_upgraded":["Mind Blast"]}],"is_beta":false,"boss_relics":[{"not_picked":["ChewingGum","hubris:BlackHole"],"picked":"Honey Jar"}],"items_purged_floors":[],"is_endless":true,"potions_floor_spawned":[8,11,12,19],"killed_by":"2 Thieves","ascension_level":0}