{"gold_per_floor":[117,117,117,167,183,183,108,127,127,137,187,203,203],"floor_reached":13,"playtime":340,"items_purged":["Strike_R"],"score":143,"play_id":"27932683-50fa-4a79-9b7e-5ae1541574b6","local_time":"20190203161857","is_ascension_mode":true,"campfire_choices":[{"floor":6,"key":"REST"}],"neow_cost":"NONE","seed_source_timestamp":513665244036800,"circlet_count":0,"master_deck":["AscendersBane","Strike_R","Strike_R","Strike_R","Defend_R","Defend_R","Defend_R","Defend_R","Bash","Dropkick","Evolve","Dual Wield"],"relics":["Fusion Hammer","Darkstone Periapt","Bag of Marbles","Pantograph"],"potions_floor_usage":[13],"damage_taken":[{"damage":0,"enemies":"2 Louse","floor":1,"turns":2},{"damage":0,"enemies":"Jaw Worm","floor":5,"turns":3},{"damage":1,"enemies":"Cultist","floor":8,"turns":3},{"damage":11,"enemies":"Blue Slaver","floor":10,"turns":5},{"damage":27,"enemies":"Gremlin Gang","floor":12,"turns":6},{"damage":51,"enemies":"Lagavulin Event","floor":13,"turns":5}],"seed_played":"9106852326718199306","potions_obtained":[{"floor":12,"key":"Energy Potion"}],"is_trial":false,"path_per_floor":["M","?","?","T","M","R","$","M","T","M","?","M","?"],"character_chosen":"IRONCLAD","items_purchased":[],"campfire_rested":1,"item_purchase_floors":[],"current_hp_per_floor":[68,57,50,50,50,72,72,71,71,60,60,33,0],"gold":203,"neow_bonus":"BOSS_RELIC","is_prod":false,"is_daily":false,"chose_seed":false,"campfire_upgraded":0,"win_rate":0,"timestamp":1549207137,"path_taken":["M","?","?","?","M","R","?","?","T","M","?","?","?"],"build_version":"2019-01-23","purchased_purges":1,"victory":false,"max_hp_per_floor":[75,75,75,75,75,75,75,75,75,75,75,75,75],"card_choices":[{"not_picked":["Clash","Wild Strike"],"picked":"Dropkick","floor":1},{"not_picked":["Body Slam","Headbutt","Evolve"],"picked":"SKIP","floor":5},{"not_picked":["Body Slam","Headbutt"],"picked":"Evolve","floor":5},{"not_picked":["Heavy Blade","Searing Blow"],"picked":"Dual Wield","floor":8},{"not_picked":["Perfected Strike","Thunderclap","Battle Trance"],"picked":"SKIP","floor":10},{"not_picked":["Disarm","Perfected Strike","Clash"],"picked":"SKIP","floor":12}],"player_experience":327940,"relics_obtained":[{"floor":4,"key":"Bag of Marbles"},{"floor":9,"key":"Pantograph"}],"event_choices":[{"damage_healed":0,"gold_gain":0,"player_choice":"Success","damage_taken":11,"relics_obtained":["Darkstone Periapt"],"max_hp_gain":0,"max_hp_loss":0,"event_name":"Scrap Ooze","floor":2,"gold_loss":0},{"cards_removed":["Strike_R"],"damage_healed":0,"gold_gain":0,"player_choice":"Card Removal","damage_taken":7,"max_hp_gain":0,"max_hp_loss":0,"event_name":"Golden Wing","floor":3,"gold_loss":0},{"damage_healed":0,"gold_gain":50,"player_choice":"Pray","damage_taken":0,"max_hp_gain":0,"max_hp_loss":0,"event_name":"Golden Shrine","floor":11,"gold_loss":0},{"damage_healed":0,"gold_gain":0,"player_choice":"Searched \u00271\u0027 times","damage_taken":0,"max_hp_gain":0,"max_hp_loss":0,"event_name":"Dead Adventurer","floor":13,"gold_loss":0}],"is_beta":false,"boss_relics":[],"items_purged_floors":[7],"is_endless":false,"potions_floor_spawned":[12],"killed_by":"Lagavulin Event","ascension_level":18}