{"gold_per_floor":[114,125,275,275,60,60,94,94,119,119,133,152,177,197,197,274,324],"floor_reached":17,"playtime":325,"items_purged":[],"score":360,"play_id":"99aae9cf-a0bd-4578-b149-e087818dde8d","local_time":"20190202221333","is_ascension_mode":true,"campfire_choices":[{"data":"Bash","floor":6,"key":"SMITH"},{"data":"Strike_R","floor":8,"key":"SMITH"},{"data":"Strike_R","floor":10,"key":"SMITH"},{"data":"Infernal Blade","floor":15,"key":"SMITH"}],"neow_cost":"NONE","seed_source_timestamp":448553913560200,"circlet_count":0,"master_deck":["AscendersBane","Strike_R","Strike_R","Strike_R","Strike_R+1","Strike_R+1","Defend_R","Defend_R+1","Defend_R","Defend_R","Bash+1","Feed","Infernal Blade+1","Infernal Blade","Exhume"],"relics":["Burning Blood","NeowsBlessing","Spirit Poop","Chemical X","Orichalcum","Bronze Scales","Bottled Flame","Tiny House"],"potions_floor_usage":[16,16],"damage_taken":[{"damage":0,"enemies":"Cultist","floor":1,"turns":1},{"damage":0,"enemies":"Small Slimes","floor":2,"turns":1},{"damage":0,"enemies":"Lagavulin","floor":7,"turns":1},{"damage":7,"enemies":"2 Louse","floor":11,"turns":2},{"damage":19,"enemies":"Exordium Thugs","floor":12,"turns":5},{"damage":20,"enemies":"Gremlin Nob","floor":13,"turns":4},{"damage":19,"enemies":"Gremlin Gang","floor":14,"turns":2},{"damage":28,"enemies":"Hexaghost","floor":16,"turns":8}],"seed_played":"-6516465804671910460","potions_obtained":[{"floor":7,"key":"Energy Potion"},{"floor":12,"key":"Weak Potion"},{"floor":14,"key":"SteroidPotion"},{"floor":17,"key":"EssenceOfSteel"}],"is_trial":false,"path_per_floor":["M","M","?","?","$","R","E","R","T","R","M","M","E","M","R","B",null],"character_chosen":"IRONCLAD","items_purchased":["Chemical X"],"campfire_rested":0,"item_purchase_floors":[5],"current_hp_per_floor":[74,75,75,75,75,75,75,75,75,75,74,64,50,40,40,18,70],"gold":324,"neow_bonus":"THREE_ENEMY_KILL","is_prod":false,"is_daily":false,"chose_seed":false,"campfire_upgraded":4,"win_rate":0,"timestamp":1549142013,"path_taken":["M","?","?","?","$","R","E","R","T","R","M","?","E","M","R","BOSS"],"build_version":"2019-01-23","purchased_purges":0,"victory":false,"max_hp_per_floor":[75,75,75,75,75,75,75,75,75,75,75,78,78,81,81,81,86],"card_choices":[{"not_picked":["Heavy Blade","Pommel Strike","Seeing Red"],"picked":"SKIP","floor":1},{"not_picked":["Evolve","Thunderclap","Ghostly Armor"],"picked":"SKIP","floor":2},{"not_picked":["Havoc","Intimidate","Seeing Red"],"picked":"SKIP","floor":7},{"not_picked":["Thunderclap","Cleave"],"picked":"Feed","floor":11},{"not_picked":["Seeing Red","Searing Blow"],"picked":"Infernal Blade","floor":12},{"not_picked":["Twin Strike","Iron Wave","Perfected Strike"],"picked":"SKIP","floor":13},{"not_picked":["Warcry","Headbutt"],"picked":"Infernal Blade","floor":14},{"not_picked":["Offering","Feed"],"picked":"Exhume","floor":16}],"player_experience":316631,"relics_obtained":[{"floor":7,"key":"Orichalcum"},{"floor":9,"key":"Bronze Scales"},{"floor":13,"key":"Bottled Flame"}],"event_choices":[{"damage_healed":0,"gold_gain":150,"player_choice":"AGREE","damage_taken":0,"max_hp_gain":0,"max_hp_loss":0,"event_name":"Liars Game","floor":3,"gold_loss":0,"cards_obtained":["Doubt"]},{"cards_removed":["Doubt"],"damage_healed":0,"gold_gain":0,"player_choice":"Offered Curse","damage_taken":0,"relics_obtained":["Spirit Poop"],"max_hp_gain":0,"max_hp_loss":0,"event_name":"Bonfire Elementals","floor":4,"gold_loss":0}],"is_beta":false,"boss_relics":[{"not_picked":["Mark of Pain","Ectoplasm"],"picked":"Tiny House"}],"items_purged_floors":[],"is_endless":false,"potions_floor_spawned":[7,12,14],"ascension_level":18}