{"gold_per_floor":[112,112,132,83,102,130,130,205,205,205,234,245,245,255,255,357,357,372,387,76,87,107,107,107,107,107,125,154,167,167,167,167,262,262,274,274,290,45,63,63,77,107,107,107,126,45,73,73,73,73],"floor_reached":50,"playtime":5001,"items_purged":["Strike_B","Defend_B"],"score":532,"play_id":"250ccb4b-12c4-4e70-896f-68e310f10e8e","local_time":"20190212143301","is_ascension_mode":false,"campfire_choices":[{"data":"Beam Cell","floor":7.0,"key":"SMITH"},{"floor":10.0,"key":"REST"},{"data":"Auto Shields","floor":13.0,"key":"SMITH"},{"data":"Multi-Cast","floor":15.0,"key":"SMITH"},{"data":"Capacitor","floor":23.0,"key":"SMITH"},{"data":"Tempest","floor":25.0,"key":"SMITH"},{"floor":30.0,"key":"REST"},{"data":"Tempest","floor":32.0,"key":"SMITH"},{"floor":40.0,"key":"REST"},{"data":"Biased Cognition","floor":44.0,"key":"SMITH"},{"floor":49.0,"key":"REST"}],"neow_cost":"NONE","seed_source_timestamp":886166068604676,"circlet_count":0,"master_deck":["Strike_B","Strike_B","Defend_B","Defend_B","Defend_B","Zap+1","Dualcast","Barrage+1","Leap","Conserve Battery","Cold Snap+1","Beam Cell+1","Auto Shields+1","Tempest+1","Multi-Cast+1","Seek","Tempest+1","Capacitor+1","Chaos","Clumsy","Redo+1","Barrage+1","Steam+1","Biased Cognition+1","Tempest+1","Hologram+1","Barrage+1","Capacitor","Discovery","Writhe"],"special_seed":0,"relics":["Cracked Core","Gambling Chip","Ornamental Fan","Kunai","Cursed Key","Chemical X","MutagenicStrength","Pantograph","Whetstone","Busted Crown","Omamori","Mercury Hourglass","Calipers","Darkstone Periapt"],"potions_floor_usage":[50],"damage_taken":[{"damage":1.0,"enemies":"Jaw Worm","floor":1.0,"turns":4.0},{"damage":1.0,"enemies":"Cultist","floor":3.0,"turns":3.0},{"damage":1.0,"enemies":"Small Slimes","floor":5.0,"turns":2.0},{"damage":17.0,"enemies":"Gremlin Nob","floor":6.0,"turns":4.0},{"damage":13.0,"enemies":"3 Sentries","floor":11.0,"turns":7.0},{"damage":0.0,"enemies":"Blue Slaver","floor":12.0,"turns":3.0},{"damage":0.0,"enemies":"3 Louse","floor":14.0,"turns":4.0},{"damage":22.0,"enemies":"The Guardian","floor":16.0,"turns":13.0},{"damage":1.0,"enemies":"Shell Parasite","floor":18.0,"turns":5.0},{"damage":0.0,"enemies":"Chosen","floor":19.0,"turns":5.0},{"damage":0.0,"enemies":"Snecko","floor":21.0,"turns":3.0},{"damage":0.0,"enemies":"Chosen and Byrds","floor":22.0,"turns":4.0},{"damage":0.0,"enemies":"Snake Plant","floor":27.0,"turns":2.0},{"damage":19.0,"enemies":"Book of Stabbing","floor":28.0,"turns":5.0},{"damage":17.0,"enemies":"Centurion and Healer","floor":29.0,"turns":4.0},{"damage":45.0,"enemies":"Automaton","floor":33.0,"turns":9.0},{"damage":0.0,"enemies":"Orb Walker","floor":35.0,"turns":3.0},{"damage":3.0,"enemies":"3 Shapes","floor":37.0,"turns":2.0},{"damage":13.0,"enemies":"Jaw Worm Horde","floor":39.0,"turns":3.0},{"damage":6.0,"enemies":"Writhing Mass","floor":41.0,"turns":4.0},{"damage":18.0,"enemies":"Nemesis","floor":42.0,"turns":4.0},{"damage":0.0,"enemies":"Sphere and 2 Shapes","floor":45.0,"turns":2.0},{"damage":42.0,"enemies":"Reptomancer","floor":47.0,"turns":4.0},{"damage":121,"enemies":"Awakened One","floor":50,"turns":11}],"seed_played":"-4436634884773566214","potions_obtained":[{"floor":1.0,"key":"Weak Potion"},{"floor":3.0,"key":"FairyPotion"},{"floor":6.0,"key":"SpeedPotion"},{"floor":12.0,"key":"SkillPotion"},{"floor":16.0,"key":"FearPotion"},{"floor":18.0,"key":"SkillPotion"},{"floor":21.0,"key":"Poison Potion"},{"floor":29.0,"key":"AttackPotion"},{"floor":35.0,"key":"Explosive Potion"},{"floor":41.0,"key":"AttackPotion"},{"floor":42.0,"key":"AttackPotion"}],"is_trial":false,"path_per_floor":["M","?","M","$","M","E","R","?","T","R","E","M","R","M","R","B",null,"M","M","$","M","M","R","?","R","T","M","E","M","R","?","R","B",null,"M","?","M","$","M","R","M","E","T","R","M","$","E","?","R","B"],"character_chosen":"DEFECT","items_purchased":["Conserve Battery","Chemical X","Capacitor","Omamori","Discovery"],"campfire_rested":4,"item_purchase_floors":[4,20,20,38,46],"current_hp_per_floor":[74,74,73,73,72,55,55,44,44,66,53,53,53,53,53,31,75,74,74,74,74,74,74,74,74,74,74,55,38,60,60,60,30,75,75,75,72,72,59,75,69,51,51,51,51,51,9,34,58,0],"gold":73,"neow_bonus":"UPGRADE_CARD","is_prod":false,"is_daily":false,"chose_seed":false,"campfire_upgraded":7,"win_rate":0.0,"timestamp":1549981981,"path_taken":["M","?","M","?","M","E","R","?","T","R","E","M","R","M","R","BOSS","M","M","$","M","M","R","?","R","T","M","E","M","R","?","R","BOSS","M","?","M","$","M","R","M","E","T","R","M","?","E","?","R","BOSS"],"build_version":"2019-01-23","purchased_purges":2,"victory":false,"max_hp_per_floor":[75,75,75,75,75,75,75,75,75,75,75,75,75,75,75,75,75,75,75,75,75,75,75,75,75,75,75,75,75,75,75,75,75,75,75,75,75,75,75,75,75,75,75,75,75,75,75,81,81,81],"card_choices":[{"not_picked":["Reinforced Body","Consume"],"picked":"Barrage","floor":1.0},{"not_picked":["Stack","Heatsinks"],"picked":"Leap","floor":3.0},{"not_picked":["Steam Power","Consume"],"picked":"Cold Snap","floor":5.0},{"not_picked":["Lockon","Melter"],"picked":"Beam Cell","floor":6.0},{"not_picked":["Glacier","Compile Driver"],"picked":"Auto Shields","floor":11.0},{"not_picked":["Self Repair","Steam"],"picked":"Tempest","floor":12.0},{"not_picked":["Chill","Ball Lightning"],"picked":"Multi-Cast","floor":14.0},{"not_picked":["Buffer","Meteor Strike"],"picked":"Seek","floor":16.0},{"not_picked":["Coolheaded","Ball Lightning","Compile Driver"],"picked":"SKIP","floor":18.0},{"not_picked":["Sweeping Beam","BootSequence"],"picked":"Tempest","floor":19.0},{"not_picked":["Gash","Darkness","Sweeping Beam"],"picked":"SKIP","floor":21.0},{"not_picked":["Lockon","Ball Lightning"],"picked":"Chaos","floor":22.0},{"not_picked":["Barrage+1","Cold Snap"],"picked":"Redo+1","floor":27.0},{"not_picked":["Redo","Scrape+1"],"picked":"Barrage","floor":28.0},{"not_picked":["Ball Lightning","Rip and Tear+1"],"picked":"Steam+1","floor":29.0},{"not_picked":["Fission","Creative AI"],"picked":"Biased Cognition","floor":33.0},{"not_picked":["Lockon+1"],"picked":"SKIP","floor":35.0},{"not_picked":[],"picked":"Hologram+1","floor":37.0},{"not_picked":["Darkness+1"],"picked":"SKIP","floor":39.0},{"not_picked":[],"picked":"Barrage+1","floor":41.0},{"not_picked":[],"picked":"Capacitor","floor":42.0},{"not_picked":["Compile Driver+1"],"picked":"SKIP","floor":45.0},{"not_picked":["Redo"],"picked":"SKIP","floor":47.0}],"player_experience":128818,"relics_obtained":[{"floor":6.0,"key":"Gambling Chip"},{"floor":9.0,"key":"Ornamental Fan"},{"floor":11.0,"key":"Kunai"},{"floor":26.0,"key":"Pantograph"},{"floor":28.0,"key":"Whetstone"},{"floor":42.0,"key":"Mercury Hourglass"},{"floor":43.0,"key":"Calipers"},{"floor":47.0,"key":"Darkstone Periapt"}],"event_choices":[{"damage_healed":0.0,"max_hp_gain":0.0,"max_hp_loss":0.0,"gold_gain":0.0,"event_name":"Upgrade Shrine","player_choice":"Upgraded","floor":2.0,"gold_loss":0.0,"damage_taken":0.0,"cards_upgraded":["Barrage"]},{"damage_healed":0.0,"max_hp_gain":0.0,"max_hp_loss":0.0,"gold_gain":75.0,"event_name":"World of Goop","player_choice":"Gather Gold","floor":8.0,"gold_loss":0.0,"damage_taken":11.0},{"damage_healed":0.0,"max_hp_gain":0.0,"max_hp_loss":0.0,"gold_gain":0.0,"event_name":"Drug Dealer","player_choice":"Inject Mutagens","floor":24.0,"gold_loss":0.0,"damage_taken":0.0,"relics_obtained":["MutagenicStrength"]},{"cards_removed":["Strike_B"],"damage_healed":0.0,"max_hp_gain":0.0,"max_hp_loss":0.0,"gold_gain":0.0,"event_name":"Back to Basics","player_choice":"Elegance","floor":31.0,"gold_loss":0.0,"damage_taken":0.0},{"damage_healed":0.0,"max_hp_gain":0.0,"max_hp_loss":0.0,"gold_gain":0.0,"event_name":"Duplicator","player_choice":"Copied","floor":36.0,"gold_loss":0.0,"damage_taken":0.0,"cards_obtained":["Tempest"]},{"damage_healed":19.0,"max_hp_gain":0.0,"max_hp_loss":0.0,"gold_gain":0.0,"event_name":"Winding Halls","player_choice":"Writhe","floor":48.0,"gold_loss":0.0,"damage_taken":0.0,"cards_obtained":["Writhe"]}],"is_beta":false,"boss_relics":[{"not_picked":["Empty Cage","Velvet Choker"],"picked":"Cursed Key"},{"not_picked":["Nuclear Battery","White Beast Statue"],"picked":"Busted Crown"}],"items_purged_floors":[20,38],"is_endless":false,"potions_floor_spawned":[1,3,6,12,16,18,21,29,35,41,42],"killed_by":"Awakened One","ascension_level":0}