{"gold_per_floor":[99,119,119,136,151,151,162,177,204,222,222],"floor_reached":11,"playtime":416,"items_purged":[],"score":69,"play_id":"33520013-8545-4477-a455-6f8697ea4f3f","local_time":"20181012191912","is_ascension_mode":false,"campfire_choices":[{"data":"Redo","floor":6,"key":"SMITH"}],"neow_cost":"","seed_source_timestamp":594563034344829,"circlet_count":0,"master_deck":["Strike_B","Strike_B","Strike_B","Strike_B","Defend_B","Defend_B","Defend_B","Defend_B","Zap","Dualcast","Redo+1","Ball Lightning","Stack","Rebound","FTL","Gash","Coolheaded"],"relics":["Cracked Core","Oddly Smooth Stone","Blood Vial"],"potions_floor_usage":[],"damage_taken":[{"damage":1,"enemies":"Cultist","floor":1,"turns":3},{"damage":0,"enemies":"Small Slimes","floor":2,"turns":3},{"damage":0,"enemies":"Jaw Worm","floor":4,"turns":3},{"damage":39,"enemies":"Gremlin Gang","floor":5,"turns":4},{"damage":17,"enemies":"Exordium Wildlife","floor":7,"turns":4},{"damage":6,"enemies":"Blue Slaver","floor":8,"turns":2},{"damage":10,"enemies":"Large Slime","floor":10,"turns":4},{"damage":5,"enemies":"3 Louse","floor":11,"turns":1}],"seed_played":"3569716655696546976","potions_obtained":[{"floor":2,"key":"Swift Potion"},{"floor":4,"key":"SpeedPotion"},{"floor":10,"key":"SteroidPotion"}],"is_trial":false,"path_per_floor":["M","M","?","M","M","R","M","M","T","M"],"character_chosen":"DEFECT","items_purchased":[],"campfire_rested":0,"item_purchase_floors":[],"current_hp_per_floor":[74,74,71,71,32,32,15,9,9,1,0],"gold":222,"neow_bonus":"","is_prod":false,"is_daily":false,"chose_seed":false,"campfire_upgraded":1,"win_rate":0,"timestamp":1539339552,"path_taken":["M","M","?","M","M","R","M","?","T","?","M"],"build_version":"2018-10-11","purchased_purges":0,"victory":false,"max_hp_per_floor":[75,75,75,75,75,75,75,75,75,75,75],"card_choices":[{"not_picked":["BootSequence","Storm"],"picked":"Redo","floor":1},{"not_picked":["Barrage","Lockon"],"picked":"Ball Lightning","floor":2},{"not_picked":["Recycle","Sweeping Beam"],"picked":"Stack","floor":4},{"not_picked":["Consume","Beam Cell"],"picked":"Rebound","floor":5},{"not_picked":["Auto Shields","Beam Cell"],"picked":"FTL","floor":7},{"not_picked":["Coolheaded","Hologram"],"picked":"Gash","floor":8},{"not_picked":["Defragment","Consume"],"picked":"Coolheaded","floor":10}],"player_experience":56077,"relics_obtained":[{"floor":9,"key":"Blood Vial"}],"event_choices":[{"event_name":"Scrap Ooze","player_choice":"success","floor":3,"damage_taken":3}],"is_beta":false,"boss_relics":[],"items_purged_floors":[],"is_endless":false,"potions_floor_spawned":[2,4,10],"killed_by":"3 Louse","ascension_level":0}