{"path_per_floor":["M","?","M","?","M","E","R","E","T","M","M","$","M","M","R","B",null,"M","M","?","?","?","R","?","R","T","M","T","M","M","?","R"],"character_chosen":"THE_SILENT","items_purchased":["Die Die Die"],"gold_per_floor":[119,119,130,95,106,131,131,159,186,205,219,69,85,101,101,200,200,214,231,231,131,111,111,111,111,111,131,131,143,153,153,153],"floor_reached":33,"campfire_rested":4,"playtime":2428,"current_hp_per_floor":[63,63,50,67,61,23,44,32,32,32,10,10,5,3,24,9,70,40,34,34,34,34,55,55,55,55,36,36,21,1,1,22],"items_purged":[],"gold":153,"play_id":"28a1694b-7c81-41b1-a2a5-7d3a7f3b1fc7","is_prod":false,"is_daily":false,"campfire_rituals":0,"campfire_upgraded":1,"is_hardmode":false,"path_taken":["M","?","M","?","?","E","R","E","T","M","M","$","M","M","R","BOSS","M","M","?","?","?","R","?","R","T","M","?","?","M","?","R","BOSS"],"build_version":"2018-01-11-PROD1","purchased_purges":0,"victory":false,"master_deck":["Defend_G","Defend_G","Defend_G","Defend_G","Defend_G","Strike_G","Strike_G","Strike_G","Strike_G","Strike_G","Survivor","Neutralize","Terror","Quick Slash","Poisoned Stab","Escape Plan","Unload","Cloak And Dagger","Bane","Sucker Punch","Die Die Die","Bouncing Flask","Quick Slash","Die Die Die","All Out Attack","Bane","Dagger Spray","Backflip","Calculated Gamble","Quick Slash","Calculated Gamble","J.A.X.","Bane","Bane","Well Laid Plans","Sucker Punch","Dagger Throw"],"max_hp_per_floor":[70,70,70,70,70,70,70,70,70,70,70,70,70,70,70,70,70,70,70,70,70,70,70,70,70,70,70,70,70,70,70,70],"relics":["Ring of the Snake","Prayer Wheel","Blue Candle","Omamori","Orrery","Whetstone","Ice Cream"],"campfire_meditates":0,"card_choices":[{"not_picked":["Finisher","Underhanded Strike"],"picked":"Terror"},{"not_picked":["Crippling Poison","Prepared"],"picked":"Quick Slash"},{"not_picked":["PiercingWail","Finisher"],"picked":"Poisoned Stab"},{"not_picked":["Bullet Time","Flechettes"],"picked":"Escape Plan"},{"not_picked":["Prepared","Flechettes"],"picked":"Unload"},{"not_picked":["Skewer","Slice"],"picked":"Cloak And Dagger"},{"not_picked":["Catalyst","Flechettes"],"picked":"Bane"},{"not_picked":["Slice","Flechettes"],"picked":"Sucker Punch"},{"not_picked":["Deflect","Slice"],"picked":"Bouncing Flask"},{"not_picked":["Catalyst","Calculated Gamble"],"picked":"Quick Slash"},{"not_picked":["Phantasmal Killer","A Thousand Cuts"],"picked":"Die Die Die"},{"not_picked":["Masterful Stab","Skewer"],"picked":"All Out Attack"},{"not_picked":["Dash","Dodge and Roll"],"picked":"Bane"},{"not_picked":["Blur","Finisher"],"picked":"Dagger Spray"},{"not_picked":["Prepared","Choke"],"picked":"Backflip"},{"not_picked":["Deadly Poison","Eviscerate"],"picked":"Calculated Gamble"},{"not_picked":["Reflex","Riddle With Holes"],"picked":"Quick Slash"},{"not_picked":["Wraith Form","Concentrate"],"picked":"Calculated Gamble"},{"not_picked":["Eviscerate","Cloak And Dagger"],"picked":"Bane"},{"not_picked":["Dagger Throw","Slice"],"picked":"Bane"},{"not_picked":["Deflect","Deadly Poison"],"picked":"Well Laid Plans"},{"not_picked":["Dodge and Roll","Infinite Blades"],"picked":"Sucker Punch"},{"not_picked":["A Thousand Cuts","Underhanded Strike"],"picked":"Dagger Throw"}],"player_experience":125012,"potions_floor_usage":[8,16,29,30,30],"damage_taken":[{"damage":7,"enemies":"Jaw Worm","floor":1,"turns":4},{"damage":13,"enemies":"Blue Slaver","floor":3,"turns":3},{"damage":6,"enemies":"2 Louse","floor":5,"turns":2},{"damage":38,"enemies":"Lagavulin","floor":6,"turns":7},{"damage":12,"enemies":"3 Sentries","floor":8,"turns":9},{"damage":0,"enemies":"Large Slime","floor":10,"turns":5},{"damage":22,"enemies":"Gremlin Gang","floor":11,"turns":5},{"damage":5,"enemies":"Exordium Thugs","floor":13,"turns":4},{"damage":2,"enemies":"Large Slime","floor":14,"turns":4},{"damage":15,"enemies":"Hexaghost","floor":16,"turns":9},{"damage":30,"enemies":"Spheric Guardian","floor":18,"turns":4},{"damage":6,"enemies":"3 Byrds","floor":19,"turns":3},{"damage":19,"enemies":"Snecko","floor":27,"turns":4},{"damage":21,"enemies":"Snake Plant","floor":29,"turns":4},{"damage":20,"enemies":"Centurion and Healer","floor":30,"turns":2},{"damage":25,"enemies":"Collector","floor":33,"turns":2}],"event_choices":[{"event_name":"Purifier","player_choice":"Skipped","floor":2,"damage_taken":0},{"event_name":"The Cleric","player_choice":"Healed","floor":4,"damage_taken":0},{"event_name":"Upgrade Shrine","player_choice":"Upgraded","floor":20,"damage_taken":0},{"event_name":"Drug Dealer","player_choice":"Got JAXXED","floor":21,"damage_taken":0},{"event_name":"The Woman in Blue","player_choice":"Bought 1 Potion","floor":22,"damage_taken":0},{"event_name":"The Lab","player_choice":"Got Potions","floor":24,"damage_taken":0},{"event_name":"Forgotten Altar","player_choice":"Smashed Altar","floor":31,"damage_taken":0}],"boss_relics":[{"not_picked":["Velvet Choker","Sozu"],"picked":"Orrery"}],"potions_floor_spawned":[1,3,14,19,27],"seed_played":"-7989448640289516328","killed_by":"Collector","is_trial":false}