{"gold_per_floor":[115,265,190,205,215,215,215,235,281,281,338,338,58,58,58,129,129,146,183,233,283,302,302,320,424,424,456,521,521,538,36,36,110,110,127,177,227,245,263,263,313,338,416,62,112,262,274,291,291,291],"floor_reached":51,"playtime":3012,"items_purged":["Mayhem"],"score":1398,"play_id":"e36816f7-f284-4975-ba87-8c494975632b","local_time":"20190131225300","is_ascension_mode":true,"campfire_choices":[{"data":"Leap","floor":6,"key":"SMITH"},{"data":"Defragment","floor":10,"key":"SMITH"},{"data":"Reinforced Body","floor":12,"key":"SMITH"},{"data":"Apotheosis","floor":15,"key":"SMITH"},{"floor":23,"key":"REST"},{"floor":29,"key":"REST"},{"data":"Echo Form","floor":32,"key":"SMITH"},{"data":"Reboot","floor":40,"key":"SMITH"},{"data":"Seek","floor":49,"key":"SMITH"}],"neow_cost":"NONE","seed_source_timestamp":1259038034159122,"circlet_count":0,"master_deck":["AscendersBane","Strike_B","Strike_B","Zap","Dualcast","Echo Form+1","Reinforced Body+1","Cold Snap+1","Leap+1","Self Repair","Defragment+1","Leap","Apotheosis+1","Auto Shields","Machine Learning","Glacier+1","Chill","Blizzard+1","Conserve Battery+1","Coolheaded","Glacier","Reboot+1","Conserve Battery+1","Rip and Tear+1","Reboot+1","Core Surge+1","Undo","BootSequence+1","Seek+1","Redo+1"],"relics":["Cracked Core","Art of War","Omamori","SsserpentHead","Inserter","Whetstone","Mercury Hourglass","Boot","Incense Burner","Anchor","Astrolabe","Pear","Bottled Tornado","Mummified Hand","Torii"],"potions_floor_usage":[8,11,50,50],"damage_taken":[{"damage":2,"enemies":"Jaw Worm","floor":1,"turns":4},{"damage":0,"enemies":"2 Louse","floor":4,"turns":3},{"damage":0,"enemies":"Small Slimes","floor":5,"turns":3},{"damage":16,"enemies":"Exordium Thugs","floor":8,"turns":9},{"damage":21,"enemies":"Lagavulin Event","floor":11,"turns":7},{"damage":23,"enemies":"The Guardian","floor":16,"turns":17},{"damage":12,"enemies":"Chosen","floor":18,"turns":12},{"damage":18,"enemies":"2 Thieves","floor":19,"turns":4},{"damage":19,"enemies":"3 Cultists","floor":22,"turns":7},{"damage":15,"enemies":"Snecko","floor":24,"turns":9},{"damage":54,"enemies":"Gremlin Leader","floor":27,"turns":7},{"damage":4,"enemies":"Shelled Parasite and Fungi","floor":28,"turns":10},{"damage":5,"enemies":"Snake Plant","floor":30,"turns":6},{"damage":0,"enemies":"Champ","floor":33,"turns":13},{"damage":0,"enemies":"Orb Walker","floor":35,"turns":6},{"damage":0,"enemies":"3 Shapes","floor":38,"turns":10},{"damage":0,"enemies":"Spire Growth","floor":39,"turns":9},{"damage":18,"enemies":"Nemesis","floor":42,"turns":14},{"damage":0,"enemies":"Mind Bloom Boss Battle","floor":46,"turns":8},{"damage":0,"enemies":"Transient","floor":47,"turns":5},{"damage":0,"enemies":"Maw","floor":48,"turns":9},{"damage":0,"enemies":"Donu and Deca","floor":50,"turns":10}],"seed_played":"2933518915942435307","potions_obtained":[{"floor":1,"key":"Regen Potion"},{"floor":4,"key":"SkillPotion"},{"floor":16,"key":"FairyPotion"},{"floor":19,"key":"Ancient Potion"},{"floor":27,"key":"FocusPotion"},{"floor":47,"key":"FocusPotion"}],"is_trial":false,"path_per_floor":["M","?","?","M","M","R","?","M","T","R","?","R","$","?","R","B",null,"M","M","?","?","M","R","M","T","T","E","M","R","M","$","R","B",null,"M","?","?","M","M","R","?","E","T","$","?","?","M","M","R","B",null],"character_chosen":"DEFECT","items_purchased":["Apotheosis","Auto Shields","Coolheaded","Incense Burner","Anchor","Mummified Hand"],"campfire_rested":2,"item_purchase_floors":[13,13,13,31,31,44],"current_hp_per_floor":[62,62,62,62,62,62,62,53,53,53,54,54,54,54,54,41,64,66,55,55,55,36,57,62,62,62,18,34,55,70,70,70,71,71,71,61,61,71,71,71,71,77,77,77,81,81,81,81,81,81],"gold":291,"neow_bonus":"ONE_RANDOM_RARE_CARD","is_prod":false,"is_daily":false,"chose_seed":false,"campfire_upgraded":7,"win_rate":0,"timestamp":1548942780,"path_taken":["M","?","?","M","M","R","?","?","T","R","?","R","$","?","R","BOSS","M","?","?","?","M","R","M","?","T","E","?","R","M","$","R","BOSS","M","?","?","M","M","R","?","E","T","$","?","?","M","M","R","BOSS"],"build_version":"2019-01-23","purchased_purges":1,"victory":true,"max_hp_per_floor":[71,71,71,71,71,71,71,71,71,71,71,71,71,71,71,71,71,71,71,71,71,71,71,71,71,71,71,71,71,71,71,71,71,71,71,71,71,71,71,71,71,81,81,81,81,81,81,81,81,81],"card_choices":[{"not_picked":["Consume","Hologram"],"picked":"Reinforced Body","floor":1},{"not_picked":["Sweeping Beam","Beam Cell"],"picked":"Cold Snap","floor":4},{"not_picked":["Loop","Heatsinks"],"picked":"Leap","floor":5},{"not_picked":["Hello World","Gash"],"picked":"Defragment","floor":8},{"not_picked":["Hello World","All For One"],"picked":"Leap","floor":11},{"not_picked":["Amplify","Thunder Strike"],"picked":"Machine Learning","floor":16},{"not_picked":["Gash","Sweeping Beam","Stack"],"picked":"SKIP","floor":18},{"not_picked":["Force Field","Sweeping Beam"],"picked":"Glacier+1","floor":19},{"not_picked":["Rebound","Ball Lightning"],"picked":"Conserve Battery+1","floor":22},{"not_picked":["Leap","Compile Driver"],"picked":"Coolheaded","floor":24},{"not_picked":["Hologram","Cold Snap"],"picked":"Glacier","floor":27},{"not_picked":["Ball Lightning","Barrage"],"picked":"Reboot","floor":28},{"not_picked":["Barrage+1","Steam+1"],"picked":"Conserve Battery+1","floor":30},{"not_picked":["Steam+1","Redo","Stack"],"picked":"SKIP","floor":35},{"not_picked":["Purity","Enlightenment"],"picked":"Mayhem","floor":36},{"not_picked":["Cold Snap","Ball Lightning"],"picked":"Undo","floor":38},{"not_picked":["Skim","Ball Lightning"],"picked":"BootSequence+1","floor":39},{"not_picked":["Skim","Genetic Algorithm+1"],"picked":"Seek","floor":42},{"not_picked":["Beam Cell","Turbo"],"picked":"Redo+1","floor":47},{"not_picked":["Leap","Undo","Barrage"],"picked":"SKIP","floor":48}],"player_experience":575688,"relics_obtained":[{"floor":9,"key":"Art of War"},{"floor":11,"key":"Omamori"},{"floor":25,"key":"Whetstone"},{"floor":26,"key":"Mercury Hourglass"},{"floor":27,"key":"Boot"},{"floor":42,"key":"Pear"},{"floor":43,"key":"Bottled Tornado"},{"floor":46,"key":"Torii"}],"event_choices":[{"damage_healed":0,"gold_gain":150,"player_choice":"AGREE","damage_taken":0,"max_hp_gain":0,"max_hp_loss":0,"event_name":"Liars Game","floor":2,"gold_loss":0,"cards_obtained":["Doubt"]},{"cards_removed":["Doubt"],"damage_healed":0,"gold_gain":0,"player_choice":"Card Removal","damage_taken":0,"max_hp_gain":0,"max_hp_loss":0,"event_name":"The Cleric","floor":3,"gold_loss":75},{"damage_healed":0,"gold_gain":0,"cards_transformed":["Strike_B"],"player_choice":"Transformed","damage_taken":0,"max_hp_gain":0,"max_hp_loss":0,"event_name":"Transmorgrifier","floor":7,"gold_loss":0,"cards_obtained":["Self Repair"]},{"damage_healed":0,"gold_gain":0,"player_choice":"Searched \u00271\u0027 times","damage_taken":0,"max_hp_gain":0,"max_hp_loss":0,"event_name":"Dead Adventurer","floor":11,"gold_loss":0},{"damage_healed":0,"gold_gain":0,"player_choice":"Trade","damage_taken":0,"relics_obtained":["SsserpentHead"],"max_hp_gain":0,"max_hp_loss":0,"event_name":"FaceTrader","floor":14,"gold_loss":0},{"damage_healed":0,"gold_gain":0,"cards_transformed":["Defend_B","Strike_B"],"player_choice":"Became Test Subject","damage_taken":0,"max_hp_gain":0,"max_hp_loss":0,"event_name":"Drug Dealer","floor":20,"gold_loss":0,"cards_obtained":["Chill","Blizzard"]},{"damage_healed":0,"gold_gain":0,"player_choice":"Smashed Altar","damage_taken":0,"max_hp_gain":0,"max_hp_loss":0,"event_name":"Forgotten Altar","floor":21,"gold_loss":0,"cards_obtained":["Decay"]},{"damage_healed":0,"gold_gain":0,"player_choice":"Memory 3","damage_taken":10,"max_hp_gain":0,"max_hp_loss":0,"event_name":"SensoryStone","floor":36,"gold_loss":0},{"cards_removed":["Coolheaded"],"damage_healed":0,"gold_gain":0,"player_choice":"Removed Skill","damage_taken":0,"max_hp_gain":0,"max_hp_loss":0,"event_name":"Falling","floor":37,"gold_loss":0},{"damage_healed":0,"gold_gain":0,"player_choice":"Ignored","damage_taken":0,"max_hp_gain":0,"max_hp_loss":0,"event_name":"Tomb of Lord Red Mask","floor":41,"gold_loss":0},{"damage_healed":16,"gold_gain":0,"player_choice":"Writhe","damage_taken":0,"max_hp_gain":0,"max_hp_loss":0,"event_name":"Winding Halls","floor":45,"gold_loss":0,"cards_obtained":["Writhe"]},{"damage_healed":0,"gold_gain":0,"player_choice":"Fight","damage_taken":0,"max_hp_gain":0,"max_hp_loss":0,"event_name":"MindBloom","floor":46,"gold_loss":0}],"is_beta":false,"boss_relics":[{"not_picked":["Eternal Feather","Pandora\u0027s Box"],"picked":"Inserter"},{"not_picked":["Snecko Eye","Runic Dome"],"picked":"Astrolabe"}],"items_purged_floors":[44],"is_endless":false,"potions_floor_spawned":[1,4,16,19,22,27,38,42,47],"ascension_level":16}