{"path_per_floor":["M","?","$","M","?","R","?","M","T","R","$","?","$","M","R","B",null,"M","$","?","?","M","E","M","R","T","R"],"character_chosen":"THE_SILENT","items_purchased":["Well Laid Plans","Bag of Marbles","Ninja Scroll","Adrenaline"],"gold_per_floor":[119,219,182,195,195,195,195,208,233,233,87,262,7,26,26,131,131,147,76,76,76,93,120,135,135,135,135],"floor_reached":28,"campfire_rested":1,"playtime":1574,"current_hp_per_floor":[70,70,70,63,63,63,63,63,63,63,63,63,63,60,60,50,70,70,70,49,49,49,31,24,24,24,38],"items_purged":[],"gold":135,"play_id":"56b657e8-d5d9-4789-b3ef-42b071eb91b5","is_prod":false,"is_daily":false,"campfire_rituals":0,"campfire_upgraded":4,"is_hardmode":false,"path_taken":["M","?","$","M","?","R","?","M","T","R","?","?","$","M","R","BOSS","M","$","?","?","M","E","M","R","T","R","M"],"build_version":"2018-01-11-PROD1","purchased_purges":0,"victory":false,"master_deck":["Defend_G","Defend_G","Defend_G","Survivor","Neutralize","Storm of Steel","Well Laid Plans","Blade Dance","Finisher","Doubt","Dagger Spray","Unload","Heel Hook","Night Terror","Calculated Gamble","Acrobatics","Adrenaline","Bite_G","Bite_G","Bite_G","Bite_G","Bite_G","Writhe","Flying Knee","Accuracy","Flying Knee"],"max_hp_per_floor":[70,70,70,70,70,70,70,70,70,70,70,70,70,70,70,70,70,70,70,49,49,49,49,49,49,49,49],"relics":["Ring of the Snake","Juzu Bracelet","Pen Nib","Bag of Marbles","Ninja Scroll","Astrolabe","Lantern","Tingsha","Shuriken"],"campfire_meditates":0,"card_choices":[{"not_picked":["Skewer","PiercingWail"],"picked":"Storm of Steel"},{"not_picked":["Bane","Deflect"],"picked":"Blade Dance"},{"not_picked":["Bane","Backflip"],"picked":"Finisher"},{"not_picked":["Flying Knee","Storm of Steel"],"picked":"Dagger Spray"},{"not_picked":["Tactician","Storm of Steel"],"picked":"Unload"},{"not_picked":["Outmaneuver","Riddle With Holes"],"picked":"Acrobatics"},{"not_picked":["Crippling Poison","Riddle With Holes"],"picked":"Flying Knee"},{"not_picked":["Prepared","Bouncing Flask"],"picked":"Accuracy"},{"not_picked":["Deadly Poison","Caltrops"],"picked":"Flying Knee"}],"player_experience":51540,"potions_floor_usage":[4,16,23],"damage_taken":[{"damage":0,"enemies":"Jaw Worm","floor":1,"turns":5},{"damage":7,"enemies":"Blue Slaver","floor":4,"turns":5},{"damage":0,"enemies":"Cultist","floor":8,"turns":3},{"damage":3,"enemies":"Lots of Slimes","floor":14,"turns":3},{"damage":10,"enemies":"Slime Boss","floor":16,"turns":7},{"damage":0,"enemies":"3 Byrds","floor":18,"turns":2},{"damage":4,"enemies":"Shell Parasite","floor":22,"turns":2},{"damage":18,"enemies":"Book of Stabbing","floor":23,"turns":3},{"damage":13,"enemies":"Chosen and Byrds","floor":24,"turns":3},{"damage":42,"enemies":"Snake Plant","floor":28,"turns":2}],"event_choices":[{"event_name":"Golden Shrine","player_choice":"Pray","floor":2,"damage_taken":0},{"event_name":"Golden Wing","player_choice":"Ignored","floor":5,"damage_taken":0},{"event_name":"Living Wall","player_choice":"Grow","floor":7,"damage_taken":0},{"event_name":"Liars Game","player_choice":"agreed","floor":12,"damage_taken":0},{"event_name":"Vampires","player_choice":"Became a vampire","floor":20,"damage_taken":0},{"event_name":"The Mausoleum","player_choice":"Yes","floor":21,"damage_taken":0}],"boss_relics":[{"not_picked":["Philosopher\u0027s Stone","Cursed Key"],"picked":"Astrolabe"}],"potions_floor_spawned":[1,4,14,23],"seed_played":"791468738752106181","killed_by":"Snake Plant","is_trial":false}