{"path_per_floor":["M","M","?","?","M","R","M","E","T","R","$","R","M","E","R","B",null,"M","M","$","M","M","E","M","$","T","R","E","M","R","E","R"],"character_chosen":"IRONCLAD","items_purchased":["Thinking Ahead","Bag of Marbles"],"gold_per_floor":[119,139,139,139,154,154,165,196,196,196,16,16,29,57,57,154,154,167,184,184,198,216,247,265,121,167,167,202,214,214,249,249,249],"floor_reached":33,"campfire_rested":0,"playtime":6669,"current_hp_per_floor":[72,72,72,72,72,72,70,72,72,72,72,72,72,69,69,10,57,59,61,61,63,65,70,69,69,69,69,73,77,77,79,79,0],"items_purged":[],"gold":249,"score":588,"play_id":"bf23a7b8-c508-48de-a294-03961884047c","local_time":"20180520184407","is_prod":false,"is_daily":false,"chose_seed":false,"is_ascension_mode":true,"campfire_upgraded":7,"timestamp":1526834647,"campfire_choices":[{"data":"Fiend Fire","floor":6,"key":"SMITH"},{"data":"Warcry","floor":10,"key":"SMITH"},{"data":"True Grit","floor":12,"key":"SMITH"},{"data":"Warcry","floor":15,"key":"SMITH"},{"data":"Offering","floor":27,"key":"SMITH"},{"data":"Evolve","floor":30,"key":"SMITH"},{"data":"True Grit","floor":32,"key":"SMITH"}],"path_taken":["M","M","?","?","?","R","M","E","T","R","$","R","?","E","R","BOSS","M","M","$","M","M","E","M","$","T","R","E","M","R","E","R","BOSS"],"build_version":"2018-05-17","seed_source_timestamp":0,"purchased_purges":0,"victory":false,"master_deck":["Strike_R","Strike_R","Strike_R","Defend_R","Defend_R","Bash","AscendersBane","True Grit+1","Fiend Fire+1","Warcry+1","Thinking Ahead","Warcry+1","Offering+1","Headbutt+1","Power Through+1","True Grit+1","Evolve+1","True Grit+1"],"max_hp_per_floor":[72,72,72,72,72,72,72,72,72,72,72,72,72,72,72,72,72,72,72,72,72,72,82,82,82,82,82,84,86,86,86,86,86],"relics":["Burning Blood","Charon\u0027s Ashes","Paper Frog","Gambling Chip","Sundial","Astrolabe","Pear","Bag of Marbles","Singing Bowl","Anchor","Molten Egg 2"],"card_choices":[{"not_picked":["Twin Strike","Hemokinesis"],"picked":"True Grit","floor":1},{"not_picked":["Thunderclap","Anger","Headbutt"],"picked":"SKIP","floor":2},{"not_picked":["Hemokinesis","Iron Wave","Inflame"],"picked":"SKIP","floor":5},{"not_picked":["Anger","Entrench"],"picked":"Warcry","floor":7},{"not_picked":["Anger","Spot Weakness","Fire Breathing"],"picked":"SKIP","floor":8},{"not_picked":["Sword Boomerang","Shrug It Off"],"picked":"Warcry","floor":13},{"not_picked":["Heavy Blade","Entrench","Twin Strike"],"picked":"SKIP","floor":14},{"not_picked":["Reaper","Juggernaut"],"picked":"Offering","floor":16},{"not_picked":["Clash+1","Clothesline","Intimidate"],"picked":"SKIP","floor":18},{"not_picked":["Clothesline+1","Shrug It Off","Wild Strike"],"picked":"SKIP","floor":19},{"not_picked":["Pommel Strike","Ghostly Armor+1"],"picked":"Evolve","floor":21},{"not_picked":["Cleave","Body Slam","Bloodletting"],"picked":"SKIP","floor":22},{"not_picked":["Corruption+1","Thunderclap","Demon Form"],"picked":"SKIP","floor":23},{"not_picked":["Thunderclap","Wild Strike","Clash"],"picked":"SKIP","floor":24},{"not_picked":["Heavy Blade","Havoc","Power Through"],"picked":"Singing Bowl","floor":28},{"not_picked":["Clash+1","Inflame","Clothesline"],"picked":"Singing Bowl","floor":29},{"not_picked":["Armaments","Perfected Strike"],"picked":"True Grit","floor":31}],"player_experience":130056,"potions_floor_usage":[8,16,16,33,33],"damage_taken":[{"damage":5,"enemies":"Jaw Worm","floor":1,"turns":6},{"damage":6,"enemies":"Cultist","floor":2,"turns":3},{"damage":0,"enemies":"Small Slimes","floor":5,"turns":2},{"damage":8,"enemies":"Exordium Wildlife","floor":7,"turns":2},{"damage":0,"enemies":"Gremlin Nob","floor":8,"turns":2},{"damage":0,"enemies":"Blue Slaver","floor":13,"turns":1},{"damage":9,"enemies":"3 Sentries","floor":14,"turns":4},{"damage":72,"enemies":"Hexaghost","floor":16,"turns":10},{"damage":4,"enemies":"Shell Parasite","floor":18,"turns":1},{"damage":4,"enemies":"Chosen","floor":19,"turns":3},{"damage":4,"enemies":"Snecko","floor":21,"turns":2},{"damage":4,"enemies":"3 Cultists","floor":22,"turns":4},{"damage":11,"enemies":"Slavers","floor":23,"turns":3},{"damage":7,"enemies":"Slaver and Parasite","floor":24,"turns":12},{"damage":4,"enemies":"Gremlin Leader","floor":28,"turns":1},{"damage":4,"enemies":"Centurion and Healer","floor":29,"turns":3},{"damage":4,"enemies":"Book of Stabbing","floor":31,"turns":1},{"damage":95,"enemies":"Champ","floor":33,"turns":14}],"relics_obtained":[{"floor":8,"key":"Paper Frog"},{"floor":9,"key":"Gambling Chip"},{"floor":14,"key":"Sundial"},{"floor":23,"key":"Pear"},{"floor":26,"key":"Singing Bowl"},{"floor":28,"key":"Anchor"},{"floor":31,"key":"Molten Egg 2"}],"event_choices":[{"event_name":"Match and Keep!","player_choice":"1 cards matched","floor":3,"damage_taken":0},{"event_name":"Living Wall","player_choice":"Forget","floor":4,"damage_taken":0}],"boss_relics":[{"not_picked":["Ectoplasm","Runic Dome"],"picked":"Astrolabe"}],"potions_floor_spawned":[2,5,7,13,14,18,21,23,24],"seed_played":"-329395709162450015","killed_by":"Champ","ascension_level":10,"potions_obtained":[{"floor":2,"key":"Fire Potion"},{"floor":5,"key":"Dexterity Potion"},{"floor":7,"key":"Dexterity Potion"},{"floor":13,"key":"BloodPotion"},{"floor":14,"key":"Fire Potion"},{"floor":18,"key":"BloodPotion"},{"floor":21,"key":"GamblersBrew"}],"is_trial":false}