{"gold_per_floor":[111,111,129,129,129,172,147,187,213,246,259,282,136,136,136,260,260,284,90,90,111,130,130],"floor_reached":23,"playtime":1457,"items_purged":[],"score":234,"play_id":"51fb4c4a-a4d2-47e7-b048-d9a7bfb0feb9","local_time":"20180809141348","is_ascension_mode":false,"campfire_choices":[{"floor":15,"key":"REST"}],"neow_cost":"NONE","seed_source_timestamp":9038153099449,"circlet_count":0,"master_deck":["Defend_G","Defend_G","Defend_G","Defend_G","Strike_G","Strike_G","Strike_G","Strike_G","Strike_G","Survivor","Neutralize","Choke","Backflip","Choke+1","Slice","Die Die Die","Dagger Spray","Heel Hook","Quick Slash","Unload","Noxious Fumes","Riddle With Holes","Dash"],"relics":["Ring of the Snake","NeowsBlessing","Golden Idol","Regal Pillow","Torii","Strawberry","Blue Candle","Vajra","Black Star","TwistedFunnel","SsserpentHead"],"potions_floor_usage":[16,16,16,22],"damage_taken":[{"damage":0,"enemies":"2 Louse","floor":1,"turns":1},{"damage":0,"enemies":"Cultist","floor":3,"turns":1},{"damage":0,"enemies":"Lagavulin","floor":6,"turns":1},{"damage":14,"enemies":"Gremlin Nob","floor":8,"turns":3},{"damage":11,"enemies":"3 Sentries","floor":10,"turns":5},{"damage":10,"enemies":"Small Slimes","floor":11,"turns":2},{"damage":1,"enemies":"Red Slaver","floor":12,"turns":2},{"damage":46,"enemies":"Hexaghost","floor":16,"turns":9},{"damage":27,"enemies":"Spheric Guardian","floor":18,"turns":4},{"damage":10,"enemies":"3 Byrds","floor":21,"turns":3},{"damage":21,"enemies":"Centurion and Healer","floor":22,"turns":4},{"damage":29,"enemies":"Book of Stabbing","floor":23,"turns":4}],"seed_played":"-4044085196138146683","potions_obtained":[{"floor":8,"key":"Poison Potion"},{"floor":10,"key":"Fruit Juice"},{"floor":11,"key":"AttackPotion"},{"floor":16,"key":"AttackPotion"}],"is_trial":false,"path_per_floor":["M","?","M","?","?","E","$","E","T","E","M","M","$","?","R","B",null,"M","$","?","M","M"],"character_chosen":"THE_SILENT","items_purchased":["Slice","Vajra","TwistedFunnel"],"campfire_rested":1,"item_purchase_floors":[7,13,19],"current_hp_per_floor":[70,70,70,70,53,53,53,39,46,35,25,24,24,24,62,21,82,55,55,55,45,24,0],"gold":130,"neow_bonus":"THREE_ENEMY_KILL","is_prod":false,"is_daily":false,"chose_seed":false,"campfire_upgraded":0,"win_rate":0,"timestamp":1533849228,"path_taken":["M","?","M","?","?","E","$","E","T","E","M","M","$","?","R","BOSS","M","$","?","M","M","E"],"build_version":"2018-08-02","purchased_purges":0,"victory":false,"max_hp_per_floor":[70,70,70,70,70,70,70,70,77,77,77,77,77,77,77,82,82,82,82,82,82,82,82],"card_choices":[{"not_picked":["PiercingWail","Deadly Poison"],"picked":"Bouncing Flask","floor":1},{"not_picked":["Reflex","Skewer"],"picked":"Choke","floor":3},{"not_picked":["Dagger Throw","Concentrate"],"picked":"Choke","floor":6},{"not_picked":["Acrobatics","Flying Knee"],"picked":"Die Die Die","floor":8},{"not_picked":["Tactician","Riddle With Holes"],"picked":"Dagger Spray","floor":10},{"not_picked":["Caltrops","Crippling Poison"],"picked":"Heel Hook","floor":11},{"not_picked":["Blur","Dodge and Roll"],"picked":"Quick Slash","floor":12},{"not_picked":["A Thousand Cuts","Phantasmal Killer"],"picked":"Unload","floor":16},{"not_picked":["Sucker Punch+1","Tactician"],"picked":"Noxious Fumes","floor":18},{"not_picked":["Escape Plan","PiercingWail+1"],"picked":"Riddle With Holes","floor":21},{"not_picked":["Dagger Spray","Quick Slash"],"picked":"Dash","floor":22}],"player_experience":305157,"relics_obtained":[{"floor":6,"key":"Regal Pillow"},{"floor":8,"key":"Torii"},{"floor":9,"key":"Strawberry"},{"floor":10,"key":"Blue Candle"}],"event_choices":[{"event_name":"Bonfire Elementals","player_choice":"UNCOMMON","floor":2,"damage_taken":0},{"event_name":"Transmorgrifier","player_choice":"Transform","floor":4,"damage_taken":0},{"event_name":"Golden Idol","player_choice":"Take Damage","floor":5,"damage_taken":0},{"event_name":"Upgrade Shrine","player_choice":"Upgraded","floor":14,"damage_taken":0},{"event_name":"FaceTrader","player_choice":"Trade","floor":20,"damage_taken":0}],"is_beta":false,"boss_relics":[{"not_picked":["Busted Crown","Calling Bell"],"picked":"Black Star"}],"items_purged_floors":[],"is_endless":false,"potions_floor_spawned":[8,10,11,16],"killed_by":"Book of Stabbing","ascension_level":0}