{"gold_per_floor":[110,110,185,204,214,241,254,254,278,278,292,318,318,344,344,344],"floor_reached":16,"playtime":457,"items_purged":[],"score":240,"play_id":"9026fd7c-cd56-4197-bafa-3bb810e16b14","local_time":"20190210200744","is_ascension_mode":true,"campfire_choices":[{"floor":10,"key":"REST"},{"floor":15,"key":"REST"}],"neow_cost":"NONE","seed_source_timestamp":349086094633900,"circlet_count":0,"master_deck":["AscendersBane","Strike_R","Strike_R","Strike_R","Strike_R","Strike_R","Defend_R","Defend_R","Defend_R","Defend_R","Bash","Clothesline","Body Slam+1","Carnage","Offering","Ghostly Armor","Uppercut","Ghostly Armor","Offering"],"relics":["Burning Blood","NeowsBlessing","Juzu Bracelet","Lantern","Blood Vial","Ancient Tea Set","Peace Pipe"],"potions_floor_usage":[6,12,14,16],"damage_taken":[{"damage":0,"enemies":"Cultist","floor":1,"turns":1},{"damage":0,"enemies":"Small Slimes","floor":4,"turns":1},{"damage":0,"enemies":"2 Louse","floor":5,"turns":1},{"damage":32,"enemies":"Gremlin Nob","floor":6,"turns":4},{"damage":15,"enemies":"Gremlin Gang","floor":7,"turns":6},{"damage":7,"enemies":"Looter","floor":11,"turns":2},{"damage":29,"enemies":"Lagavulin","floor":12,"turns":6},{"damage":26,"enemies":"3 Sentries","floor":14,"turns":7},{"damage":57,"enemies":"Hexaghost","floor":16,"turns":9}],"seed_played":"-6369882309479197196","potions_obtained":[{"floor":1,"key":"AttackPotion"},{"floor":5,"key":"Weak Potion"},{"floor":11,"key":"EssenceOfSteel"},{"floor":12,"key":"AttackPotion"},{"floor":14,"key":"Block Potion"}],"is_trial":false,"path_per_floor":["M","?","?","M","M","E","M","?","T","R","M","E","?","E","R","B"],"character_chosen":"IRONCLAD","items_purchased":[],"campfire_rested":2,"item_purchase_floors":[],"current_hp_per_floor":[74,56,45,51,57,31,22,22,22,44,45,24,49,31,53,0],"gold":344,"neow_bonus":"THREE_ENEMY_KILL","is_prod":false,"is_daily":false,"chose_seed":false,"campfire_upgraded":0,"win_rate":0,"timestamp":1549825664,"path_taken":["M","?","?","M","M","E","M","?","T","R","M","E","?","E","R","BOSS"],"build_version":"2019-01-23","purchased_purges":0,"victory":false,"max_hp_per_floor":[75,75,75,75,75,75,75,75,75,75,75,75,75,75,75,75],"card_choices":[{"not_picked":["Hemokinesis","Wild Strike"],"picked":"Clothesline","floor":1},{"not_picked":["Flex","Cleave"],"picked":"Body Slam","floor":4},{"not_picked":["Inflame","Twin Strike"],"picked":"Carnage","floor":5},{"not_picked":["Pommel Strike","True Grit"],"picked":"Offering","floor":6},{"not_picked":["True Grit","Cleave"],"picked":"Ghostly Armor","floor":7},{"not_picked":["Warcry","Flex"],"picked":"Uppercut","floor":11},{"not_picked":["Corruption","Sword Boomerang"],"picked":"Ghostly Armor","floor":12},{"not_picked":["Perfected Strike","Shrug It Off"],"picked":"Offering","floor":14}],"player_experience":355061,"relics_obtained":[{"floor":6,"key":"Lantern"},{"floor":9,"key":"Blood Vial"},{"floor":12,"key":"Ancient Tea Set"},{"floor":14,"key":"Peace Pipe"}],"event_choices":[{"damage_healed":0,"gold_gain":0,"player_choice":"Success","damage_taken":18,"relics_obtained":["Juzu Bracelet"],"max_hp_gain":0,"max_hp_loss":0,"event_name":"Scrap Ooze","floor":2,"gold_loss":0},{"damage_healed":0,"gold_gain":75,"player_choice":"Gather Gold","damage_taken":11,"max_hp_gain":0,"max_hp_loss":0,"event_name":"World of Goop","floor":3,"gold_loss":0},{"damage_healed":0,"gold_gain":0,"player_choice":"Upgraded","damage_taken":0,"max_hp_gain":0,"max_hp_loss":0,"event_name":"Upgrade Shrine","floor":8,"gold_loss":0,"cards_upgraded":["Body Slam"]},{"damage_healed":25,"gold_gain":0,"player_choice":"Banana","damage_taken":0,"max_hp_gain":0,"max_hp_loss":0,"event_name":"Big Fish","floor":13,"gold_loss":0}],"is_beta":false,"boss_relics":[],"items_purged_floors":[],"is_endless":false,"potions_floor_spawned":[1,5,11,12,14],"killed_by":"Hexaghost","ascension_level":20}