{"gold_per_floor":[118,20,20,31,43,72,72,103,128,157,157,193,343,10,10,84,84,103,103,113,129,73,73],"floor_reached":23,"playtime":1107,"items_purged":["Doubt"],"score":418,"play_id":"d5a966c3-ceca-4e1c-8fa9-652a2f81fc7e","local_time":"20190210195938","is_ascension_mode":true,"campfire_choices":[{"data":"Uppercut","floor":7,"key":"SMITH"},{"floor":11,"key":"REST"},{"data":"Metallicize","floor":15,"key":"SMITH"}],"neow_cost":"NONE","seed_source_timestamp":347949128396100,"circlet_count":0,"master_deck":["AscendersBane","Strike_R","Strike_R+1","Strike_R","Strike_R+1","Strike_R","Defend_R+1","Defend_R","Defend_R","Bash","Havoc","Jack Of All Trades+1","Ghostly Armor","Uppercut+1","Iron Wave","Headbutt","Metallicize+1","Headbutt","Barricade","Shrug It Off","Reckless Charge","Shrug It Off+1"],"relics":["Burning Blood","NeowsBlessing","War Paint","Potion Belt","Whetstone","Letter Opener","Medical Kit","Cursed Key"],"potions_floor_usage":[6,16,16,16,20,23],"damage_taken":[{"damage":0,"enemies":"Small Slimes","floor":1,"turns":1},{"damage":0,"enemies":"Cultist","floor":4,"turns":1},{"damage":0,"enemies":"Jaw Worm","floor":5,"turns":1},{"damage":11,"enemies":"Gremlin Nob","floor":6,"turns":3},{"damage":37,"enemies":"3 Sentries","floor":8,"turns":9},{"damage":20,"enemies":"Lagavulin","floor":10,"turns":6},{"damage":16,"enemies":"Gremlin Gang","floor":12,"turns":4},{"damage":29,"enemies":"The Guardian","floor":16,"turns":14},{"damage":18,"enemies":"Spheric Guardian","floor":18,"turns":6},{"damage":15,"enemies":"2 Thieves","floor":20,"turns":4},{"damage":17,"enemies":"Shelled Parasite and Fungi","floor":21,"turns":8},{"damage":28,"enemies":"Book of Stabbing","floor":23,"turns":4}],"seed_played":"-5919526979234541478","potions_obtained":[{"floor":1,"key":"AttackPotion"},{"floor":5,"key":"EssenceOfSteel"},{"floor":10,"key":"Fire Potion"},{"floor":12,"key":"SneckoOil"},{"floor":16,"key":"Swift Potion"},{"floor":20,"key":"Weak Potion"},{"floor":21,"key":"FearPotion"}],"is_trial":false,"path_per_floor":["M","$","?","M","M","E","R","E","T","E","R","M","?","$","R","B",null,"M","?","M","M","$","E"],"character_chosen":"IRONCLAD","items_purchased":["Jack Of All Trades","Medical Kit","Headbutt","Poison Potion"],"campfire_rested":1,"item_purchase_floors":[2,14,14,22],"current_hp_per_floor":[74,74,74,75,75,70,70,39,39,25,47,37,37,37,37,14,60,48,48,39,28,28,0],"gold":73,"neow_bonus":"THREE_ENEMY_KILL","is_prod":false,"is_daily":false,"chose_seed":false,"campfire_upgraded":2,"win_rate":0,"timestamp":1549825178,"path_taken":["M","$","?","M","M","E","R","E","T","E","R","?","?","$","R","BOSS","M","?","M","M","$","E"],"build_version":"2019-01-23","purchased_purges":1,"victory":false,"max_hp_per_floor":[75,75,75,75,75,75,75,75,75,75,75,75,75,75,75,75,75,75,75,75,75,75,75],"card_choices":[{"not_picked":["Thunderclap","Sword Boomerang"],"picked":"Havoc","floor":1},{"not_picked":["Heavy Blade","Sever Soul"],"picked":"Ghostly Armor","floor":4},{"not_picked":["Burning Pact","Fire Breathing","Heavy Blade"],"picked":"SKIP","floor":5},{"not_picked":["Hemokinesis","Inflame"],"picked":"Uppercut","floor":6},{"not_picked":["Entrench","Bludgeon"],"picked":"Iron Wave","floor":8},{"not_picked":["Clash","Inflame"],"picked":"Headbutt","floor":10},{"not_picked":["Flex","Cleave"],"picked":"Metallicize","floor":12},{"not_picked":["Bludgeon","Double Tap"],"picked":"Barricade","floor":16},{"not_picked":["Entrench+1","Anger"],"picked":"Shrug It Off","floor":18},{"not_picked":["Pommel Strike","Bloodletting"],"picked":"Shrug It Off+1","floor":20},{"not_picked":["Anger","Searing Blow","Warcry"],"picked":"SKIP","floor":21}],"player_experience":353945,"relics_obtained":[{"floor":6,"key":"War Paint"},{"floor":8,"key":"Potion Belt"},{"floor":9,"key":"Whetstone"},{"floor":10,"key":"Letter Opener"}],"event_choices":[{"damage_healed":0,"gold_gain":0,"cards_transformed":["Defend_R"],"player_choice":"Transformed","damage_taken":0,"max_hp_gain":0,"max_hp_loss":0,"event_name":"Transmorgrifier","floor":3,"gold_loss":0,"cards_obtained":["Flex"]},{"damage_healed":0,"gold_gain":150,"player_choice":"AGREE","damage_taken":0,"max_hp_gain":0,"max_hp_loss":0,"event_name":"Liars Game","floor":13,"gold_loss":0,"cards_obtained":["Doubt"]},{"damage_healed":0,"gold_gain":0,"cards_transformed":["Flex"],"player_choice":"Transformed","damage_taken":0,"max_hp_gain":0,"max_hp_loss":0,"event_name":"Transmorgrifier","floor":19,"gold_loss":0,"cards_obtained":["Reckless Charge"]}],"is_beta":false,"boss_relics":[{"not_picked":["Lizard Tail","Calling Bell"],"picked":"Cursed Key"}],"items_purged_floors":[14],"is_endless":false,"potions_floor_spawned":[1,5,10,12,16,20,21],"killed_by":"Book of Stabbing","ascension_level":20}