{"gold_per_floor":[116,135,32,32,92,121,121,49,49,75,110,110,125,136,136,233,233,245,206,206,11,11,11,36,50,103,103,103,114,39,54,54,54],"floor_reached":33,"playtime":1199,"items_purged":["Doubt"],"score":271,"play_id":"25ce6ca2-208d-4920-9420-eb9df403f74a","local_time":"20190205145519","is_ascension_mode":false,"campfire_choices":[{"floor":7,"key":"REST"},{"floor":12,"key":"REST"},{"data":"Infernal Blade","floor":15,"key":"SMITH"},{"data":"Clothesline","floor":23,"key":"SMITH"},{"floor":32,"key":"REST"}],"neow_cost":"NONE","seed_source_timestamp":1368243749810638,"circlet_count":0,"master_deck":["Strike_R","Strike_R","Strike_R","Strike_R","Strike_R+1","Defend_R","Defend_R","Defend_R","Defend_R+1","Bash+1","Heavy Blade","Flex","Heavy Blade","Intimidate","Thunderclap","Fiend Fire","Infernal Blade+1","Perfected Strike","Flex","Offering+1","Clothesline+1","Spot Weakness","Cleave","Bloodletting+1","Dropkick","Clumsy","Shockwave","Blood for Blood+1"],"relics":["White Beast Statue","Vajra","Strawberry","Centennial Puzzle","Blood Vial","Cursed Key","MealTicket","Bag of Marbles","Tiny Chest","War Paint"],"potions_floor_usage":[6,11,14,16,16,24,31,33],"damage_taken":[{"damage":1,"enemies":"Cultist","floor":1,"turns":3},{"damage":9,"enemies":"2 Louse","floor":2,"turns":3},{"damage":20,"enemies":"Gremlin Nob","floor":6,"turns":4},{"damage":36,"enemies":"Lagavulin","floor":11,"turns":7},{"damage":8,"enemies":"Jaw Worm","floor":13,"turns":2},{"damage":0,"enemies":"Large Slime","floor":14,"turns":2},{"damage":40,"enemies":"The Guardian","floor":16,"turns":6},{"damage":22,"enemies":"3 Byrds","floor":18,"turns":5},{"damage":27,"enemies":"Book of Stabbing","floor":24,"turns":2},{"damage":6,"enemies":"Chosen","floor":25,"turns":1},{"damage":13,"enemies":"Snake Plant","floor":29,"turns":2},{"damage":10,"enemies":"Sentry and Sphere","floor":31,"turns":3},{"damage":45,"enemies":"Automaton","floor":33,"turns":6}],"seed_played":"6336179885189407763","potions_obtained":[{"floor":1,"key":"PowerPotion"},{"floor":2,"key":"Dexterity Potion"},{"floor":6,"key":"PowerPotion"},{"floor":11,"key":"Strength Potion"},{"floor":13,"key":"Dexterity Potion"},{"floor":14,"key":"SteroidPotion"},{"floor":16,"key":"Dexterity Potion"},{"floor":18,"key":"Poison Potion"},{"floor":24,"key":"SpeedPotion"},{"floor":25,"key":"Energy Potion"},{"floor":31,"key":"Explosive Potion"}],"is_trial":false,"path_per_floor":["M","M","$","?","?","E","R","$","T","T","E","R","M","M","R","B",null,"M","$","?","$","?","R","E","M","T","?","T","M","$","M","R","B"],"character_chosen":"IRONCLAD","items_purchased":["Heavy Blade","Intimidate","Fiend Fire","Spot Weakness","MealTicket"],"campfire_rested":3,"item_purchase_floors":[3,3,8,19,21],"current_hp_per_floor":[79,70,70,54,54,34,58,58,65,65,29,55,49,51,51,13,87,65,65,65,65,65,65,40,36,36,19,19,8,23,15,42,0],"gold":54,"neow_bonus":"BOSS_RELIC","is_prod":false,"is_daily":false,"chose_seed":false,"campfire_upgraded":2,"win_rate":0.0,"timestamp":1549349719,"path_taken":["M","M","$","?","?","E","R","$","T","?","E","R","M","M","R","BOSS","M","$","?","$","?","R","E","M","T","?","?","M","$","M","R","BOSS"],"build_version":"2019-01-23","purchased_purges":1,"victory":false,"max_hp_per_floor":[80,80,80,80,80,80,80,80,87,87,87,87,87,87,87,87,87,87,87,87,87,87,87,87,87,87,92,92,92,92,92,92,92],"card_choices":[{"not_picked":["Sword Boomerang","Shrug It Off"],"picked":"Heavy Blade","floor":1},{"not_picked":["Pommel Strike","Intimidate"],"picked":"Flex","floor":2},{"not_picked":["Whirlwind","Havoc"],"picked":"Thunderclap","floor":6},{"not_picked":["Battle Trance","Flex"],"picked":"Infernal Blade","floor":11},{"not_picked":["Blood for Blood","Fire Breathing"],"picked":"Perfected Strike","floor":13},{"not_picked":["Pommel Strike","Bludgeon"],"picked":"Flex","floor":14},{"not_picked":["Feed","Demon Form"],"picked":"Offering","floor":16},{"not_picked":["Intimidate","Headbutt"],"picked":"Clothesline","floor":18},{"not_picked":["Burning Pact","Havoc+1"],"picked":"Bloodletting+1","floor":24},{"not_picked":["Battle Trance+1","Entrench+1"],"picked":"Dropkick","floor":25},{"not_picked":["Armaments","Havoc"],"picked":"Shockwave","floor":29},{"not_picked":["Bloodletting","Ghostly Armor+1"],"picked":"Blood for Blood+1","floor":31}],"player_experience":93886,"relics_obtained":[{"floor":6,"key":"Vajra"},{"floor":9,"key":"Strawberry"},{"floor":10,"key":"Centennial Puzzle"},{"floor":11,"key":"Blood Vial"},{"floor":24,"key":"Bag of Marbles"},{"floor":26,"key":"Tiny Chest"},{"floor":28,"key":"War Paint"}],"event_choices":[{"damage_healed":0,"gold_gain":0,"player_choice":"Entered Light","damage_taken":16,"max_hp_gain":0,"max_hp_loss":0,"event_name":"Shining Light","floor":4,"gold_loss":0,"cards_upgraded":["Strike_R","Bash"]},{"damage_healed":0,"gold_gain":60,"player_choice":"Gained Gold","damage_taken":0,"max_hp_gain":0,"max_hp_loss":0,"event_name":"Golden Wing","floor":5,"gold_loss":0},{"damage_healed":0,"gold_gain":0,"player_choice":"Read","damage_taken":0,"max_hp_gain":0,"max_hp_loss":0,"event_name":"The Library","floor":20,"gold_loss":0,"cards_obtained":["Cleave"]},{"damage_healed":0,"gold_gain":0,"player_choice":"Ignored","damage_taken":0,"max_hp_gain":0,"max_hp_loss":0,"event_name":"Beggar","floor":22,"gold_loss":0},{"damage_healed":0,"gold_gain":0,"player_choice":"Shed Blood","damage_taken":22,"max_hp_gain":5,"max_hp_loss":0,"event_name":"Forgotten Altar","floor":27,"gold_loss":0}],"is_beta":false,"boss_relics":[{"not_picked":["Mark of Pain","Runic Dome"],"picked":"Cursed Key"}],"items_purged_floors":[30],"is_endless":false,"potions_floor_spawned":[1,2,6,11,13,14,16,18,24,25,29,31],"killed_by":"Automaton","ascension_level":0}