{"gold_per_floor":[109,120,220,233,78,109,119,69,92,108,119,149,149,169,169,267,267,192,292,307,324,324,324,344,344,370,382,296,296,308,322,322,418,418,438,450,465,478,478,478,375,395,395,345,365,410,360,388,388,388],"floor_reached":51,"playtime":4608,"items_purged":["Strike_B","Strike_B","Zap","Shame","Defend_B","Defend_B"],"score":793,"play_id":"6d9544fe-1f65-45b5-85df-54a334205da9","local_time":"20190219035900","is_ascension_mode":false,"campfire_choices":[{"floor":13,"key":"REST"},{"data":"Blizzard","floor":15,"key":"SMITH"},{"floor":23,"key":"REST"},{"floor":25,"key":"REST"},{"floor":32,"key":"REST"},{"data":"Defragment","floor":40,"key":"SMITH"},{"data":"Blizzard","floor":49,"key":"SMITH"}],"neow_cost":"NONE","seed_source_timestamp":408939083780136,"circlet_count":0,"master_deck":["Strike_B","Strike_B","Defend_B","Defend_B","Dualcast","Consume","Blizzard+1","Glacier","Chill","Defragment+1","Coolheaded","Coolheaded+1","Cold Snap","Capacitor","Capacitor+1","Cold Snap","Blizzard+1"],"relics":["FrozenCore","Smiling Mask","Anchor","Omamori","Torii","Mummified Hand","Pear","Bronze Scales","Sozu","Meat on the Bone","FossilizedHelix","Toxic Egg 2"],"potions_floor_usage":[6,16,16,16,19,27,33,33,50],"damage_taken":[{"damage":2,"enemies":"Small Slimes","floor":1,"turns":4},{"damage":0,"enemies":"Cultist","floor":2,"turns":2},{"damage":1,"enemies":"Jaw Worm","floor":4,"turns":3},{"damage":5,"enemies":"Gremlin Nob","floor":6,"turns":4},{"damage":16,"enemies":"Lots of Slimes","floor":7,"turns":6},{"damage":1,"enemies":"Exordium Wildlife","floor":10,"turns":6},{"damage":10,"enemies":"Large Slime","floor":11,"turns":7},{"damage":10,"enemies":"3 Sentries","floor":12,"turns":6},{"damage":0,"enemies":"2 Fungi Beasts","floor":14,"turns":2},{"damage":33,"enemies":"Hexaghost","floor":16,"turns":9},{"damage":7,"enemies":"2 Thieves","floor":18,"turns":5},{"damage":24,"enemies":"Colosseum Slavers","floor":19,"turns":6},{"damage":35,"enemies":"Colosseum Nobs","floor":19,"turns":7},{"damage":0,"enemies":"Spheric Guardian","floor":20,"turns":8},{"damage":1,"enemies":"3 Cultists","floor":21,"turns":6},{"damage":26,"enemies":"Cultist and Chosen","floor":24,"turns":9},{"damage":0,"enemies":"Snake Plant","floor":27,"turns":4},{"damage":0,"enemies":"Chosen and Byrds","floor":30,"turns":10},{"damage":0,"enemies":"Sentry and Sphere","floor":31,"turns":10},{"damage":1,"enemies":"Automaton","floor":33,"turns":15},{"damage":7,"enemies":"3 Darklings","floor":35,"turns":5},{"damage":0,"enemies":"3 Shapes","floor":36,"turns":6},{"damage":30,"enemies":"Maw","floor":37,"turns":12},{"damage":0,"enemies":"Jaw Worm Horde","floor":38,"turns":5},{"damage":0,"enemies":"Sphere and 2 Shapes","floor":42,"turns":8},{"damage":6,"enemies":"Writhing Mass","floor":45,"turns":8},{"damage":1,"enemies":"2 Orb Walkers","floor":46,"turns":8},{"damage":0,"enemies":"Giant Head","floor":48,"turns":10},{"damage":0,"enemies":"Awakened One","floor":50,"turns":11}],"seed_played":"2852516356237521870","potions_obtained":[{"floor":1,"key":"LiquidBronze"},{"floor":2,"key":"Energy Potion"},{"floor":4,"key":"Dexterity Potion"},{"floor":12,"key":"SteroidPotion"},{"floor":16,"key":"SkillPotion"},{"floor":19,"key":"Strength Potion"},{"floor":27,"key":"FearPotion"},{"floor":31,"key":"Regen Potion"},{"floor":33,"key":"Explosive Potion"}],"is_trial":false,"path_per_floor":["M","M","?","M","$","E","M","$","T","M","M","E","R","M","R","B",null,"M","?","M","M","T","R","M","R","T","M","$","?","M","M","R","B",null,"M","M","M","M","?","R","$","M","T","$","M","?","$","E","R","B",null],"character_chosen":"DEFECT","items_purchased":["Glacier","Capacitor","Cold Snap"],"campfire_rested":4,"item_purchase_floors":[5,28,41],"current_hp_per_floor":[80,80,80,79,79,74,58,58,58,57,47,37,61,61,61,28,82,75,16,16,15,25,52,26,53,53,53,53,53,53,53,80,91,92,85,85,55,55,78,78,78,78,78,78,72,71,71,71,71,71],"gold":388,"neow_bonus":"TEN_PERCENT_HP_BONUS","is_prod":false,"is_daily":false,"chose_seed":false,"campfire_upgraded":3,"win_rate":0.0,"timestamp":1550516340,"path_taken":["M","M","?","M","$","E","M","$","T","?","M","E","R","?","R","BOSS","M","?","M","M","?","R","?","R","T","M","$","?","M","M","R","BOSS","M","M","M","?","?","R","$","M","T","$","M","?","$","E","R","BOSS"],"build_version":"2019-01-23","purchased_purges":6,"victory":true,"max_hp_per_floor":[82,82,82,82,82,82,82,82,82,82,82,82,82,82,82,82,82,82,82,82,82,92,92,92,92,92,92,92,92,92,92,92,92,92,92,92,92,92,92,92,92,92,92,92,92,92,92,92,92,92],"card_choices":[{"not_picked":["Sunder","Sweeping Beam"],"picked":"Ball Lightning","floor":1},{"not_picked":["Sweeping Beam","Ball Lightning"],"picked":"Consume","floor":2},{"not_picked":["Double Energy","All For One"],"picked":"Blizzard","floor":4},{"not_picked":["Tempest","Beam Cell","Turbo"],"picked":"SKIP","floor":6},{"not_picked":["Gash","Lockon"],"picked":"Chill","floor":7},{"not_picked":["Sweeping Beam","Sunder"],"picked":"Defragment","floor":10},{"not_picked":["Stack","Reinforced Body","Gash"],"picked":"SKIP","floor":11},{"not_picked":["Ball Lightning","Reinforced Body","Streamline"],"picked":"SKIP","floor":12},{"not_picked":["Stack","Streamline","Genetic Algorithm"],"picked":"SKIP","floor":14},{"not_picked":["Sweeping Beam+1","Ball Lightning","Chaos"],"picked":"SKIP","floor":18},{"not_picked":["Compile Driver","Barrage+1"],"picked":"Coolheaded","floor":19},{"not_picked":["Rebound+1","Reprogram"],"picked":"Coolheaded+1","floor":20},{"not_picked":["Gash","Doom and Gloom","Rebound"],"picked":"SKIP","floor":21},{"not_picked":["Storm+1","Heatsinks+1"],"picked":"Cold Snap","floor":24},{"not_picked":["Ball Lightning","Rainbow","Redo"],"picked":"SKIP","floor":27},{"not_picked":["Double Energy","Consume","Leap"],"picked":"SKIP","floor":30},{"not_picked":["Steam","Redo"],"picked":"Capacitor+1","floor":31},{"not_picked":["Force Field+1","Redo+1","Steam+1"],"picked":"SKIP","floor":35},{"not_picked":["Ball Lightning+1","Go for the Eyes","White Noise+1"],"picked":"SKIP","floor":36},{"not_picked":["Static Discharge","Storm+1","Sweeping Beam+1"],"picked":"SKIP","floor":37},{"not_picked":["Recycle+1","Stack","Self Repair+1"],"picked":"SKIP","floor":38},{"not_picked":["Conserve Battery+1","Thunder Strike"],"picked":"Blizzard","floor":42},{"not_picked":["Gash","Hologram+1","Barrage+1"],"picked":"SKIP","floor":45},{"not_picked":["Hyperbeam","Beam Cell","Hello World+1"],"picked":"SKIP","floor":48}],"player_experience":129636,"relics_obtained":[{"floor":6,"key":"Smiling Mask"},{"floor":9,"key":"Anchor"},{"floor":12,"key":"Omamori"},{"floor":19,"key":"Torii"},{"floor":19,"key":"Mummified Hand"},{"floor":22,"key":"Pear"},{"floor":26,"key":"Bronze Scales"},{"floor":43,"key":"Meat on the Bone"},{"floor":46,"key":"FossilizedHelix"},{"floor":48,"key":"Toxic Egg 2"}],"event_choices":[{"damage_healed":0,"gold_gain":100,"player_choice":"Gold","damage_taken":0,"max_hp_gain":0,"max_hp_loss":0,"event_name":"Wheel of Change","floor":3,"gold_loss":0},{"damage_healed":0,"gold_gain":0,"player_choice":"Fight","damage_taken":0,"max_hp_gain":0,"max_hp_loss":0,"event_name":"Colosseum","floor":19,"gold_loss":0},{"damage_healed":0,"gold_gain":0,"player_choice":"Fought Nobs","damage_taken":0,"max_hp_gain":0,"max_hp_loss":0,"event_name":"Colosseum","floor":19,"gold_loss":0},{"cards_removed":["Ball Lightning"],"damage_healed":0,"gold_gain":0,"player_choice":"Took Card","damage_taken":0,"max_hp_gain":0,"max_hp_loss":0,"event_name":"NoteForYourself","floor":29,"gold_loss":0,"cards_obtained":["Shame"]},{"damage_healed":23,"gold_gain":0,"player_choice":"Writhe","damage_taken":0,"max_hp_gain":0,"max_hp_loss":0,"event_name":"Winding Halls","floor":39,"gold_loss":0,"cards_obtained":["Writhe"]},{"damage_healed":0,"gold_gain":0,"player_choice":"Fight","damage_taken":0,"max_hp_gain":0,"max_hp_loss":0,"event_name":"Mysterious Sphere","floor":46,"gold_loss":0}],"is_beta":false,"boss_relics":[{"not_picked":["Astrolabe","Black Star"],"picked":"FrozenCore"},{"not_picked":["Busted Crown","Orrery"],"picked":"Sozu"}],"items_purged_floors":[5,8,28,41,44,47],"is_endless":false,"potions_floor_spawned":[1,2,4,12,16,19,19,27,31,33,38,42,45,46],"ascension_level":0}