{"gold_per_floor":[118,134,134,146,421,421,433,453,453,480,492,503,503,535,535,630,630,650,650,590,590,515,515,515],"floor_reached":24,"playtime":1110,"items_purged":[],"score":278,"play_id":"f0c55499-ef13-4bd3-b1ec-3bcf360750f3","local_time":"20190215002927","is_ascension_mode":true,"campfire_choices":[{"data":"Footwork","floor":6,"key":"SMITH"},{"floor":13,"key":"REST"},{"floor":15,"key":"REST"},{"data":"Caltrops","floor":23,"key":"SMITH"}],"neow_cost":"NONE","seed_source_timestamp":129634764748800,"circlet_count":0,"master_deck":["Defend_G","Defend_G","Defend_G","Defend_G","Defend_G","Strike_G","Strike_G","Strike_G","Strike_G","Survivor","Neutralize","Poisoned Stab","Footwork+1","Deadly Poison","Caltrops+1","Deadly Poison","PiercingWail","PiercingWail","Doppelganger","Footwork","Writhe","Quick Slash+1"],"relics":["Ring of the Snake","PreservedInsect","Dodecahedron","Ancient Tea Set","Pocketwatch","Sozu","Gambling Chip"],"potions_floor_usage":[12,16],"damage_taken":[{"damage":11,"enemies":"Cultist","floor":1,"turns":4},{"damage":0,"enemies":"Jaw Worm","floor":2,"turns":4},{"damage":0,"enemies":"Small Slimes","floor":4,"turns":4},{"damage":2,"enemies":"2 Fungi Beasts","floor":7,"turns":6},{"damage":0,"enemies":"Looter","floor":8,"turns":4},{"damage":18,"enemies":"Gremlin Nob","floor":10,"turns":5},{"damage":10,"enemies":"Exordium Wildlife","floor":11,"turns":6},{"damage":13,"enemies":"Exordium Thugs","floor":12,"turns":6},{"damage":6,"enemies":"Lagavulin","floor":14,"turns":6},{"damage":13,"enemies":"Hexaghost","floor":16,"turns":10},{"damage":14,"enemies":"3 Byrds","floor":18,"turns":5},{"damage":7,"enemies":"2 Thieves","floor":20,"turns":4},{"damage":39,"enemies":"Gremlin Leader","floor":24,"turns":3}],"seed_played":"-8626571722093234036","potions_obtained":[{"floor":10,"key":"Ancient Potion"},{"floor":11,"key":"SpeedPotion"},{"floor":14,"key":"EssenceOfSteel"}],"is_trial":false,"path_per_floor":["M","M","?","M","?","R","M","M","T","E","M","M","R","E","R","B",null,"M","?","M","?","?","R","E"],"character_chosen":"THE_SILENT","items_purchased":[],"campfire_rested":2,"item_purchase_floors":[],"current_hp_per_floor":[52,52,45,45,45,45,43,43,43,25,15,2,23,17,38,25,59,45,45,38,38,38,38,0],"gold":515,"neow_bonus":"RANDOM_COMMON_RELIC","is_prod":false,"is_daily":false,"chose_seed":false,"campfire_upgraded":2,"win_rate":0,"timestamp":1550186967,"path_taken":["M","?","?","M","?","R","?","M","T","E","M","M","R","E","R","BOSS","M","?","M","?","?","R","E"],"build_version":"2019-01-23","purchased_purges":0,"victory":false,"max_hp_per_floor":[70,70,70,70,70,70,70,70,70,70,70,70,70,70,70,70,70,70,70,70,70,70,70,70],"card_choices":[{"not_picked":["Dagger Throw","Dodge and Roll"],"picked":"Poisoned Stab","floor":1},{"not_picked":["Setup","Distraction"],"picked":"Footwork","floor":2},{"not_picked":["Dagger Throw","Outmaneuver"],"picked":"Deadly Poison","floor":4},{"not_picked":["Sucker Punch","Accuracy","Infinite Blades"],"picked":"SKIP","floor":7},{"not_picked":["Underhanded Strike","Acrobatics"],"picked":"Caltrops","floor":8},{"not_picked":["Outmaneuver","Underhanded Strike"],"picked":"Deadly Poison","floor":10},{"not_picked":["Flying Knee","Dagger Throw","Underhanded Strike"],"picked":"SKIP","floor":11},{"not_picked":["Quick Slash","All Out Attack"],"picked":"PiercingWail","floor":12},{"not_picked":["Underhanded Strike","Slice"],"picked":"PiercingWail","floor":14},{"not_picked":["Grand Finale","Envenom"],"picked":"Doppelganger","floor":16},{"not_picked":["Bouncing Flask","Acrobatics"],"picked":"Footwork","floor":18},{"not_picked":["Underhanded Strike","Outmaneuver+1"],"picked":"Quick Slash+1","floor":20}],"player_experience":420227,"relics_obtained":[{"floor":9,"key":"Dodecahedron"},{"floor":10,"key":"Ancient Tea Set"},{"floor":14,"key":"Pocketwatch"}],"event_choices":[{"cards_removed":["Strike_G"],"damage_healed":0,"gold_gain":0,"player_choice":"Card Removal","damage_taken":7,"max_hp_gain":0,"max_hp_loss":0,"event_name":"Golden Wing","floor":3,"gold_loss":0},{"damage_healed":0,"gold_gain":275,"player_choice":"Desecrate","damage_taken":0,"max_hp_gain":0,"max_hp_loss":0,"event_name":"Golden Shrine","floor":5,"gold_loss":0,"cards_obtained":["Regret"]},{"damage_healed":0,"gold_gain":0,"player_choice":"Opened","damage_taken":0,"relics_obtained":["Gambling Chip"],"max_hp_gain":0,"max_hp_loss":0,"event_name":"The Mausoleum","floor":19,"gold_loss":0,"cards_obtained":["Writhe"]},{"damage_healed":0,"gold_gain":0,"player_choice":"Ignored","damage_taken":0,"max_hp_gain":0,"max_hp_loss":0,"event_name":"Vampires","floor":21,"gold_loss":0},{"cards_removed":["Regret"],"damage_healed":0,"gold_gain":0,"player_choice":"Gave Gold","damage_taken":0,"max_hp_gain":0,"max_hp_loss":0,"event_name":"Beggar","floor":22,"gold_loss":75}],"is_beta":false,"boss_relics":[{"not_picked":["Orrery","Eternal Feather"],"picked":"Sozu"}],"items_purged_floors":[],"is_endless":false,"potions_floor_spawned":[10,11,14],"killed_by":"Gremlin Leader","ascension_level":7}