{"path_per_floor":["M","M","?","$","M","R","E","R","T","$","M","?","M","M","R","B",null,"M","M","$","?","?","R","M","R","T","$","M","R","?","?","R","B",null,"M","M","?","$"],"character_chosen":"THE_SILENT","items_purchased":["Poisoned Stab","Dagger Throw","Toolbox","Well Laid Plans","Oddly Smooth Stone"],"gold_per_floor":[118,134,134,110,120,120,145,145,169,145,161,161,176,189,189,287,287,303,322,61,61,61,61,72,72,98,59,77,77,77,77,77,172,172,189,204,204,50],"floor_reached":39,"campfire_rested":5,"playtime":2825,"current_hp_per_floor":[70,66,66,66,59,59,17,38,38,38,38,35,35,34,55,11,70,53,28,28,28,28,49,39,60,60,60,34,55,55,55,55,8,70,62,59,49,49],"items_purged":[],"gold":50,"play_id":"607fe6e9-f00c-4a49-9538-4ca6298d4666","is_prod":false,"is_daily":false,"campfire_rituals":0,"campfire_upgraded":2,"is_hardmode":false,"path_taken":["M","M","?","$","M","R","E","R","T","$","M","?","M","M","R","BOSS","M","M","$","?","?","R","M","R","T","?","M","R","?","?","R","BOSS","M","M","?","$","M"],"build_version":"2018-01-11-PROD1","purchased_purges":0,"victory":false,"master_deck":["Defend_G","Defend_G","Defend_G","Defend_G","Defend_G","Strike_G","Strike_G","Strike_G","Strike_G","Strike_G","Survivor","Neutralize","Sucker Punch","Flying Knee","Poisoned Stab","Leg Sweep","After Image","Dagger Throw","Flying Knee","Finisher","Burst","Night Terror","Noxious Fumes","Poisoned Stab","Flying Knee","Escape Plan","Quick Slash","Deadly Poison","Outmaneuver","Writhe","Escape Plan","Well Laid Plans","Catalyst","Bullet Time","Deadly Poison","Madness","Madness"],"max_hp_per_floor":[70,70,70,70,70,70,70,70,70,70,70,70,70,70,70,70,70,70,70,70,70,70,70,70,70,70,70,70,70,70,70,70,70,70,70,70,70,70],"relics":["Ring of the Snake","Molten Egg","Torii","Snake Skull","Sundial","Orrery","Toolbox","Anchor","Juzu Bracelet","The Specimen","Oddly Smooth Stone"],"campfire_meditates":0,"card_choices":[{"not_picked":["Unload","Acrobatics"],"picked":"Sucker Punch"},{"not_picked":["Dodge and Roll","Deadly Poison"],"picked":"Flying Knee"},{"not_picked":["Underhanded Strike","Dodge and Roll"],"picked":"Leg Sweep"},{"not_picked":["Heel Hook","Quick Slash"],"picked":"After Image"},{"not_picked":["Poisoned Stab","Prepared"],"picked":"Flying Knee"},{"not_picked":["Dagger Spray","Reflex"],"picked":"Finisher"},{"not_picked":["Acrobatics","Underhanded Strike"],"picked":"Burst"},{"not_picked":["Glass Knife","Phantasmal Killer"],"picked":"Night Terror"},{"not_picked":["Backflip","Acrobatics"],"picked":"Noxious Fumes"},{"not_picked":["Deflect","Blade Dance"],"picked":"Poisoned Stab"},{"not_picked":["PiercingWail","Prepared"],"picked":"Flying Knee"},{"not_picked":["Infinite Blades","Slice"],"picked":"Escape Plan"},{"not_picked":["Prepared","Sucker Punch"],"picked":"Quick Slash"},{"not_picked":["Quick Slash","Backflip"],"picked":"Deadly Poison"},{"not_picked":["Acrobatics","Quick Slash"],"picked":"Outmaneuver"},{"not_picked":["Flechettes","Doppelganger"],"picked":"Escape Plan"},{"not_picked":["Prepared","Dagger Spray"],"picked":"Catalyst"},{"not_picked":["After Image","Adrenaline"],"picked":"Bullet Time"},{"not_picked":["PiercingWail","Reflex"],"picked":"Deadly Poison"}],"player_experience":24401,"potions_floor_usage":[16,39],"damage_taken":[{"damage":0,"enemies":"Blue Slaver","floor":1,"turns":5},{"damage":4,"enemies":"Jaw Worm","floor":2,"turns":6},{"damage":7,"enemies":"2 Louse","floor":5,"turns":2},{"damage":42,"enemies":"3 Sentries","floor":7,"turns":10},{"damage":0,"enemies":"Looter","floor":11,"turns":4},{"damage":0,"enemies":"Gremlin Gang","floor":13,"turns":7},{"damage":1,"enemies":"Exordium Thugs","floor":14,"turns":6},{"damage":44,"enemies":"Slime Boss","floor":16,"turns":11},{"damage":17,"enemies":"3 Byrds","floor":18,"turns":6},{"damage":25,"enemies":"Shell Parasite","floor":19,"turns":5},{"damage":10,"enemies":"Centurion and Healer","floor":24,"turns":8},{"damage":26,"enemies":"3 Cultists","floor":28,"turns":6},{"damage":47,"enemies":"Collector","floor":33,"turns":7},{"damage":8,"enemies":"Orb Walker","floor":35,"turns":4},{"damage":3,"enemies":"3 Shapes","floor":36,"turns":4},{"damage":61,"enemies":"Sphere and 2 Shapes","floor":39,"turns":5}],"event_choices":[{"event_name":"Golden Wing","player_choice":"Ignored","floor":3,"damage_taken":0},{"event_name":"Scrap Ooze","player_choice":"success","floor":12,"damage_taken":3},{"event_name":"Drug Dealer","player_choice":"Ignored","floor":21,"damage_taken":0},{"event_name":"The Mausoleum","player_choice":"Yes","floor":22,"damage_taken":0},{"event_name":"Addict","player_choice":"Ignored","floor":30,"damage_taken":0},{"event_name":"Back to Basics","player_choice":"Simplicity","floor":31,"damage_taken":0},{"event_name":"Winding Halls","player_choice":"Embrace Madness","floor":37,"damage_taken":0}],"boss_relics":[{"not_picked":["Tiny House","White Beast Statue"],"picked":"Orrery"},{"not_picked":["Question Card","Astrolabe"],"picked":"The Specimen"}],"potions_floor_spawned":[1,11,18,19,35,36],"seed_played":"7679282737779755910","killed_by":"Sphere and 2 Shapes","is_trial":false}