{"gold_per_floor":[116,31,31,31,31,66,79,90,115,127,142,142],"floor_reached":12,"playtime":227,"items_purged":[],"score":200,"play_id":"97631062-ed02-472a-ad5f-023902d0e362","local_time":"20190204235718","is_ascension_mode":true,"campfire_choices":[],"neow_cost":"NONE","seed_source_timestamp":627680580462500,"circlet_count":0,"master_deck":["AscendersBane","Strike_R","Strike_R","Strike_R","Strike_R","Strike_R","Defend_R","Defend_R","Defend_R","Defend_R","Bash","Whirlwind","Regret"],"relics":["Burning Blood","NeowsBlessing","Anchor","Bronze Scales","Red Skull"],"potions_floor_usage":[],"damage_taken":[{"damage":0,"enemies":"2 Louse","floor":1,"turns":1},{"damage":0,"enemies":"3 Sentries","floor":6,"turns":1},{"damage":0,"enemies":"Jaw Worm","floor":7,"turns":1},{"damage":12,"enemies":"Small Slimes","floor":8,"turns":4},{"damage":11,"enemies":"Gremlin Gang","floor":10,"turns":2},{"damage":22,"enemies":"Large Slime","floor":11,"turns":4},{"damage":56,"enemies":"Gremlin Nob","floor":12,"turns":4}],"seed_played":"4406688550589603030","potions_obtained":[{"floor":1,"key":"GamblersBrew"},{"floor":7,"key":"EssenceOfSteel"},{"floor":8,"key":"Energy Potion"}],"is_trial":false,"path_per_floor":["M","$","?","?","?","E","M","M","T","M","M","E"],"character_chosen":"IRONCLAD","items_purchased":["Whirlwind"],"campfire_rested":0,"item_purchase_floors":[2],"current_hp_per_floor":[74,74,74,74,74,75,75,69,69,64,48,0],"gold":142,"neow_bonus":"THREE_ENEMY_KILL","is_prod":false,"is_daily":false,"chose_seed":false,"campfire_upgraded":0,"win_rate":0,"timestamp":1549321038,"path_taken":["M","$","?","?","?","E","M","M","T","M","M","E"],"build_version":"2019-01-23","purchased_purges":0,"victory":false,"max_hp_per_floor":[75,75,75,75,75,75,75,75,75,75,75,75],"card_choices":[{"not_picked":["Blood for Blood","Metallicize","Seeing Red"],"picked":"SKIP","floor":1},{"not_picked":["Flex","True Grit","Cleave"],"picked":"SKIP","floor":6},{"not_picked":["Heavy Blade","Body Slam","Searing Blow"],"picked":"SKIP","floor":7},{"not_picked":["Seeing Red","Perfected Strike","Thunderclap"],"picked":"SKIP","floor":8},{"not_picked":["Headbutt","Reckless Charge","Twin Strike"],"picked":"SKIP","floor":10},{"not_picked":["Thunderclap","Rupture","Clothesline"],"picked":"SKIP","floor":11}],"player_experience":328693,"relics_obtained":[{"floor":6,"key":"Bronze Scales"},{"floor":9,"key":"Red Skull"}],"event_choices":[{"damage_healed":0,"gold_gain":0,"player_choice":"Leave","damage_taken":0,"max_hp_gain":0,"max_hp_loss":0,"event_name":"The Cleric","floor":3,"gold_loss":0},{"damage_healed":0,"gold_gain":0,"player_choice":"Ignored","damage_taken":0,"max_hp_gain":0,"max_hp_loss":0,"event_name":"Liars Game","floor":4,"gold_loss":0},{"damage_healed":0,"gold_gain":0,"player_choice":"Box","damage_taken":0,"relics_obtained":["Anchor"],"max_hp_gain":0,"max_hp_loss":0,"event_name":"Big Fish","floor":5,"gold_loss":0,"cards_obtained":["Regret"]}],"is_beta":false,"boss_relics":[],"items_purged_floors":[],"is_endless":false,"potions_floor_spawned":[1,7,8],"killed_by":"Gremlin Nob","ascension_level":18}