{"gold_per_floor":[115,115,126,144,69,98,98,98,98,108,120,139,165,184,184,288,338,310,310,310,322,339,372,172,172,172,192,206,206,223,235,235,332,332,352,352,352,352,352,383,178,0,0,0,0,25,125,139,139,139,139,139,93,122,122],"floor_reached":55,"playtime":4371,"items_purged":["Strike_G","Strike_G","Defend_G"],"score":752,"play_id":"6fb878bf-0ee7-4418-845e-a2812db5e1c1","local_time":"20190220193837","is_ascension_mode":false,"campfire_choices":[{"data":"Noxious Fumes","floor":7,"key":"SMITH"},{"floor":15,"key":"RECALL"},{"floor":25,"key":"REST"},{"floor":29,"key":"REST"},{"data":"Footwork","floor":32,"key":"SMITH"},{"data":"Noxious Fumes","floor":45,"key":"SMITH"},{"data":"Footwork","floor":49,"key":"SMITH"},{"data":"Deadly Poison","floor":52,"key":"SMITH"}],"neow_cost":"TEN_PERCENT_HP_LOSS","seed_source_timestamp":551975782294885,"circlet_count":0,"master_deck":["Defend_G","Defend_G","Strike_G","Survivor","Neutralize","Noxious Fumes+1","Footwork+1","Footwork+1","Blur","Backflip","Outmaneuver","Footwork+1","Backflip","Deadly Poison+1","Noxious Fumes+1","Acrobatics"],"relics":["Ring of the Snake","Matryoshka","Mango","Strawberry","Art of War","Bronze Scales","Tiny House","Omamori","Juzu Bracelet","Busted Crown","Shuriken","Red Mask","Singing Bowl","Bag of Marbles","Calipers","Blood Vial"],"potions_floor_usage":[13,13,14,14,22,27,28,40,47,48,50,50],"damage_taken":[{"damage":1,"enemies":"2 Louse","floor":1,"turns":4},{"damage":0,"enemies":"Cultist","floor":3,"turns":5},{"damage":0,"enemies":"Jaw Worm","floor":4,"turns":4},{"damage":20,"enemies":"Lagavulin","floor":6,"turns":10},{"damage":7,"enemies":"Large Slime","floor":10,"turns":7},{"damage":0,"enemies":"2 Fungi Beasts","floor":11,"turns":4},{"damage":0,"enemies":"Exordium Thugs","floor":12,"turns":5},{"damage":0,"enemies":"Gremlin Nob","floor":13,"turns":6},{"damage":4,"enemies":"Lots of Slimes","floor":14,"turns":2},{"damage":9,"enemies":"The Guardian","floor":16,"turns":12},{"damage":14,"enemies":"2 Thieves","floor":18,"turns":5},{"damage":0,"enemies":"Chosen","floor":21,"turns":8},{"damage":0,"enemies":"Snake Plant","floor":22,"turns":5},{"damage":5,"enemies":"Book of Stabbing","floor":23,"turns":8},{"damage":5,"enemies":"Centurion and Healer","floor":27,"turns":11},{"damage":12,"enemies":"Cultist and Chosen","floor":28,"turns":8},{"damage":2,"enemies":"Snake Plant","floor":30,"turns":6},{"damage":0,"enemies":"3 Cultists","floor":31,"turns":7},{"damage":10,"enemies":"Champ","floor":33,"turns":17},{"damage":0,"enemies":"3 Darklings","floor":35,"turns":7},{"damage":24,"enemies":"Nemesis","floor":40,"turns":13},{"damage":0,"enemies":"Mind Bloom Boss Battle","floor":47,"turns":8},{"damage":1,"enemies":"Orb Walker","floor":48,"turns":6},{"damage":32,"enemies":"Awakened One","floor":50,"turns":17},{"damage":45,"enemies":"Shield and Spear","floor":54,"turns":8},{"damage":54,"enemies":"The Heart","floor":55,"turns":3}],"seed_played":"-5232287202914569157","potions_obtained":[{"floor":1,"key":"Explosive Potion"},{"floor":6,"key":"Energy Potion"},{"floor":11,"key":"SkillPotion"},{"floor":12,"key":"EssenceOfSteel"},{"floor":13,"key":"AttackPotion"},{"floor":17,"key":"Poison Potion"},{"floor":18,"key":"GamblersBrew"},{"floor":21,"key":"FearPotion"},{"floor":23,"key":"EssenceOfSteel"},{"floor":33,"key":"Weak Potion"},{"floor":37,"key":"LiquidBronze"},{"floor":40,"key":"EssenceOfSteel"},{"floor":47,"key":"LiquidBronze"}],"is_trial":false,"path_per_floor":["M","?","M","M","$","E","R","?","T","M","M","M","E","M","R","B",null,"M","?","?","M","M","E","$","R","T","M","M","R","M","M","R","B",null,"M","?","?","?","?","E","$","?","T","?","R","T","?","M","R","B",null,"R","$","E","B"],"character_chosen":"THE_SILENT","items_purchased":["Footwork","Backflip","Noxious Fumes","Acrobatics"],"campfire_rested":2,"item_purchase_floors":[24,24,41,53],"current_hp_per_floor":[62,62,62,62,62,56,56,56,63,56,56,56,56,52,52,43,89,75,58,58,58,58,53,53,81,81,76,64,92,90,90,90,80,94,94,94,94,89,89,65,65,65,65,65,65,65,67,68,68,36,93,93,93,50,0],"gold":122,"neow_bonus":"REMOVE_TWO","is_prod":false,"is_daily":false,"chose_seed":false,"campfire_upgraded":5,"win_rate":0,"timestamp":1550659117,"path_taken":["M","?","?","?","$","E","R","?","T","M","M","M","E","M","R","BOSS","M","?","?","?","M","E","?","R","T","M","M","R","M","M","R","BOSS","M","?","?","?","?","E","?","?","T","?","R","?","?","M","R","BOSS","R","$","E","BOSS"],"build_version":"2019-01-23","purchased_purges":3,"victory":false,"max_hp_per_floor":[63,63,63,63,63,77,77,77,84,84,84,84,84,84,84,84,89,89,94,94,94,94,94,94,94,94,94,94,94,94,94,94,94,94,94,94,94,89,89,89,89,89,89,89,89,89,91,93,93,93,93,93,93,95,95],"card_choices":[{"not_picked":["Leg Sweep","Deadly Poison"],"picked":"Noxious Fumes","floor":1},{"not_picked":["Endless Agony","Dodge and Roll","Setup"],"picked":"SKIP","floor":3},{"not_picked":["Riddle With Holes","Flechettes"],"picked":"Footwork","floor":4},{"not_picked":["Predator","Blade Dance","Quick Slash"],"picked":"SKIP","floor":6},{"not_picked":["Sucker Punch","Quick Slash","Eviscerate"],"picked":"SKIP","floor":10},{"not_picked":["Underhanded Strike","Bane"],"picked":"Footwork","floor":11},{"not_picked":["Dagger Throw","Poisoned Stab","Deflect"],"picked":"SKIP","floor":12},{"not_picked":["Expertise","Accuracy"],"picked":"Blur","floor":13},{"not_picked":["Reflex","Slice","Sucker Punch"],"picked":"SKIP","floor":14},{"not_picked":["Dagger Spray","Backstab","Quick Slash+1"],"picked":"SKIP","floor":18},{"not_picked":["Prepared","Infinite Blades+1"],"picked":"Backflip","floor":21},{"not_picked":["PiercingWail+1","Masterful Stab","Dagger Throw"],"picked":"SKIP","floor":22},{"not_picked":["Deadly Poison+1","Terror"],"picked":"Outmaneuver","floor":23},{"not_picked":["Dodge and Roll+1","Prepared"],"picked":"Deadly Poison","floor":27},{"not_picked":["Outmaneuver","Flechettes","Backflip"],"picked":"SKIP","floor":28},{"not_picked":["Backstab","Prepared+1","Underhanded Strike+1"],"picked":"SKIP","floor":30},{"not_picked":["Expertise+1","Tactician","Heel Hook"],"picked":"SKIP","floor":31},{"not_picked":["Deflect+1"],"picked":"SKIP","floor":35},{"not_picked":["Prepared+1"],"picked":"SKIP","floor":40},{"not_picked":["Underhanded Strike+1"],"picked":"Singing Bowl","floor":47},{"not_picked":["Tactician+1"],"picked":"Singing Bowl","floor":48},{"not_picked":["Deadly Poison"],"picked":"Singing Bowl","floor":54}],"player_experience":163544,"relics_obtained":[{"floor":6,"key":"Mango"},{"floor":9,"key":"Strawberry"},{"floor":9,"key":"Art of War"},{"floor":13,"key":"Bronze Scales"},{"floor":23,"key":"Omamori"},{"floor":26,"key":"Juzu Bracelet"},{"floor":40,"key":"Shuriken"},{"floor":43,"key":"Singing Bowl"},{"floor":46,"key":"Bag of Marbles"},{"floor":47,"key":"Calipers"},{"floor":54,"key":"Blood Vial"}],"event_choices":[{"damage_healed":0,"gold_gain":0,"player_choice":"Gave Potion","damage_taken":0,"relics_obtained":["Matryoshka"],"max_hp_gain":0,"max_hp_loss":0,"event_name":"WeMeetAgain","floor":2,"gold_loss":0},{"cards_removed":["Defend_G"],"damage_healed":0,"gold_gain":0,"player_choice":"Forget","damage_taken":0,"max_hp_gain":0,"max_hp_loss":0,"event_name":"Living Wall","floor":8,"gold_loss":0},{"damage_healed":0,"gold_gain":0,"player_choice":"Shed Blood","damage_taken":22,"max_hp_gain":5,"max_hp_loss":0,"event_name":"Forgotten Altar","floor":19,"gold_loss":0},{"damage_healed":0,"gold_gain":0,"player_choice":"Ignored","damage_taken":0,"max_hp_gain":0,"max_hp_loss":0,"event_name":"Vampires","floor":20,"gold_loss":0},{"damage_healed":0,"gold_gain":0,"player_choice":"Memory 1","damage_taken":0,"max_hp_gain":0,"max_hp_loss":0,"event_name":"SensoryStone","floor":36,"gold_loss":0},{"damage_healed":0,"gold_gain":0,"player_choice":"Got Potions","damage_taken":0,"max_hp_gain":0,"max_hp_loss":0,"event_name":"Lab","floor":37,"gold_loss":0},{"damage_healed":0,"gold_gain":0,"player_choice":"Max HP","damage_taken":0,"max_hp_gain":0,"max_hp_loss":5,"event_name":"Winding Halls","floor":38,"gold_loss":0},{"cards_removed":["Strike_G"],"damage_healed":0,"gold_gain":0,"player_choice":"Removed Attack","damage_taken":0,"max_hp_gain":0,"max_hp_loss":0,"event_name":"Falling","floor":39,"gold_loss":0},{"damage_healed":0,"gold_gain":0,"player_choice":"Paid","damage_taken":0,"relics_obtained":["Red Mask"],"max_hp_gain":0,"max_hp_loss":0,"event_name":"Tomb of Lord Red Mask","floor":42,"gold_loss":178},{"damage_healed":0,"gold_gain":0,"player_choice":"Ignored","damage_taken":0,"max_hp_gain":0,"max_hp_loss":0,"event_name":"Mysterious Sphere","floor":44,"gold_loss":0},{"damage_healed":0,"gold_gain":0,"player_choice":"Fight","damage_taken":0,"max_hp_gain":0,"max_hp_loss":0,"event_name":"MindBloom","floor":47,"gold_loss":0}],"is_beta":false,"boss_relics":[{"not_picked":["WristBlade","Calling Bell"],"picked":"Tiny House"},{"not_picked":["Orrery","White Beast Statue"],"picked":"Busted Crown"}],"items_purged_floors":[5,24,41],"is_endless":false,"potions_floor_spawned":[1,6,11,12,13,18,21,23,33,40,47],"killed_by":"The Heart","ascension_level":0}