{"gold_per_floor":[117,129,129,54,54,54,84,99,99,122,139,139,169,197,197,297,297,307,307,406,321,339,339],"floor_reached":23,"playtime":1184,"items_purged":["Strike_R"],"score":246,"play_id":"c6f68761-799b-4302-a20d-3e5d3e6368a9","local_time":"20190117232308","is_ascension_mode":true,"campfire_choices":[{"data":"Pommel Strike","floor":6,"key":"SMITH"},{"floor":12,"key":"REST"},{"data":"Clothesline","floor":15,"key":"SMITH"}],"neow_cost":"NONE","seed_source_timestamp":579867625362582,"circlet_count":0,"master_deck":["Strike_R","Strike_R+1","Strike_R+1","Defend_R","Defend_R","Defend_R","Defend_R","Bash","Pommel Strike+1","Intimidate","Shrug It Off","Limit Break+1","Clothesline+1","Ghostly Armor+1","Demon Form","Metallicize","Sword Boomerang","Sword Boomerang","True Grit+1","Sword Boomerang"],"relics":["Burning Blood","Unceasing Top","Toxic Egg 2","Odd Mushroom","Gremlin Horn","Orrery","Pantograph"],"potions_floor_usage":[10,18,22,23,23],"damage_taken":[{"damage":18,"enemies":"Jaw Worm","floor":1,"turns":5},{"damage":4,"enemies":"Small Slimes","floor":2,"turns":4},{"damage":45,"enemies":"Lagavulin","floor":7,"turns":6},{"damage":1,"enemies":"2 Louse","floor":8,"turns":3},{"damage":9,"enemies":"The Mushroom Lair","floor":10,"turns":4},{"damage":1,"enemies":"Looter","floor":11,"turns":4},{"damage":21,"enemies":"3 Sentries","floor":14,"turns":9},{"damage":26,"enemies":"The Guardian","floor":16,"turns":21},{"damage":41,"enemies":"3 Byrds","floor":18,"turns":10},{"damage":24,"enemies":"Shell Parasite","floor":22,"turns":13},{"damage":17,"enemies":"Book of Stabbing","floor":23,"turns":5}],"seed_played":"5917248658662663894","potions_obtained":[{"floor":8,"key":"Strength Potion"},{"floor":10,"key":"SkillPotion"},{"floor":14,"key":"Poison Potion"},{"floor":16,"key":"Regen Potion"},{"floor":18,"key":"Ancient Potion"}],"is_trial":false,"path_per_floor":["M","M","?","$","?","R","E","M","T","?","M","R","?","E","R","B",null,"M","?","?","?","M","E"],"character_chosen":"IRONCLAD","items_purchased":[],"campfire_rested":1,"item_purchase_floors":[],"current_hp_per_floor":[76,78,60,60,53,53,14,19,19,16,21,47,47,32,32,12,69,34,17,17,17,14,0],"gold":339,"neow_bonus":"TEN_PERCENT_HP_BONUS","is_prod":false,"is_daily":false,"chose_seed":false,"campfire_upgraded":2,"win_rate":0,"timestamp":1547760188,"path_taken":["M","M","?","$","?","R","E","M","T","?","M","R","?","E","R","BOSS","M","?","?","?","M","E"],"build_version":"2019-01-10","purchased_purges":1,"victory":false,"max_hp_per_floor":[88,88,88,88,88,88,88,88,88,88,88,88,88,88,88,88,88,88,93,93,93,93,93],"card_choices":[{"not_picked":["Anger","Sever Soul"],"picked":"Pommel Strike","floor":1},{"not_picked":["Heavy Blade","Second Wind"],"picked":"Intimidate","floor":2},{"not_picked":["Seeing Red","Entrench","Infernal Blade"],"picked":"SKIP","floor":7},{"not_picked":["Havoc","Searing Blow"],"picked":"Shrug It Off","floor":8},{"not_picked":["Pommel Strike","Body Slam"],"picked":"Limit Break+1","floor":10},{"not_picked":["Clash","Anger"],"picked":"Clothesline","floor":11},{"not_picked":["Headbutt","Twin Strike"],"picked":"Ghostly Armor+1","floor":14},{"not_picked":["Juggernaut","Reaper"],"picked":"Demon Form","floor":16},{"not_picked":["Clash","Twin Strike"],"picked":"Metallicize","floor":17},{"not_picked":["Iron Wave","Clash"],"picked":"Sword Boomerang","floor":17},{"not_picked":["Perfected Strike","Searing Blow"],"picked":"Sword Boomerang","floor":17},{"not_picked":["Pommel Strike","Carnage"],"picked":"True Grit+1","floor":18},{"not_picked":["Wild Strike","Brutality"],"picked":"Sword Boomerang","floor":22}],"player_experience":114214,"relics_obtained":[{"floor":7,"key":"Unceasing Top"},{"floor":9,"key":"Toxic Egg 2"},{"floor":10,"key":"Odd Mushroom"},{"floor":14,"key":"Gremlin Horn"}],"event_choices":[{"damage_healed":0,"gold_gain":0,"player_choice":"Entered Light","damage_taken":18,"max_hp_gain":0,"max_hp_loss":0,"event_name":"Shining Light","floor":3,"gold_loss":0,"cards_upgraded":["Strike_R","Strike_R"]},{"cards_removed":["Strike_R"],"damage_healed":0,"gold_gain":0,"player_choice":"Card Removal","damage_taken":7,"max_hp_gain":0,"max_hp_loss":0,"event_name":"Golden Wing","floor":5,"gold_loss":0},{"damage_healed":0,"gold_gain":0,"player_choice":"Fought Mushrooms","damage_taken":0,"max_hp_gain":0,"max_hp_loss":0,"event_name":"Mushrooms","floor":10,"gold_loss":0},{"damage_healed":0,"gold_gain":30,"player_choice":"Searched \u00271\u0027 times","damage_taken":0,"max_hp_gain":0,"max_hp_loss":0,"event_name":"Dead Adventurer","floor":13,"gold_loss":0},{"damage_healed":0,"gold_gain":0,"player_choice":"Shed Blood","damage_taken":22,"max_hp_gain":5,"max_hp_loss":0,"event_name":"Forgotten Altar","floor":19,"gold_loss":0},{"damage_healed":0,"gold_gain":99,"player_choice":"Stole From Cult","damage_taken":0,"max_hp_gain":0,"max_hp_loss":0,"event_name":"Nest","floor":20,"gold_loss":0},{"damage_healed":0,"gold_gain":0,"player_choice":"Obtained Relic","damage_taken":0,"relics_obtained":["Pantograph"],"max_hp_gain":0,"max_hp_loss":0,"event_name":"Addict","floor":21,"gold_loss":85}],"is_beta":false,"boss_relics":[{"not_picked":["Runic Pyramid","White Beast Statue"],"picked":"Orrery"}],"items_purged_floors":[4],"is_endless":false,"potions_floor_spawned":[8,10,14,16,18],"killed_by":"Book of Stabbing","ascension_level":5}