{"path_per_floor":["M","M","M","?","M","E","?","?","T","R","?","R","E","$","R","B",null,"M","$","?","?","?","R","E"],"character_chosen":"IRONCLAD","items_purchased":["Shovel","Cleave"],"gold_per_floor":[109,127,138,138,149,180,180,180,235,235,260,260,287,1,1,102,102,112,12,12,12,12,12,38,38],"floor_reached":25,"campfire_rested":0,"playtime":966,"current_hp_per_floor":[72,68,72,72,72,72,58,58,58,58,54,54,34,34,34,40,64,38,38,38,36,36,36,23,3],"items_purged":["Defend_R"],"gold":38,"score":383,"play_id":"61dd0f13-1c66-4f29-91b4-b405b8e27d0b","local_time":"20180519110626","is_prod":false,"is_daily":false,"chose_seed":false,"is_ascension_mode":true,"campfire_upgraded":2,"timestamp":1526720786,"campfire_choices":[{"data":"Flex","floor":10,"key":"SMITH"},{"data":"Bash","floor":12,"key":"SMITH"},{"floor":15,"key":"DIG"},{"floor":23,"key":"DIG"}],"path_taken":["M","M","M","?","?","E","?","?","T","R","?","R","E","?","R","BOSS","M","$","?","?","?","R","E","?"],"build_version":"2018-05-17","seed_source_timestamp":466491237801738,"purchased_purges":1,"victory":false,"master_deck":["Strike_R","Strike_R","Strike_R","Strike_R","Bash+1","Clash","Dropkick","Seeing Red","Flex+1","Limit Break+1","Headbutt+1","Demon Form","Inflame+1","Cleave","Impervious","Ghostly","Ghostly","Ghostly","Ghostly","Ghostly","Reaper"],"max_hp_per_floor":[72,72,72,72,72,72,72,72,72,72,72,72,72,72,72,72,72,72,72,72,36,36,36,36,36],"relics":["Burning Blood","Shuriken","Dream Catcher","Odd Mushroom","Omamori","Shovel","Smiling Mask","White Beast Statue","Thread and Needle","Blue Candle"],"card_choices":[{"not_picked":["Sword Boomerang","Infernal Blade"],"picked":"Dropkick","floor":1},{"not_picked":["Armaments","Wild Strike"],"picked":"Seeing Red","floor":2},{"not_picked":["Battle Trance","Heavy Blade"],"picked":"Flex","floor":3},{"not_picked":["Heavy Blade","Twin Strike"],"picked":"Limit Break","floor":5},{"not_picked":["Sword Boomerang","Infernal Blade"],"picked":"Headbutt","floor":6},{"not_picked":["Rampage","Ghostly Armor","Warcry"],"picked":"SKIP","floor":13},{"not_picked":["Bludgeon","Immolate"],"picked":"Demon Form","floor":16},{"not_picked":["Shrug It Off","Infernal Blade"],"picked":"Inflame+1","floor":18},{"not_picked":["Second Wind","Fire Breathing"],"picked":"Reaper","floor":24}],"player_experience":98071,"potions_floor_usage":[6,18],"damage_taken":[{"damage":0,"enemies":"Small Slimes","floor":1,"turns":2},{"damage":10,"enemies":"2 Louse","floor":2,"turns":3},{"damage":1,"enemies":"Cultist","floor":3,"turns":3},{"damage":2,"enemies":"3 Louse","floor":5,"turns":4},{"damage":5,"enemies":"Gremlin Nob","floor":6,"turns":3},{"damage":10,"enemies":"The Mushroom Lair","floor":11,"turns":3},{"damage":26,"enemies":"3 Sentries","floor":13,"turns":7},{"damage":0,"enemies":"Slime Boss","floor":16,"turns":6},{"damage":32,"enemies":"2 Thieves","floor":18,"turns":4},{"damage":19,"enemies":"Slavers","floor":24,"turns":8},{"damage":20,"enemies":"3 Byrds","floor":25,"turns":3}],"relics_obtained":[{"floor":6,"key":"Shuriken"},{"floor":9,"key":"Dream Catcher"},{"floor":11,"key":"Odd Mushroom"},{"floor":13,"key":"Omamori"},{"floor":15,"key":"Smiling Mask"},{"floor":23,"key":"Thread and Needle"},{"floor":24,"key":"Blue Candle"}],"event_choices":[{"event_name":"Living Wall","player_choice":"Forget","floor":4,"damage_taken":0},{"event_name":"Shining Light","player_choice":"Entered Light","floor":7,"damage_taken":0},{"event_name":"Liars Game","player_choice":"disagreed","floor":8,"damage_taken":0},{"event_name":"Mushrooms","player_choice":"Fought Mushrooms","floor":11,"damage_taken":0},{"event_name":"Transmorgrifier","player_choice":"Transform","floor":20,"damage_taken":0},{"event_name":"Ghosts","player_choice":"Became a Ghost","floor":21,"damage_taken":0},{"event_name":"Bonfire Elementals","player_choice":"BASIC","floor":22,"damage_taken":0}],"boss_relics":[{"not_picked":["Mark of Pain","Runic Dome"],"picked":"White Beast Statue"}],"potions_floor_spawned":[2,3,13,18,24],"seed_played":"-7232778642036060157","killed_by":"3 Byrds","ascension_level":6,"potions_obtained":[{"floor":2,"key":"Poison Potion"},{"floor":3,"key":"Block Potion"},{"floor":13,"key":"Dexterity Potion"},{"floor":18,"key":"GamblersBrew"},{"floor":24,"key":"Strength Potion"}],"is_trial":false}