{"gold_per_floor":[117,117,130,130,130,130,150,150,150,165,165,181,181,200,200,326,389,405,132,150,166,166,166,181,202,202,202,202],"floor_reached":28,"playtime":1558,"items_purged":[],"score":223,"play_id":"3e5d34e6-91b8-48de-acd1-165ad718adf0","local_time":"20180809144020","is_ascension_mode":true,"campfire_choices":[{"data":"Blade Dance","floor":6,"key":"SMITH"},{"data":"A Thousand Cuts","floor":8,"key":"SMITH"},{"data":"Corpse Explosion","floor":11,"key":"SMITH"},{"data":"Dagger Throw","floor":13,"key":"SMITH"},{"floor":15,"key":"REST"},{"floor":23,"key":"REST"},{"floor":27,"key":"REST"}],"neow_cost":"NONE","seed_source_timestamp":10526958635386,"circlet_count":0,"master_deck":["Defend_G","Defend_G","Defend_G","Defend_G","Defend_G","Strike_G","Strike_G","Strike_G","Strike_G+1","Strike_G","Survivor","Neutralize+1","A Thousand Cuts+1","Blade Dance+1","Leg Sweep","Outmaneuver","Corpse Explosion+1","Dagger Throw+1","Setup","Night Terror","Slice","Dagger Spray+1","Dagger Spray","Slice","Flying Knee","Quick Slash+1"],"relics":["Ring of the Snake","Golden Idol","Bag of Marbles","Tiny House","Bottled Lightning","SsserpentHead","Toxic Egg 2"],"potions_floor_usage":[14,16,16,20,28,28,28],"damage_taken":[{"damage":0,"enemies":"Small Slimes","floor":1,"turns":4},{"damage":1,"enemies":"Cultist","floor":3,"turns":4},{"damage":0,"enemies":"2 Louse","floor":7,"turns":2},{"damage":4,"enemies":"Looter","floor":10,"turns":3},{"damage":4,"enemies":"2 Fungi Beasts","floor":12,"turns":2},{"damage":2,"enemies":"Lots of Slimes","floor":14,"turns":2},{"damage":28,"enemies":"Slime Boss","floor":16,"turns":8},{"damage":26,"enemies":"Chosen","floor":18,"turns":6},{"damage":10,"enemies":"Spheric Guardian","floor":20,"turns":3},{"damage":38,"enemies":"Snecko","floor":21,"turns":9},{"damage":18,"enemies":"Centurion and Healer","floor":24,"turns":5},{"damage":0,"enemies":"3 Cultists","floor":25,"turns":3},{"damage":27,"enemies":"Slavers","floor":28,"turns":1}],"seed_played":"2386008900561582060","potions_obtained":[{"floor":1,"key":"GamblersBrew"},{"floor":7,"key":"SpeedPotion"},{"floor":14,"key":"SpeedPotion"},{"floor":16,"key":"SneckoOil"},{"floor":17,"key":"Energy Potion"},{"floor":21,"key":"Ancient Potion"},{"floor":24,"key":"LiquidBronze"},{"floor":25,"key":"Swift Potion"}],"is_trial":false,"path_per_floor":["M","?","M","?","$","R","M","R","T","M","R","M","R","M","R","B",null,"M","$","M","M","?","R","M","M","T","R"],"character_chosen":"THE_SILENT","items_purchased":["Bottled Lightning","Dagger Spray"],"campfire_rested":3,"item_purchase_floors":[19,19],"current_hp_per_floor":[70,53,52,52,52,52,52,52,52,48,48,44,44,42,63,35,75,49,49,39,1,1,23,5,5,5,27,0],"gold":202,"neow_bonus":"ONE_RANDOM_RARE_CARD","is_prod":false,"is_daily":false,"chose_seed":false,"campfire_upgraded":4,"win_rate":0,"timestamp":1533850820,"path_taken":["M","?","?","?","$","R","M","R","T","M","R","M","R","M","R","BOSS","M","$","M","M","?","R","M","M","T","R","E"],"build_version":"2018-08-02","purchased_purges":0,"victory":false,"max_hp_per_floor":[70,70,70,70,70,70,70,70,70,70,70,70,70,70,70,70,75,75,75,75,75,75,75,75,75,75,75,75],"card_choices":[{"not_picked":["Skewer","Underhanded Strike"],"picked":"Blade Dance","floor":1},{"not_picked":["Escape Plan","Underhanded Strike"],"picked":"Leg Sweep","floor":3},{"not_picked":["Flechettes","Acrobatics"],"picked":"Outmaneuver","floor":7},{"not_picked":["Blur","Catalyst"],"picked":"Corpse Explosion","floor":10},{"not_picked":["Backflip","Underhanded Strike"],"picked":"Dagger Throw","floor":12},{"not_picked":["Heel Hook","PiercingWail"],"picked":"Setup","floor":14},{"not_picked":["Doppelganger","Die Die Die"],"picked":"Night Terror","floor":16},{"not_picked":["Infinite Blades","PiercingWail"],"picked":"Slice","floor":17},{"not_picked":["Tactician","Cloak And Dagger+1"],"picked":"Dagger Spray+1","floor":18},{"not_picked":["Backflip","Acrobatics+1"],"picked":"Slice","floor":20},{"not_picked":["Concentrate","Acrobatics","PiercingWail"],"picked":"SKIP","floor":21},{"not_picked":["Accuracy+1","All Out Attack"],"picked":"Flying Knee","floor":24},{"not_picked":["Deflect","Deadly Poison"],"picked":"Quick Slash+1","floor":25}],"player_experience":306614,"relics_obtained":[{"floor":9,"key":"Bag of Marbles"},{"floor":26,"key":"Toxic Egg 2"}],"event_choices":[{"event_name":"Golden Idol","player_choice":"Take Damage","floor":2,"damage_taken":0},{"event_name":"Living Wall","player_choice":"Grow","floor":4,"damage_taken":0},{"event_name":"FaceTrader","player_choice":"Trade","floor":22,"damage_taken":0}],"is_beta":false,"boss_relics":[{"not_picked":["Orrery","Ectoplasm"],"picked":"Tiny House"}],"items_purged_floors":[],"is_endless":false,"potions_floor_spawned":[1,7,14,16,21,24,25],"killed_by":"Slavers","ascension_level":1}