{"gold_per_floor":[109,109,109,64,80,93,126,139,139,152,152,165,178,190,190,295,295,311,311,411,411,59,90,103,134,134,134,134,149,184,203,203,300,300,311,311,311,311,14,42,58,78,101,101,135,135,161,178,178,178],"floor_reached":51,"playtime":2065,"items_purged":[],"score":1371,"play_id":"4c88b494-236d-4d87-aede-1c6df1132702","local_time":"20181006183526","is_ascension_mode":true,"campfire_choices":[{"data":"Limit Break","floor":15,"key":"SMITH"},{"floor":27,"key":"REST"},{"data":"Whirlwind","floor":32,"key":"SMITH"},{"floor":44,"key":"REST"},{"data":"Apotheosis","floor":46,"key":"SMITH"},{"data":"Exhume","floor":49,"key":"SMITH"}],"neow_cost":"TEN_PERCENT_HP_LOSS","seed_source_timestamp":1147907749993600,"circlet_count":0,"master_deck":["Strike_R","Strike_R","Strike_R","Strike_R","Strike_R","Defend_R","Defend_R","Bash","AscendersBane","Exhume+1","Headbutt","Thunderclap","Twin Strike","Twin Strike","Havoc+1","Limit Break+1","Spot Weakness","Twin Strike","Double Tap","Pummel+1","Sword Boomerang","Twin Strike","Warcry+1","Battle Trance","Twin Strike","Whirlwind+1","Double Tap+1","Apotheosis+1","Flash of Steel","Mayhem","Spot Weakness","Bloodletting+1","Heavy Blade+1","Headbutt+1"],"relics":["Black Blood","CultistMask","Bag of Preparation","Happy Flower","Gremlin Horn","Philosopher\u0027s Stone","MutagenicStrength","Charon\u0027s Ashes","Paper Frog","Vajra","ClockworkSouvenir","Pen Nib","Dream Catcher","Matryoshka","Anchor","Thread and Needle","Pear","War Paint","Bag of Marbles","Smiling Mask","The Courier"],"potions_floor_usage":[20,20,30,30,33,42,50,50],"damage_taken":[{"damage":9,"enemies":"Jaw Worm","floor":1,"turns":5},{"damage":6,"enemies":"Cultist","floor":5,"turns":3},{"damage":1,"enemies":"2 Louse","floor":6,"turns":2},{"damage":24,"enemies":"Gremlin Nob","floor":7,"turns":4},{"damage":19,"enemies":"Exordium Thugs","floor":8,"turns":3},{"damage":6,"enemies":"Looter","floor":10,"turns":2},{"damage":1,"enemies":"Gremlin Gang","floor":12,"turns":3},{"damage":5,"enemies":"Lots of Slimes","floor":13,"turns":2},{"damage":1,"enemies":"2 Fungi Beasts","floor":14,"turns":2},{"damage":39,"enemies":"The Guardian","floor":16,"turns":6},{"damage":13,"enemies":"Spheric Guardian","floor":18,"turns":3},{"damage":15,"enemies":"Colosseum Slavers","floor":20,"turns":2},{"damage":0,"enemies":"Colosseum Nobs","floor":20,"turns":2},{"damage":26,"enemies":"Slavers","floor":23,"turns":2},{"damage":0,"enemies":"Chosen","floor":24,"turns":1},{"damage":14,"enemies":"Gremlin Leader","floor":25,"turns":2},{"damage":0,"enemies":"Snake Plant","floor":29,"turns":1},{"damage":0,"enemies":"Slavers","floor":30,"turns":1},{"damage":6,"enemies":"Shelled Parasite and Fungi","floor":31,"turns":2},{"damage":23,"enemies":"Champ","floor":33,"turns":4},{"damage":3,"enemies":"Orb Walker","floor":35,"turns":2},{"damage":38,"enemies":"2 Orb Walkers","floor":40,"turns":3},{"damage":36,"enemies":"3 Shapes","floor":41,"turns":2},{"damage":0,"enemies":"Transient","floor":42,"turns":5},{"damage":0,"enemies":"Giant Head","floor":45,"turns":3},{"damage":0,"enemies":"2 Orb Walkers","floor":47,"turns":2},{"damage":3,"enemies":"Spire Growth","floor":48,"turns":1},{"damage":71,"enemies":"Time Eater","floor":50,"turns":6}],"seed_played":"-8411069012320864025","potions_obtained":[{"floor":5,"key":"AttackPotion"},{"floor":7,"key":"GamblersBrew"},{"floor":12,"key":"Weak Potion"},{"floor":16,"key":"SteroidPotion"},{"floor":23,"key":"Dexterity Potion"},{"floor":25,"key":"Ancient Potion"},{"floor":29,"key":"Strength Potion"},{"floor":30,"key":"Fruit Juice"},{"floor":33,"key":"Energy Potion"},{"floor":41,"key":"SkillPotion"},{"floor":48,"key":"Dexterity Potion"}],"is_trial":false,"path_per_floor":["M","?","?","$","M","M","E","M","T","M","?","M","M","M","R","B",null,"M","?","?","?","$","E","M","E","T","R","?","M","E","M","R","B",null,"M","?","?","?","$","E","M","M","T","R","E","R","E","M","R","B"],"character_chosen":"IRONCLAD","items_purchased":["Thunderclap","Vajra","ClockworkSouvenir","Thread and Needle"],"campfire_rested":2,"item_purchase_floors":[4,22,22,39],"current_hp_per_floor":[69,69,69,69,69,72,54,41,41,41,41,46,47,52,52,19,59,52,52,49,49,49,29,35,27,27,48,35,41,52,52,52,35,70,77,77,77,67,67,49,23,33,33,59,69,69,79,86,86,25],"gold":178,"neow_bonus":"THREE_RARE_CARDS","is_prod":false,"is_daily":false,"chose_seed":false,"campfire_upgraded":4,"win_rate":0,"timestamp":1538843726,"path_taken":["M","?","?","$","?","M","E","M","T","?","?","?","?","?","R","BOSS","M","?","?","?","$","E","?","E","T","R","?","M","E","?","R","BOSS","M","?","?","?","?","E","M","M","T","R","E","R","E","M","R","BOSS"],"build_version":"2018-10-04v2","purchased_purges":0,"victory":true,"max_hp_per_floor":[72,72,72,72,72,72,72,72,72,72,72,72,72,72,72,72,72,72,72,72,72,72,72,72,72,72,72,77,77,82,82,82,82,82,82,82,78,78,78,88,88,88,88,88,88,88,88,88,88,88],"card_choices":[{"not_picked":["Demon Form","Impervious"],"picked":"Exhume","floor":0},{"not_picked":["Heavy Blade","Body Slam"],"picked":"Headbutt","floor":1},{"not_picked":["Warcry","Sentinel"],"picked":"Twin Strike","floor":5},{"not_picked":["Anger","True Grit"],"picked":"Twin Strike","floor":6},{"not_picked":["Power Through","Rage"],"picked":"Havoc","floor":7},{"not_picked":["Blood for Blood","Rage","Entrench"],"picked":"SKIP","floor":8},{"not_picked":["Shrug It Off","Perfected Strike"],"picked":"Limit Break","floor":10},{"not_picked":["Warcry","Wild Strike"],"picked":"Spot Weakness","floor":12},{"not_picked":["Iron Wave","Body Slam","Armaments"],"picked":"SKIP","floor":13},{"not_picked":["Clash","Evolve"],"picked":"Twin Strike","floor":14},{"not_picked":["Berserk","Impervious"],"picked":"Double Tap","floor":16},{"not_picked":["Thunderclap","Flex"],"picked":"Pummel+1","floor":18},{"not_picked":["Rupture","Entrench"],"picked":"Sword Boomerang","floor":20},{"not_picked":["Dual Wield","Evolve","Juggernaut"],"picked":"SKIP","floor":23},{"not_picked":["Anger","Carnage","Entrench"],"picked":"SKIP","floor":24},{"not_picked":["Body Slam+1","Dual Wield"],"picked":"Warcry+1","floor":25},{"not_picked":["Armaments","Warcry"],"picked":"Battle Trance","floor":27},{"not_picked":["Shrug It Off","Rupture"],"picked":"Twin Strike","floor":29},{"not_picked":["Clothesline","Combust","Iron Wave"],"picked":"SKIP","floor":30},{"not_picked":["Ghostly Armor+1","Shrug It Off"],"picked":"Whirlwind","floor":31},{"not_picked":["Bludgeon","Brutality"],"picked":"Double Tap","floor":33},{"not_picked":["Twin Strike","Warcry","Anger"],"picked":"SKIP","floor":35},{"not_picked":["Madness","Chrysalis"],"picked":"Apotheosis","floor":38},{"not_picked":["Metamorphosis","Trip"],"picked":"Flash of Steel","floor":38},{"not_picked":["Violence","Panacea"],"picked":"Mayhem","floor":38},{"not_picked":["Inflame","Shrug It Off"],"picked":"Spot Weakness","floor":40},{"not_picked":["Inflame","Body Slam+1","Spot Weakness"],"picked":"SKIP","floor":41},{"not_picked":["Armaments+1","Iron Wave+1","Cleave"],"picked":"SKIP","floor":42},{"not_picked":["Shrug It Off","Entrench"],"picked":"Bloodletting+1","floor":44},{"not_picked":["Sever Soul+1","Clash"],"picked":"Heavy Blade+1","floor":45},{"not_picked":["Rage+1","Bloodletting"],"picked":"Headbutt+1","floor":47},{"not_picked":["Blood for Blood+1","Intimidate+1","Wild Strike+1"],"picked":"SKIP","floor":48}],"player_experience":216855,"relics_obtained":[{"floor":7,"key":"Bag of Preparation"},{"floor":9,"key":"Happy Flower"},{"floor":20,"key":"Charon\u0027s Ashes"},{"floor":20,"key":"Paper Frog"},{"floor":23,"key":"Pen Nib"},{"floor":25,"key":"Dream Catcher"},{"floor":26,"key":"Matryoshka"},{"floor":30,"key":"Anchor"},{"floor":40,"key":"Pear"},{"floor":43,"key":"War Paint"},{"floor":43,"key":"Bag of Marbles"},{"floor":45,"key":"Smiling Mask"},{"floor":47,"key":"The Courier"}],"event_choices":[{"event_name":"FaceTrader","player_choice":"Trade","floor":2,"damage_taken":0},{"event_name":"Purifier","player_choice":"One Purge","floor":3,"damage_taken":0},{"event_name":"Dead Adventurer","player_choice":"Searched \u00273\u0027 times","floor":11,"damage_taken":0},{"event_name":"Drug Dealer","player_choice":"Inject Mutagens","floor":19,"damage_taken":0},{"event_name":"Colosseum","player_choice":"Fight","floor":20,"damage_taken":0},{"event_name":"Colosseum","player_choice":"Fought Nobs","floor":20,"damage_taken":0},{"event_name":"Match and Keep!","player_choice":"1 cards matched","floor":21,"damage_taken":0},{"event_name":"Forgotten Altar","player_choice":"Shed Blood","floor":28,"damage_taken":0},{"event_name":"Falling","player_choice":"Removed Skill","floor":36,"damage_taken":0},{"event_name":"Winding Halls","player_choice":"Max HP","floor":37,"damage_taken":0},{"event_name":"SensoryStone","player_choice":"Memory 3","floor":38,"damage_taken":0}],"is_beta":false,"boss_relics":[{"not_picked":["Pandora\u0027s Box","Fusion Hammer"],"picked":"Philosopher\u0027s Stone"},{"not_picked":["Runic Dome","White Beast Statue"],"picked":"Black Blood"}],"items_purged_floors":[],"is_endless":false,"potions_floor_spawned":[5,7,12,14,16,20,23,25,29,30,33,41,48],"ascension_level":10}