{"gold_per_floor":[113,113,127,146,160,160,235,235,235,235,285,295,355,373,373,473,473,490,504,78,93,143,143],"floor_reached":23,"playtime":1629,"items_purged":[],"score":213,"play_id":"15140122-aaf6-494c-aad6-ce17c03c1895","local_time":"20181027122416","is_ascension_mode":true,"campfire_choices":[{"data":"Redo","floor":6,"key":"SMITH"},{"floor":8,"key":"REST"},{"floor":15,"key":"REST"}],"neow_cost":"NONE","seed_source_timestamp":1864443029239455,"circlet_count":0,"master_deck":["Strike_B","Strike_B","Strike_B","Strike_B","Defend_B","Defend_B","Defend_B","Defend_B","Zap","Dualcast","Fission","Redo+1","FTL","Force Field","Coolheaded","Echo Form","Capacitor","Sunder","Machine Learning","Defragment","Sunder","Buffer","FTL","Glacier+1"],"relics":["Cracked Core","Question Card","SsserpentHead","Velvet Choker","Runic Capacitor","Bird Faced Urn"],"potions_floor_usage":[16,16],"damage_taken":[{"damage":0,"enemies":"Cultist","floor":1,"turns":3},{"damage":7,"enemies":"Jaw Worm","floor":3,"turns":2},{"damage":12,"enemies":"Small Slimes","floor":4,"turns":4},{"damage":8,"enemies":"2 Fungi Beasts","floor":5,"turns":3},{"damage":11,"enemies":"Blue Slaver","floor":12,"turns":3},{"damage":0,"enemies":"Large Slime","floor":13,"turns":4},{"damage":28,"enemies":"Exordium Thugs","floor":14,"turns":4},{"damage":18,"enemies":"The Guardian","floor":16,"turns":12},{"damage":7,"enemies":"Shell Parasite","floor":18,"turns":10},{"damage":7,"enemies":"Chosen","floor":19,"turns":4},{"damage":49,"enemies":"Centurion and Healer","floor":21,"turns":6},{"damage":30,"enemies":"Book of Stabbing","floor":23,"turns":10}],"seed_played":"5869001232951234864","potions_obtained":[{"floor":1,"key":"GamblersBrew"},{"floor":3,"key":"Regen Potion"},{"floor":5,"key":"SkillPotion"},{"floor":14,"key":"SteroidPotion"}],"is_trial":false,"path_per_floor":["M","?","M","M","M","R","?","R","T","?","?","M","M","M","R","B",null,"M","M","$","M","?"],"character_chosen":"DEFECT","items_purchased":["Runic Capacitor","Buffer","FTL"],"campfire_rested":2,"item_purchase_floors":[20,20,20],"current_hp_per_floor":[75,75,68,56,48,48,37,59,59,59,64,53,53,25,49,46,80,73,66,66,17,17,0],"gold":143,"neow_bonus":"ONE_RANDOM_RARE_CARD","is_prod":false,"is_daily":false,"chose_seed":false,"campfire_upgraded":1,"win_rate":0,"timestamp":1540610656,"path_taken":["M","?","M","M","M","R","?","R","T","?","?","M","?","M","R","BOSS","M","M","$","M","?","E"],"build_version":"2018-10-25v2","purchased_purges":0,"victory":false,"max_hp_per_floor":[75,75,75,75,75,75,75,75,75,75,80,80,80,80,80,80,80,80,80,80,80,80,80],"card_choices":[{"not_picked":["Static Discharge","Barrage"],"picked":"Redo","floor":1},{"not_picked":["Skim","Steam Power"],"picked":"FTL","floor":3},{"not_picked":["Barrage","Consume"],"picked":"Force Field","floor":4},{"not_picked":["Sweeping Beam","Scrape"],"picked":"Coolheaded","floor":5},{"not_picked":["Beam Cell","Conserve Battery","Skim"],"picked":"Echo Form","floor":12},{"not_picked":["Go for the Eyes","Gash","Ball Lightning"],"picked":"Capacitor","floor":13},{"not_picked":["Tempest","Cold Snap","Barrage"],"picked":"Sunder","floor":14},{"not_picked":["Biased Cognition","Meteor Strike","Thunder Strike"],"picked":"Machine Learning","floor":16},{"not_picked":["Steam","Undo","Sunder"],"picked":"Defragment","floor":18},{"not_picked":["Barrage","Sweeping Beam+1","Hologram"],"picked":"Sunder","floor":19},{"not_picked":["Leap","Go for the Eyes+1","Cold Snap+1"],"picked":"Glacier+1","floor":21}],"player_experience":231524,"relics_obtained":[{"floor":9,"key":"Question Card"}],"event_choices":[{"damage_healed":0,"gold_gain":0,"player_choice":"Bought 0 Potions","damage_taken":0,"max_hp_gain":0,"max_hp_loss":0,"event_name":"The Woman in Blue","floor":2,"gold_loss":0},{"damage_healed":0,"gold_gain":75,"player_choice":"Gather Gold","damage_taken":11,"max_hp_gain":0,"max_hp_loss":0,"event_name":"World of Goop","floor":7,"gold_loss":0},{"damage_healed":0,"gold_gain":0,"player_choice":"Trade","damage_taken":0,"relics_obtained":["SsserpentHead"],"max_hp_gain":0,"max_hp_loss":0,"event_name":"FaceTrader","floor":10,"gold_loss":0},{"damage_healed":0,"gold_gain":0,"player_choice":"Donut","damage_taken":0,"max_hp_gain":5,"max_hp_loss":0,"event_name":"Big Fish","floor":11,"gold_loss":0},{"damage_healed":0,"gold_gain":0,"player_choice":"Opened","damage_taken":0,"relics_obtained":["Bird Faced Urn"],"max_hp_gain":0,"max_hp_loss":0,"event_name":"The Mausoleum","floor":22,"gold_loss":0}],"is_beta":false,"boss_relics":[{"not_picked":["Fusion Hammer","Cursed Key"],"picked":"Velvet Choker"}],"items_purged_floors":[],"is_endless":false,"potions_floor_spawned":[1,3,5,14],"killed_by":"Book of Stabbing","ascension_level":3}