{"gold_per_floor":[117,129,144,144,294,294,312,324,348,348,360,415,428,440,440,440],"floor_reached":16,"playtime":238,"items_purged":[],"score":201,"play_id":"efc4bdc7-329c-4455-840c-6bcbc788a3af","local_time":"20190202220734","is_ascension_mode":true,"campfire_choices":[{"data":"Bash","floor":6,"key":"SMITH"},{"floor":15,"key":"REST"}],"neow_cost":"NONE","seed_source_timestamp":448282720614800,"circlet_count":0,"master_deck":["AscendersBane","Strike_R","Strike_R","Strike_R","Strike_R","Strike_R","Defend_R","Defend_R","Defend_R","Defend_R","Bash+1","Whirlwind"],"relics":["Burning Blood","NeowsBlessing","PreservedInsect","Tiny Chest"],"potions_floor_usage":[8],"damage_taken":[{"damage":0,"enemies":"Cultist","floor":1,"turns":1},{"damage":0,"enemies":"Small Slimes","floor":2,"turns":1},{"damage":0,"enemies":"Jaw Worm","floor":3,"turns":1},{"damage":14,"enemies":"Red Slaver","floor":7,"turns":4},{"damage":1,"enemies":"2 Fungi Beasts","floor":8,"turns":3},{"damage":17,"enemies":"Looter","floor":11,"turns":3},{"damage":30,"enemies":"3 Sentries","floor":12,"turns":5},{"damage":24,"enemies":"Blue Slaver","floor":13,"turns":4},{"damage":10,"enemies":"Gremlin Gang","floor":14,"turns":2},{"damage":0,"enemies":"The Guardian","floor":16,"turns":1}],"seed_played":"-2666181701544035929","potions_obtained":[{"floor":7,"key":"Explosive Potion"},{"floor":8,"key":"EssenceOfSteel"},{"floor":12,"key":"Poison Potion"}],"is_trial":false,"path_per_floor":["M","M","M","$","?","R","M","M","T","?","M","E","M","M","R","B"],"character_chosen":"IRONCLAD","items_purchased":[],"campfire_rested":1,"item_purchase_floors":[],"current_hp_per_floor":[74,75,75,75,75,75,67,72,72,72,61,37,19,15,37,37],"gold":440,"neow_bonus":"THREE_ENEMY_KILL","is_prod":false,"is_daily":false,"chose_seed":false,"campfire_upgraded":1,"win_rate":0,"timestamp":1549141654,"path_taken":["M","M","?","$","?","R","M","M","T","?","M","E","?","M","R","BOSS"],"build_version":"2019-01-23","purchased_purges":0,"victory":false,"max_hp_per_floor":[75,75,75,75,75,75,75,75,75,75,75,75,75,75,75,75],"card_choices":[{"not_picked":["Cleave","Sword Boomerang","Thunderclap"],"picked":"SKIP","floor":1},{"not_picked":["Headbutt","Armaments","Clash"],"picked":"SKIP","floor":2},{"not_picked":["Intimidate","Pummel","Rage"],"picked":"SKIP","floor":3},{"not_picked":["Clash","Sword Boomerang","Cleave"],"picked":"SKIP","floor":7},{"not_picked":["Wild Strike","Cleave"],"picked":"Whirlwind","floor":8},{"not_picked":["Bloodletting","Power Through","Pommel Strike"],"picked":"SKIP","floor":11},{"not_picked":["Inflame","Evolve","Disarm"],"picked":"SKIP","floor":12},{"not_picked":["Havoc","Clothesline","Power Through"],"picked":"SKIP","floor":13},{"not_picked":["Headbutt","Hemokinesis","Sword Boomerang"],"picked":"SKIP","floor":14}],"player_experience":316380,"relics_obtained":[{"floor":9,"key":"PreservedInsect"},{"floor":12,"key":"Tiny Chest"}],"event_choices":[{"damage_healed":0,"gold_gain":150,"player_choice":"AGREE","damage_taken":0,"max_hp_gain":0,"max_hp_loss":0,"event_name":"Liars Game","floor":5,"gold_loss":0,"cards_obtained":["Doubt"]},{"cards_removed":["Doubt"],"damage_healed":0,"gold_gain":0,"player_choice":"Purged","damage_taken":0,"max_hp_gain":0,"max_hp_loss":0,"event_name":"Purifier","floor":10,"gold_loss":0}],"is_beta":false,"boss_relics":[],"items_purged_floors":[],"is_endless":false,"potions_floor_spawned":[7,8,12,13,14],"killed_by":"The Guardian","ascension_level":18}