{"gold_per_floor":[115,115,115,133,133,173,173,173,196,196,231,231,231,246,246,246],"floor_reached":16,"playtime":219,"items_purged":[],"score":249,"play_id":"5753ff48-4b3f-4607-b9a4-a0c767e912e2","local_time":"20190203162246","is_ascension_mode":true,"campfire_choices":[{"data":"Bash","floor":7,"key":"SMITH"},{"floor":10,"key":"REST"},{"floor":15,"key":"REST"}],"neow_cost":"NONE","seed_source_timestamp":514015116139700,"circlet_count":0,"master_deck":["AscendersBane","Strike_R+1","Strike_R","Strike_R","Strike_R","Strike_R","Defend_R+1","Defend_R","Defend_R","Defend_R","Bash+1"],"relics":["Burning Blood","NeowsBlessing","Golden Idol","Centennial Puzzle","Bronze Scales","Juzu Bracelet","Happy Flower"],"potions_floor_usage":[11],"damage_taken":[{"damage":0,"enemies":"Jaw Worm","floor":1,"turns":1},{"damage":0,"enemies":"Small Slimes","floor":4,"turns":1},{"damage":0,"enemies":"Gremlin Nob","floor":6,"turns":1},{"damage":49,"enemies":"3 Sentries","floor":11,"turns":9},{"damage":6,"enemies":"2 Louse","floor":14,"turns":3},{"damage":0,"enemies":"Hexaghost","floor":16,"turns":1}],"seed_played":"8647150980351722266","potions_obtained":[{"floor":4,"key":"Swift Potion"},{"floor":6,"key":"Poison Potion"},{"floor":14,"key":"SmokeBomb"}],"is_trial":false,"path_per_floor":["M","$","?","M","?","E","R","?","T","R","E","?","$","M","R","B"],"character_chosen":"IRONCLAD","items_purchased":[],"campfire_rested":2,"item_purchase_floors":[],"current_hp_per_floor":[74,74,48,54,54,60,60,37,37,59,16,16,16,16,38,38],"gold":246,"neow_bonus":"THREE_ENEMY_KILL","is_prod":false,"is_daily":false,"chose_seed":false,"campfire_upgraded":1,"win_rate":0,"timestamp":1549207366,"path_taken":["M","$","?","M","?","E","R","?","T","R","E","?","$","M","R","BOSS"],"build_version":"2019-01-23","purchased_purges":0,"victory":false,"max_hp_per_floor":[75,75,75,75,75,75,75,75,75,75,75,75,75,75,75,75],"card_choices":[{"not_picked":["Flex","Clothesline","Cleave"],"picked":"SKIP","floor":1},{"not_picked":["Metallicize","Thunderclap","Perfected Strike"],"picked":"SKIP","floor":4},{"not_picked":["Headbutt","Spot Weakness","Iron Wave"],"picked":"SKIP","floor":6},{"not_picked":["Body Slam","Feed","Headbutt"],"picked":"SKIP","floor":11},{"not_picked":["Clash","Combust","Flex"],"picked":"SKIP","floor":14}],"player_experience":328280,"relics_obtained":[{"floor":6,"key":"Bronze Scales"},{"floor":9,"key":"Juzu Bracelet"},{"floor":11,"key":"Happy Flower"}],"event_choices":[{"damage_healed":0,"gold_gain":0,"player_choice":"Take Damage","damage_taken":26,"relics_obtained":["Golden Idol"],"max_hp_gain":0,"max_hp_loss":0,"event_name":"Golden Idol","floor":3,"gold_loss":0},{"damage_healed":0,"gold_gain":0,"player_choice":"Box","damage_taken":0,"relics_obtained":["Centennial Puzzle"],"max_hp_gain":0,"max_hp_loss":0,"event_name":"Big Fish","floor":5,"gold_loss":0,"cards_obtained":["Regret"]},{"damage_healed":0,"gold_gain":0,"player_choice":"Entered Light","damage_taken":23,"max_hp_gain":0,"max_hp_loss":0,"event_name":"Shining Light","floor":8,"gold_loss":0,"cards_upgraded":["Defend_R","Strike_R"]},{"cards_removed":["Regret"],"damage_healed":0,"gold_gain":0,"player_choice":"Forget","damage_taken":0,"max_hp_gain":0,"max_hp_loss":0,"event_name":"Living Wall","floor":12,"gold_loss":0}],"is_beta":false,"boss_relics":[],"items_purged_floors":[],"is_endless":false,"potions_floor_spawned":[4,6,14],"killed_by":"Hexaghost","ascension_level":18}