{"gold_per_floor":[113,113,123,198,198,227,247,272,272,121,136,136,148,165,165,165],"floor_reached":16,"playtime":716,"items_purged":[],"score":102,"play_id":"c4e0bc59-9a3e-4097-91df-0146030ffd95","local_time":"20181005001912","is_ascension_mode":false,"campfire_choices":[{"data":"Hello World","floor":12,"key":"SMITH"},{"data":"Self Repair","floor":15,"key":"SMITH"}],"neow_cost":"","seed_source_timestamp":997095600968701,"circlet_count":0,"master_deck":["Strike_B","Strike_B","Strike_B","Defend_B","Defend_B","Defend_B","Defend_B","Zap","Dualcast","Self Repair+1","Sweeping Beam","BootSequence","Hello World+1","Skim"],"relics":["Cracked Core","Bronze Scales","Omamori","Bottled Tornado","Anchor"],"potions_floor_usage":[6,16],"damage_taken":[{"damage":4,"enemies":"Jaw Worm","floor":1,"turns":4},{"damage":6,"enemies":"2 Louse","floor":3,"turns":3},{"damage":51,"enemies":"Gremlin Nob","floor":6,"turns":6},{"damage":0,"enemies":"Small Slimes","floor":7,"turns":3},{"damage":3,"enemies":"Looter","floor":11,"turns":3},{"damage":0,"enemies":"Blue Slaver","floor":13,"turns":3},{"damage":9,"enemies":"Large Slime","floor":14,"turns":5},{"damage":28,"enemies":"The Guardian","floor":16,"turns":6}],"seed_played":"-8095054301467973968","potions_obtained":[{"floor":1,"key":"Strength Potion"},{"floor":3,"key":"PowerPotion"},{"floor":11,"key":"Explosive Potion"}],"is_trial":false,"path_per_floor":["M","?","M","?","?","E","M","T","T","$","M","R","M","M","R"],"character_chosen":"DEFECT","items_purchased":["Anchor"],"campfire_rested":0,"item_purchase_floors":[10],"current_hp_per_floor":[71,64,65,54,54,10,17,17,17,17,21,21,28,26,26,0],"gold":165,"neow_bonus":"","is_prod":false,"is_daily":false,"chose_seed":false,"campfire_upgraded":2,"win_rate":0.0,"timestamp":1538691552,"path_taken":["M","?","M","?","?","E","M","?","T","$","M","R","?","M","R","BOSS"],"build_version":"2018-09-27","purchased_purges":0,"victory":false,"max_hp_per_floor":[75,75,75,75,75,75,75,75,75,75,75,75,75,75,75,75],"card_choices":[{"not_picked":["Darkness","Lockon"],"picked":"Self Repair","floor":1},{"not_picked":["Conserve Battery","Coolheaded"],"picked":"Sweeping Beam","floor":3},{"not_picked":["Ball Lightning","Capacitor"],"picked":"BootSequence","floor":6},{"not_picked":["Conserve Battery","Lockon"],"picked":"Hello World","floor":7},{"not_picked":["Capacitor","Gash","Hologram"],"picked":"SKIP","floor":11},{"not_picked":["BootSequence","Redo","Stack"],"picked":"SKIP","floor":13},{"not_picked":["Barrage","Hologram"],"picked":"Skim","floor":14}],"player_experience":204514,"relics_obtained":[{"floor":6,"key":"Bronze Scales"},{"floor":8,"key":"Omamori"},{"floor":9,"key":"Bottled Tornado"}],"event_choices":[{"event_name":"Golden Wing","player_choice":"Card Removal","floor":2,"damage_taken":0},{"event_name":"World of Goop","player_choice":"Gather Gold","floor":4,"damage_taken":0},{"event_name":"The Cleric","player_choice":"Leave","floor":5,"damage_taken":0}],"is_beta":false,"boss_relics":[],"items_purged_floors":[],"is_endless":false,"potions_floor_spawned":[1,3,11],"killed_by":"The Guardian","ascension_level":0}