{"gold_per_floor":[114,114,134,134,134,165,137,137,163,163,163,163,182,79,79,79],"floor_reached":16,"playtime":353,"items_purged":[],"score":230,"play_id":"d90e94a4-aad7-4e86-9bc3-3b871d6a522d","local_time":"20190203151126","is_ascension_mode":true,"campfire_choices":[{"data":"True Grit","floor":8,"key":"SMITH"},{"data":"Ghostly Armor","floor":12,"key":"SMITH"},{"data":"Impatience","floor":15,"key":"SMITH"}],"neow_cost":"NONE","seed_source_timestamp":509601673764100,"circlet_count":0,"master_deck":["AscendersBane","Strike_R","Strike_R","Strike_R","Defend_R","Defend_R","Defend_R","Defend_R","Bash","Ghostly Armor+1","True Grit+1","Shrug It Off","Impatience+1"],"relics":["Burning Blood","NeowsBlessing","Mercury Hourglass","Regal Pillow"],"potions_floor_usage":[16,16],"damage_taken":[{"damage":0,"enemies":"Cultist","floor":1,"turns":1},{"damage":0,"enemies":"2 Louse","floor":3,"turns":1},{"damage":0,"enemies":"Gremlin Nob","floor":6,"turns":1},{"damage":0,"enemies":"Jaw Worm","floor":13,"turns":4},{"damage":60,"enemies":"Hexaghost","floor":16,"turns":14}],"seed_played":"8347076771875478332","potions_obtained":[{"floor":1,"key":"EssenceOfSteel"},{"floor":13,"key":"LiquidBronze"}],"is_trial":false,"path_per_floor":["M","?","M","$","?","E","$","R","T","?","?","R","M","$","R","B"],"character_chosen":"IRONCLAD","items_purchased":["True Grit","Impatience"],"campfire_rested":0,"item_purchase_floors":[7,14],"current_hp_per_floor":[74,74,75,75,75,75,75,75,75,68,57,57,63,63,63,3],"gold":79,"neow_bonus":"THREE_ENEMY_KILL","is_prod":false,"is_daily":false,"chose_seed":false,"campfire_upgraded":3,"win_rate":0,"timestamp":1549203086,"path_taken":["M","?","?","$","?","E","?","R","T","?","?","R","M","$","R","BOSS"],"build_version":"2019-01-23","purchased_purges":0,"victory":false,"max_hp_per_floor":[75,75,75,75,75,75,75,75,75,75,75,75,75,75,75,75],"card_choices":[{"not_picked":["Reckless Charge","Spot Weakness","Seeing Red"],"picked":"SKIP","floor":1},{"not_picked":["Armaments","Seeing Red","True Grit"],"picked":"SKIP","floor":3},{"not_picked":["Rupture","Heavy Blade"],"picked":"Ghostly Armor","floor":6},{"not_picked":["Inflame","Heavy Blade"],"picked":"Shrug It Off","floor":13}],"player_experience":324001,"relics_obtained":[{"floor":6,"key":"Mercury Hourglass"},{"floor":9,"key":"Regal Pillow"}],"event_choices":[{"cards_removed":["Strike_R"],"damage_healed":0,"gold_gain":0,"player_choice":"Offered Basic","damage_taken":0,"max_hp_gain":0,"max_hp_loss":0,"event_name":"Bonfire Elementals","floor":2,"gold_loss":0},{"damage_healed":0,"gold_gain":0,"player_choice":"Ignored","damage_taken":0,"max_hp_gain":0,"max_hp_loss":0,"event_name":"Liars Game","floor":5,"gold_loss":0},{"cards_removed":["Strike_R"],"damage_healed":0,"gold_gain":0,"player_choice":"Card Removal","damage_taken":7,"max_hp_gain":0,"max_hp_loss":0,"event_name":"Golden Wing","floor":10,"gold_loss":0},{"damage_healed":0,"gold_gain":0,"player_choice":"Damaged","damage_taken":11,"max_hp_gain":0,"max_hp_loss":0,"event_name":"Wheel of Change","floor":11,"gold_loss":0}],"is_beta":false,"boss_relics":[],"items_purged_floors":[],"is_endless":false,"potions_floor_spawned":[1,13],"killed_by":"Hexaghost","ascension_level":18}