{"gold_per_floor":[115,115,40,40,40,81,106,150,176,176,197,216,232,268,268,268],"floor_reached":16,"playtime":564,"items_purged":["Strike_R"],"score":225,"play_id":"e645d15e-1e5a-4cc0-886b-c7b1263d5f34","local_time":"20190204001810","is_ascension_mode":true,"campfire_choices":[{"data":"Rampage","floor":15,"key":"SMITH"}],"neow_cost":"NONE","seed_source_timestamp":263068211642749,"circlet_count":0,"master_deck":["AscendersBane","Strike_R","Strike_R","Strike_R+1","Defend_R","Defend_R","Defend_R","Defend_R","Bash+1","Clothesline","Rampage+1","Entrench","Disarm","Flame Barrier"],"relics":["Burning Blood","NeowsBlessing","Golden Idol","Vajra","The Courier","Whetstone","Orichalcum"],"potions_floor_usage":[14,16,16],"damage_taken":[{"damage":0,"enemies":"2 Louse","floor":1,"turns":1},{"damage":0,"enemies":"Gremlin Nob","floor":6,"turns":1},{"damage":0,"enemies":"Jaw Worm","floor":7,"turns":1},{"damage":41,"enemies":"Lagavulin","floor":8,"turns":6},{"damage":3,"enemies":"Small Slimes","floor":11,"turns":3},{"damage":8,"enemies":"Exordium Wildlife","floor":12,"turns":5},{"damage":8,"enemies":"Looter","floor":13,"turns":4},{"damage":37,"enemies":"3 Sentries","floor":14,"turns":12},{"damage":13,"enemies":"Slime Boss","floor":16,"turns":6}],"seed_played":"7595270900621270374","potions_obtained":[{"floor":1,"key":"BloodPotion"},{"floor":7,"key":"SkillPotion"},{"floor":14,"key":"Strength Potion"}],"is_trial":false,"path_per_floor":["M","?","$","?","?","E","M","E","T","?","M","M","M","E","R","B"],"character_chosen":"IRONCLAD","items_purchased":[],"campfire_rested":0,"item_purchase_floors":[],"current_hp_per_floor":[78,58,58,63,56,62,68,33,33,33,36,34,32,9,9,0],"gold":268,"neow_bonus":"THREE_ENEMY_KILL","is_prod":false,"is_daily":false,"chose_seed":false,"campfire_upgraded":1,"win_rate":0,"timestamp":1549232290,"path_taken":["M","?","$","?","?","E","M","E","T","?","M","M","M","E","R","BOSS"],"build_version":"2019-01-23","purchased_purges":1,"victory":false,"max_hp_per_floor":[80,80,80,85,85,85,85,85,85,85,85,85,85,85,85,85],"card_choices":[{"not_picked":["Havoc","Dual Wield"],"picked":"Clothesline","floor":1},{"not_picked":["Armaments","Thunderclap"],"picked":"Rampage","floor":6},{"not_picked":["Rupture","Heavy Blade","Cleave"],"picked":"SKIP","floor":7},{"not_picked":["Combust","Bludgeon"],"picked":"Entrench","floor":8},{"not_picked":["Twin Strike","True Grit"],"picked":"Disarm","floor":11},{"not_picked":["Anger","Sword Boomerang"],"picked":"Flame Barrier","floor":12},{"not_picked":["Clash","Entrench","Twin Strike"],"picked":"SKIP","floor":13},{"not_picked":["Reckless Charge","Thunderclap","Intimidate"],"picked":"SKIP","floor":14}],"player_experience":167277,"relics_obtained":[{"floor":6,"key":"Vajra"},{"floor":8,"key":"The Courier"},{"floor":9,"key":"Whetstone"},{"floor":14,"key":"Orichalcum"}],"event_choices":[{"damage_healed":0,"gold_gain":0,"player_choice":"Take Damage","damage_taken":20,"relics_obtained":["Golden Idol"],"max_hp_gain":0,"max_hp_loss":0,"event_name":"Golden Idol","floor":2,"gold_loss":0},{"damage_healed":0,"gold_gain":0,"player_choice":"Donut","damage_taken":0,"max_hp_gain":5,"max_hp_loss":0,"event_name":"Big Fish","floor":4,"gold_loss":0},{"cards_removed":["Strike_R"],"damage_healed":0,"gold_gain":0,"player_choice":"Card Removal","damage_taken":7,"max_hp_gain":0,"max_hp_loss":0,"event_name":"Golden Wing","floor":5,"gold_loss":0},{"damage_healed":0,"gold_gain":0,"player_choice":"Ignored","damage_taken":0,"max_hp_gain":0,"max_hp_loss":0,"event_name":"Liars Game","floor":10,"gold_loss":0}],"is_beta":false,"boss_relics":[],"items_purged_floors":[3],"is_endless":false,"potions_floor_spawned":[1,7,12,13,14],"killed_by":"Slime Boss","ascension_level":11}