{"gold_per_floor":[140,158,158,170,188,188,219,229,229,245,245,255,255,269,269,269],"floor_reached":16,"playtime":939,"items_purged":[],"score":106,"play_id":"8ef38494-525c-4ed5-b48e-56af14ec3fa3","local_time":"20190220002729","is_ascension_mode":false,"campfire_choices":[{"data":"Zap","floor":6,"key":"SMITH"},{"data":"Hologram","floor":11,"key":"SMITH"},{"data":"Hologram","floor":13,"key":"SMITH"},{"data":"Coolheaded","floor":15,"key":"SMITH"}],"neow_cost":"NONE","seed_source_timestamp":561692585925900,"circlet_count":0,"master_deck":["Strike_B","Strike_B","Strike_B","Strike_B","Defend_B","Defend_B","Defend_B","Defend_B","Zap+1","Dualcast","Chill","Conserve Battery","Hologram+1","Amplify","Coolheaded+1","Conserve Battery","Hologram+1","Coolheaded"],"relics":["Cracked Core","Tiny Chest","Pen Nib","Gremlin Horn"],"potions_floor_usage":[7],"damage_taken":[{"damage":5,"enemies":"Small Slimes","floor":1,"turns":3},{"damage":0,"enemies":"Cultist","floor":2,"turns":3},{"damage":0,"enemies":"Jaw Worm","floor":4,"turns":3},{"damage":0,"enemies":"2 Fungi Beasts","floor":5,"turns":5},{"damage":11,"enemies":"Lagavulin","floor":7,"turns":7},{"damage":4,"enemies":"Exordium Wildlife","floor":8,"turns":3},{"damage":1,"enemies":"Lots of Slimes","floor":10,"turns":4},{"damage":1,"enemies":"Large Slime","floor":12,"turns":6},{"damage":0,"enemies":"3 Louse","floor":14,"turns":3},{"damage":56,"enemies":"Slime Boss","floor":16,"turns":14}],"seed_played":"8036713384887268538","potions_obtained":[{"floor":2,"key":"Strength Potion"},{"floor":5,"key":"Ancient Potion"},{"floor":12,"key":"Swift Potion"}],"is_trial":false,"path_per_floor":["M","M","?","M","M","R","E","M","T","M","R","M","R","M","R","B"],"character_chosen":"DEFECT","items_purchased":[],"campfire_rested":0,"item_purchase_floors":[],"current_hp_per_floor":[70,70,63,63,63,63,52,48,48,47,47,46,46,46,46,0],"gold":269,"neow_bonus":"RANDOM_COMMON_RELIC","is_prod":false,"is_daily":false,"chose_seed":false,"campfire_upgraded":4,"win_rate":0,"timestamp":1550618849,"path_taken":["M","M","?","M","M","R","E","M","T","M","R","M","R","M","R","BOSS"],"build_version":"2019-01-23","purchased_purges":0,"victory":false,"max_hp_per_floor":[75,75,75,75,75,75,75,75,75,75,75,75,75,75,75,75],"card_choices":[{"not_picked":["Leap","Beam Cell"],"picked":"Chill","floor":1},{"not_picked":["Blizzard","Sweeping Beam"],"picked":"Conserve Battery","floor":2},{"not_picked":["Sweeping Beam","Fusion"],"picked":"Hologram","floor":4},{"not_picked":["Steam","Self Repair"],"picked":"Amplify","floor":5},{"not_picked":["FTL","Stack"],"picked":"Coolheaded","floor":7},{"not_picked":["Barrage","Sweeping Beam"],"picked":"Conserve Battery","floor":8},{"not_picked":["Streamline","Cold Snap"],"picked":"Hologram","floor":10},{"not_picked":["Barrage","Rip and Tear","Hyperbeam"],"picked":"SKIP","floor":12},{"not_picked":["Blizzard","Self Repair"],"picked":"Coolheaded","floor":14}],"player_experience":514575,"relics_obtained":[{"floor":7,"key":"Pen Nib"},{"floor":9,"key":"Gremlin Horn"}],"event_choices":[{"damage_healed":0,"gold_gain":0,"player_choice":"Damaged","damage_taken":7,"max_hp_gain":0,"max_hp_loss":0,"event_name":"Wheel of Change","floor":3,"gold_loss":0}],"is_beta":false,"boss_relics":[],"items_purged_floors":[],"is_endless":false,"potions_floor_spawned":[2,5,12],"killed_by":"Slime Boss","ascension_level":0}