{"gold_per_floor":[112,122,137,137,64,64,96,110,110,110,135,149,164,179,179,179],"floor_reached":16,"playtime":1567,"items_purged":[],"score":114,"play_id":"1a01c6dd-7d67-497e-9ac7-1910d3ac127a","local_time":"20190212231932","is_ascension_mode":false,"campfire_choices":[{"data":"Zap","floor":6,"key":"SMITH"},{"floor":10,"key":"REST"},{"data":"Conserve Battery","floor":15,"key":"SMITH"}],"neow_cost":"PERCENT_DAMAGE","seed_source_timestamp":34061057563494,"circlet_count":0,"master_deck":["Strike_B","Strike_B","Strike_B","Strike_B","Defend_B","Defend_B","Defend_B","Defend_B","Zap+1","Dualcast","Go for the Eyes","Sweeping Beam","Ball Lightning","Auto Shields","Forethought","Storm","Conserve Battery+1","Genetic Algorithm","Rebound","Glacier","Reboot","Leap"],"relics":["Cracked Core","Turnip","Bag of Preparation","Meat on the Bone","Torii"],"potions_floor_usage":[7,7,11],"damage_taken":[{"damage":1,"enemies":"Cultist","floor":1,"turns":3},{"damage":1,"enemies":"Jaw Worm","floor":2,"turns":4},{"damage":0,"enemies":"Small Slimes","floor":3,"turns":3},{"damage":18,"enemies":"Lagavulin","floor":7,"turns":6},{"damage":0,"enemies":"Blue Slaver","floor":8,"turns":3},{"damage":22,"enemies":"Gremlin Nob","floor":11,"turns":5},{"damage":7,"enemies":"Looter","floor":12,"turns":3},{"damage":7,"enemies":"Gremlin Gang","floor":13,"turns":6},{"damage":0,"enemies":"2 Fungi Beasts","floor":14,"turns":4},{"damage":50,"enemies":"Slime Boss","floor":16,"turns":9}],"seed_played":"8184114508596709830","potions_obtained":[{"floor":1,"key":"FocusPotion"},{"floor":2,"key":"SpeedPotion"},{"floor":8,"key":"PowerPotion"},{"floor":11,"key":"Explosive Potion"},{"floor":13,"key":"SteroidPotion"}],"is_trial":false,"path_per_floor":["M","?","M"],"character_chosen":"DEFECT","items_purchased":["Storm"],"campfire_rested":1,"item_purchase_floors":[5],"current_hp_per_floor":[53,52,52,52,52,52,34,34,34,56,46,39,44,44,44,0],"gold":179,"neow_bonus":"ONE_RARE_RELIC","is_prod":false,"is_daily":false,"chose_seed":false,"campfire_upgraded":2,"win_rate":0.0,"timestamp":1549988372,"path_taken":["M","?","M","?","$","R","E","M","T","R","E","M","?","M","R","BOSS"],"build_version":"2019-01-23","purchased_purges":0,"victory":false,"max_hp_per_floor":[75,75,75,75,75,75,75,75,75,75,75,75,75,75,75,75],"card_choices":[{"not_picked":["Ball Lightning","Sunder"],"picked":"Go for the Eyes","floor":1},{"not_picked":["Hologram","Go for the Eyes"],"picked":"Sweeping Beam","floor":2},{"not_picked":["Recycle","Steam"],"picked":"Ball Lightning","floor":3},{"not_picked":["Meteor Strike","White Noise"],"picked":"Conserve Battery","floor":7},{"not_picked":["Rip and Tear","Stack"],"picked":"Genetic Algorithm","floor":8},{"not_picked":["Sweeping Beam","Scrape"],"picked":"Rebound","floor":11},{"not_picked":["Ball Lightning","Conserve Battery"],"picked":"Glacier","floor":12},{"not_picked":["Hologram","Doom and Gloom"],"picked":"Reboot","floor":13},{"not_picked":["Coolheaded","Gash"],"picked":"Leap","floor":14}],"player_experience":95737,"relics_obtained":[{"floor":7,"key":"Bag of Preparation"},{"floor":9,"key":"Meat on the Bone"},{"floor":11,"key":"Torii"}],"event_choices":[{"damage_healed":0,"gold_gain":0,"player_choice":"2 cards matched","damage_taken":0,"max_hp_gain":0,"max_hp_loss":0,"event_name":"Match and Keep!","floor":4,"gold_loss":0,"cards_obtained":["Auto Shields","Forethought"]}],"is_beta":false,"boss_relics":[],"items_purged_floors":[],"is_endless":false,"potions_floor_spawned":[1,2,8,11,13],"killed_by":"Slime Boss","ascension_level":0}