{"gold_per_floor":[115,130,28,28,48,48,82,93,172,197,208,226,246,265,265,360,360,379,579,172,182,198,198,230,145,145,145,159,193,118,131,131,228,278,295,315,327,37,37,37,137,137],"floor_reached":42,"playtime":10760,"items_purged":[],"score":482,"play_id":"0e7bf69c-a045-4300-9261-37e233d11b56","local_time":"20190130015436","is_ascension_mode":false,"campfire_choices":[{"data":"Strike_R","floor":6,"key":"SMITH"},{"floor":15,"key":"REST"},{"floor":27,"key":"REST"},{"floor":32,"key":"REST"},{"data":"1","floor":40,"key":"LIFT"}],"neow_cost":"","seed_source_timestamp":0,"circlet_count":0,"master_deck":["Strike_R+1","Strike_R","Strike_R","Defend_R","Defend_R","Bash","Anger","Feel No Pain","Power Through","Metallicize","Blood for Blood","Shockwave","Combust","Whirlwind","Flex","Twin Strike","Rage","Perfected Strike","Juggernaut","Pummel+1","Rupture+1","Bludgeon+1","Clothesline+1","Whirlwind","Shrug It Off","Dramatic Entrance","Fire Breathing+1","Twin Strike+1","Cleave","Blood for Blood+1","Body Slam","Sword Boomerang+1","Clash+1","Impervious","Warcry+1","Headbutt+1","Headbutt+1","Pommel Strike","Apotheosis","Burning Pact","Inflame","Madness","Madness","Armaments"],"special_seed":0,"relics":["Burning Blood","Torii","Ornamental Fan","Boot","Astrolabe","Bronze Scales","Pantograph","Girya","Ginger","Bird Faced Urn","Red Mask","Tiny House","Calipers"],"potions_floor_usage":[14,16,16,29,31,33],"damage_taken":[{"damage":7.0,"enemies":"Small Slimes","floor":1.0,"turns":4.0},{"damage":5.0,"enemies":"Cultist","floor":2.0,"turns":4.0},{"damage":0.0,"enemies":"2 Louse","floor":5.0,"turns":3.0},{"damage":34,"enemies":"Lagavulin","floor":7,"turns":7},{"damage":5,"enemies":"Gremlin Gang","floor":8,"turns":4},{"damage":23,"enemies":"3 Sentries","floor":10,"turns":5},{"damage":13,"enemies":"Exordium Thugs","floor":11,"turns":6},{"damage":6,"enemies":"Looter","floor":12,"turns":2},{"damage":0,"enemies":"3 Louse","floor":13,"turns":1},{"damage":0,"enemies":"2 Fungi Beasts","floor":14,"turns":3},{"damage":43,"enemies":"The Guardian","floor":16,"turns":10},{"damage":28,"enemies":"Shell Parasite","floor":18,"turns":6},{"damage":2,"enemies":"3 Byrds","floor":21,"turns":3},{"damage":1,"enemies":"Snecko","floor":22,"turns":3},{"damage":51,"enemies":"Slavers","floor":24,"turns":5},{"damage":9,"enemies":"Shelled Parasite and Fungi","floor":28,"turns":4},{"damage":8,"enemies":"Masked Bandits","floor":29,"turns":3},{"damage":31,"enemies":"Centurion and Healer","floor":31,"turns":10},{"damage":68,"enemies":"Champ","floor":33,"turns":9},{"damage":13,"enemies":"Orb Walker","floor":35,"turns":3},{"damage":10,"enemies":"3 Shapes","floor":36,"turns":3},{"damage":46,"enemies":"Transient","floor":37,"turns":5},{"damage":33,"enemies":"Mind Bloom Boss Battle","floor":41,"turns":7},{"damage":72,"enemies":"Nemesis","floor":42,"turns":7}],"seed_played":"3259709922026770543","potions_obtained":[{"floor":1.0,"key":"Energy Potion"},{"floor":4.0,"key":"SpeedPotion"},{"floor":4.0,"key":"Poison Potion"},{"floor":12,"key":"Explosive Potion"},{"floor":13,"key":"Regen Potion"},{"floor":14,"key":"Poison Potion"},{"floor":16,"key":"SpeedPotion"},{"floor":21,"key":"Strength Potion"},{"floor":29,"key":"Explosive Potion"},{"floor":34,"key":"Swift Potion"},{"floor":36,"key":"Block Potion"}],"is_trial":false,"path_per_floor":["?","M","?","M","T","?","?","?","?","?"],"character_chosen":"IRONCLAD","items_purchased":["Power Through","Metallicize","Whirlwind","Shrug It Off","Bronze Scales","Dramatic Entrance","Fire Breathing","Apotheosis","Burning Pact","Inflame"],"campfire_rested":3,"item_purchase_floors":[3,3,20,20,20,20,20,38,38,38],"current_hp_per_floor":[79,80,80,80,80,80,52,53,53,36,29,29,35,50,74,37,80,58,58,58,62,67,67,22,22,22,46,43,41,41,24,48,21,85,78,80,42,42,31,31,41,0],"gold":137,"neow_bonus":"","is_prod":false,"is_daily":false,"chose_seed":false,"campfire_upgraded":1,"win_rate":0.0,"timestamp":1548788076,"path_taken":["M","M","$","?","M","R","E","M","T","E","M","M","?","M","R","BOSS","M","?","$","?","M","?","E","?","T","R","M","?","?","M","R","BOSS","M","M","M","$","?","R","?","E"],"build_version":"2019-01-23","purchased_purges":0,"victory":false,"max_hp_per_floor":[80,80,80,80,80,80,80,80,80,80,80,80,80,80,80,80,80,80,80,80,80,80,80,80,80,80,80,80,80,80,80,80,80,85,85,85,85,85,85,85,85,85],"card_choices":[{"not_picked":["Bloodletting","Battle Trance"],"picked":"Anger","floor":1.0},{"not_picked":["Corruption","Metallicize"],"picked":"Feel No Pain","floor":2.0},{"not_picked":["Shockwave","Infernal Blade"],"picked":"Blood for Blood","floor":5},{"not_picked":["Corruption","Warcry"],"picked":"Shockwave","floor":7},{"not_picked":["Sword Boomerang","Anger"],"picked":"Combust","floor":8},{"not_picked":["Intimidate","Dark Embrace"],"picked":"Whirlwind","floor":10},{"not_picked":["Anger","Battle Trance"],"picked":"Flex","floor":11},{"not_picked":["Pommel Strike","Warcry"],"picked":"Twin Strike","floor":12},{"not_picked":["Twin Strike","Headbutt"],"picked":"Rage","floor":13},{"not_picked":["Bloodletting","Sword Boomerang"],"picked":"Perfected Strike","floor":14},{"not_picked":["Bludgeon","Barricade"],"picked":"Juggernaut","floor":16},{"not_picked":["Sever Soul","Metallicize"],"picked":"Clothesline+1","floor":18},{"not_picked":["Clash+1","Dual Wield+1"],"picked":"Twin Strike+1","floor":21},{"not_picked":["Body Slam","Flame Barrier"],"picked":"Cleave","floor":22},{"not_picked":["Battle Trance","Intimidate"],"picked":"Blood for Blood+1","floor":24},{"not_picked":["Sever Soul+1","Inflame+1"],"picked":"Body Slam","floor":28},{"not_picked":["Flex","Warcry"],"picked":"Sword Boomerang+1","floor":29},{"not_picked":["Cleave","Dark Embrace"],"picked":"Clash+1","floor":31},{"not_picked":["Dark Embrace","Berserk"],"picked":"Impervious","floor":33},{"not_picked":["Cleave","Iron Wave"],"picked":"Warcry+1","floor":34},{"not_picked":["Pummel","Body Slam+1"],"picked":"Headbutt+1","floor":35},{"not_picked":["Body Slam+1","Twin Strike"],"picked":"Headbutt+1","floor":36},{"not_picked":["Shrug It Off","Whirlwind"],"picked":"Pommel Strike","floor":37},{"not_picked":["Warcry+1","Sword Boomerang"],"picked":"Armaments","floor":41}],"player_experience":0,"relics_obtained":[{"floor":7,"key":"Torii"},{"floor":9,"key":"Ornamental Fan"},{"floor":10,"key":"Boot"},{"floor":23,"key":"Pantograph"},{"floor":24,"key":"Girya"},{"floor":26,"key":"Bird Faced Urn"},{"floor":29,"key":"Red Mask"},{"floor":41,"key":"Calipers"}],"event_choices":[{"damage_healed":0.0,"max_hp_gain":0.0,"max_hp_loss":0.0,"gold_gain":0.0,"event_name":"Lab","player_choice":"Got Potions","floor":4.0,"gold_loss":0.0,"damage_taken":0.0},{"damage_healed":0,"gold_gain":250,"player_choice":"Bet on Owner","damage_taken":0,"max_hp_gain":0,"max_hp_loss":0,"event_name":"The Joust","floor":19,"gold_loss":50},{"damage_healed":0,"gold_gain":0,"player_choice":"Obtained Relic","damage_taken":0,"relics_obtained":["Ginger"],"max_hp_gain":0,"max_hp_loss":0,"event_name":"Addict","floor":25,"gold_loss":85},{"damage_healed":0,"gold_gain":0,"player_choice":"Fought Bandits","damage_taken":0,"max_hp_gain":0,"max_hp_loss":0,"event_name":"Masked Bandits","floor":29,"gold_loss":0},{"cards_removed":["Defend_R"],"damage_healed":0,"gold_gain":0,"player_choice":"Gave Gold","damage_taken":0,"max_hp_gain":0,"max_hp_loss":0,"event_name":"Beggar","floor":30,"gold_loss":75},{"damage_healed":0,"gold_gain":0,"player_choice":"Embrace Madness","damage_taken":11,"max_hp_gain":0,"max_hp_loss":0,"event_name":"Winding Halls","floor":39,"gold_loss":0,"cards_obtained":["Madness","Madness"]},{"damage_healed":0,"gold_gain":0,"player_choice":"Fight","damage_taken":0,"max_hp_gain":0,"max_hp_loss":0,"event_name":"MindBloom","floor":41,"gold_loss":0}],"is_beta":false,"boss_relics":[{"not_picked":["Runic Dome","Mark of Pain"],"picked":"Astrolabe"},{"not_picked":["Snecko Eye","White Beast Statue"],"picked":"Tiny House"}],"items_purged_floors":[],"is_endless":false,"potions_floor_spawned":[1,12,13,14,16,21,28,29,36],"killed_by":"Nemesis","ascension_level":0}