{"path_per_floor":["M","$","?","?","$","R","E","M","T","R","E","?","R","M","R"],"character_chosen":"IRONCLAD","items_purchased":["Mind Blast"],"gold_per_floor":[116,116,116,116,13,13,40,59,59,59,93,268,268,287,287,287],"floor_reached":16,"campfire_rested":0,"playtime":485,"current_hp_per_floor":[72,72,58,58,58,58,51,53,53,53,39,39,39,41,41,0],"items_purged":[],"gold":287,"score":138,"play_id":"dfc903de-4e14-44f5-9faa-c88368311477","local_time":"20180519131502","is_prod":false,"is_daily":false,"chose_seed":false,"is_ascension_mode":true,"campfire_upgraded":4,"timestamp":1526728502,"campfire_choices":[{"data":"Mind Blast","floor":6,"key":"SMITH"},{"data":"Armaments","floor":10,"key":"SMITH"},{"data":"Flex","floor":13,"key":"SMITH"},{"data":"Havoc","floor":15,"key":"SMITH"}],"path_taken":["M","$","?","?","$","R","E","M","T","R","E","?","R","M","R","BOSS"],"build_version":"2018-05-17","seed_source_timestamp":474689752367588,"purchased_purges":0,"victory":false,"master_deck":["Strike_R","Strike_R","Strike_R","Strike_R","Strike_R","Defend_R+1","Defend_R","Defend_R","Defend_R","Bash","Offering+1","Mind Blast+1","Thunderclap","Armaments+1","Flex+1","Doubt","Havoc+1"],"max_hp_per_floor":[72,72,72,72,72,72,72,72,72,72,72,72,72,72,72,72],"relics":["Burning Blood","Bottled Lightning","Bird Faced Urn","Letter Opener"],"card_choices":[{"not_picked":["Reaper","Exhume"],"picked":"Offering","floor":0},{"not_picked":["Carnage","Corruption","Sword Boomerang"],"picked":"SKIP","floor":1},{"not_picked":["Body Slam","Reckless Charge"],"picked":"Thunderclap","floor":7},{"not_picked":["Reckless Charge","Blood for Blood"],"picked":"Armaments","floor":8},{"not_picked":["True Grit","Heavy Blade"],"picked":"Flex","floor":11},{"not_picked":["Ghostly Armor","Evolve"],"picked":"Havoc","floor":14}],"player_experience":104030,"potions_floor_usage":[7],"damage_taken":[{"damage":3,"enemies":"Jaw Worm","floor":1,"turns":5},{"damage":13,"enemies":"3 Sentries","floor":7,"turns":8},{"damage":4,"enemies":"Small Slimes","floor":8,"turns":1},{"damage":20,"enemies":"Gremlin Nob","floor":11,"turns":3},{"damage":4,"enemies":"Cultist","floor":14,"turns":1},{"damage":41,"enemies":"The Guardian","floor":16,"turns":12}],"relics_obtained":[{"floor":7,"key":"Bottled Lightning"},{"floor":9,"key":"Bird Faced Urn"},{"floor":11,"key":"Letter Opener"}],"event_choices":[{"event_name":"Shining Light","player_choice":"Entered Light","floor":3,"damage_taken":0},{"event_name":"The Woman in Blue","player_choice":"Bought 0 Potions","floor":4,"damage_taken":0},{"event_name":"Liars Game","player_choice":"agreed","floor":12,"damage_taken":0}],"boss_relics":[],"potions_floor_spawned":[1],"seed_played":"-6031459864268081784","killed_by":"The Guardian","ascension_level":6,"potions_obtained":[{"floor":1,"key":"SteroidPotion"}],"is_trial":false}