{"gold_per_floor":[117,133,133,147,157,157,170,170,223,223],"floor_reached":10,"playtime":661,"items_purged":[],"score":66,"play_id":"ed3c93a9-34d7-4ff9-8e7c-1d318845ee50","local_time":"20190122174350","is_ascension_mode":true,"campfire_choices":[{"floor":6,"key":"REST"}],"neow_cost":"NONE","seed_source_timestamp":681131223747640,"circlet_count":0,"master_deck":["Survivor","Neutralize","Night Terror","Well Laid Plans","Adrenaline","Adrenaline","Expertise","Prepared","Bullet Time+1","Endless Agony","Endless Agony","Skewer","Caltrops","Dagger Spray","Infinite Blades","Predator","Noxious Fumes","Decay"],"relics":["Pandora\u0027s Box","Bag of Preparation"],"potions_floor_usage":[2],"damage_taken":[{"damage":51,"enemies":"Cultist","floor":1,"turns":7},{"damage":2,"enemies":"2 Louse","floor":2,"turns":3},{"damage":9,"enemies":"Jaw Worm","floor":4,"turns":2},{"damage":6,"enemies":"Lots of Slimes","floor":5,"turns":2},{"damage":1,"enemies":"Blue Slaver","floor":7,"turns":2},{"damage":25,"enemies":"Lagavulin","floor":10,"turns":5}],"seed_played":"-6886662360150514007","potions_obtained":[{"floor":1,"key":"EssenceOfSteel"},{"floor":4,"key":"LiquidBronze"},{"floor":5,"key":"EssenceOfSteel"}],"is_trial":false,"path_per_floor":["M","M","?","M","M","R","M","?","T","E"],"character_chosen":"THE_SILENT","items_purchased":[],"campfire_rested":1,"item_purchase_floors":[],"current_hp_per_floor":[19,17,17,8,2,23,22,22,22,0],"gold":223,"neow_bonus":"BOSS_RELIC","is_prod":false,"is_daily":false,"chose_seed":false,"campfire_upgraded":0,"win_rate":0,"timestamp":1548150230,"path_taken":["M","?","?","M","?","R","M","?","T","E"],"build_version":"2019-01-17v2","purchased_purges":0,"victory":false,"max_hp_per_floor":[70,70,70,70,70,70,70,70,70,70],"card_choices":[{"not_picked":["Expertise","Acrobatics"],"picked":"Caltrops","floor":1},{"not_picked":["Acrobatics","Endless Agony"],"picked":"Dagger Spray","floor":2},{"not_picked":["Reflex","Footwork"],"picked":"Infinite Blades","floor":4},{"not_picked":["Acrobatics","Quick Slash"],"picked":"Predator","floor":5},{"not_picked":["Acrobatics","Dagger Spray"],"picked":"Noxious Fumes","floor":7}],"player_experience":65101,"relics_obtained":[{"floor":9,"key":"Bag of Preparation"}],"event_choices":[{"damage_healed":0,"gold_gain":0,"player_choice":"Upgraded","damage_taken":0,"max_hp_gain":0,"max_hp_loss":0,"event_name":"Upgrade Shrine","floor":3,"gold_loss":0,"cards_upgraded":["Bullet Time"]},{"damage_healed":0,"gold_gain":0,"player_choice":"1 cards matched","damage_taken":0,"max_hp_gain":0,"max_hp_loss":0,"event_name":"Match and Keep!","floor":8,"gold_loss":0,"cards_obtained":["Decay"]}],"is_beta":false,"boss_relics":[],"items_purged_floors":[],"is_endless":false,"potions_floor_spawned":[1,4,5],"killed_by":"Lagavulin","ascension_level":2}