{"gold_per_floor":[118,43,19,94,94,94,106,134,189,189,216,236,236,251,251,251],"floor_reached":16,"playtime":432,"items_purged":[],"score":253,"play_id":"9b67eabc-3a4b-46ed-9354-ae0b3556382d","local_time":"20190203115949","is_ascension_mode":true,"campfire_choices":[{"data":"Bash","floor":6,"key":"SMITH"},{"data":"Searing Blow","floor":10,"key":"SMITH"},{"data":"Searing Blow+1","floor":13,"key":"SMITH"},{"data":"Searing Blow+2","floor":15,"key":"SMITH"}],"neow_cost":"NONE","seed_source_timestamp":498024619179500,"circlet_count":0,"master_deck":["AscendersBane","Strike_R","Strike_R","Strike_R","Strike_R","Defend_R","Defend_R","Defend_R","Defend_R","Bash+1","True Grit+1","Searing Blow+3"],"relics":["Burning Blood","NeowsBlessing","Blood Vial","Tiny Chest","Ornamental Fan"],"potions_floor_usage":[11,16,16],"damage_taken":[{"damage":0,"enemies":"Small Slimes","floor":1,"turns":1},{"damage":0,"enemies":"Cultist","floor":7,"turns":1},{"damage":0,"enemies":"Gremlin Nob","floor":8,"turns":1},{"damage":55,"enemies":"3 Sentries","floor":11,"turns":11},{"damage":2,"enemies":"2 Louse","floor":12,"turns":2},{"damage":7,"enemies":"Blue Slaver","floor":14,"turns":4},{"damage":38,"enemies":"The Guardian","floor":16,"turns":15}],"seed_played":"5876683917854588280","potions_obtained":[{"floor":7,"key":"Strength Potion"},{"floor":11,"key":"Dexterity Potion"},{"floor":14,"key":"EssenceOfSteel"}],"is_trial":false,"path_per_floor":["M","?","$","?","?","R","M","E","T","R","E","M","R","M","R","B"],"character_chosen":"IRONCLAD","items_purchased":["True Grit"],"campfire_rested":0,"item_purchase_floors":[3],"current_hp_per_floor":[74,74,74,63,63,63,69,75,75,75,26,32,32,33,33,0],"gold":251,"neow_bonus":"THREE_ENEMY_KILL","is_prod":false,"is_daily":false,"chose_seed":false,"campfire_upgraded":4,"win_rate":0,"timestamp":1549191589,"path_taken":["M","?","$","?","?","R","M","E","T","R","E","?","R","M","R","BOSS"],"build_version":"2019-01-23","purchased_purges":0,"victory":false,"max_hp_per_floor":[75,75,75,75,75,75,75,75,75,75,75,75,75,75,75,75],"card_choices":[{"not_picked":["Sword Boomerang","Entrench","Twin Strike"],"picked":"SKIP","floor":1},{"not_picked":["Rupture","Battle Trance"],"picked":"Searing Blow","floor":7},{"not_picked":["Warcry","Iron Wave","Sword Boomerang"],"picked":"SKIP","floor":8},{"not_picked":["Rage","Armaments","Evolve"],"picked":"SKIP","floor":11},{"not_picked":["Anger","Wild Strike","Feel No Pain"],"picked":"SKIP","floor":12},{"not_picked":["Disarm","Spot Weakness","Power Through"],"picked":"SKIP","floor":14}],"player_experience":321223,"relics_obtained":[{"floor":8,"key":"Blood Vial"},{"floor":9,"key":"Tiny Chest"},{"floor":11,"key":"Ornamental Fan"}],"event_choices":[{"cards_removed":["Strike_R"],"damage_healed":0,"gold_gain":0,"player_choice":"Card Removal","damage_taken":0,"max_hp_gain":0,"max_hp_loss":0,"event_name":"The Cleric","floor":2,"gold_loss":75},{"damage_healed":0,"gold_gain":75,"player_choice":"Gather Gold","damage_taken":11,"max_hp_gain":0,"max_hp_loss":0,"event_name":"World of Goop","floor":4,"gold_loss":0},{"damage_healed":0,"gold_gain":0,"player_choice":"Upgraded","damage_taken":0,"max_hp_gain":0,"max_hp_loss":0,"event_name":"Upgrade Shrine","floor":5,"gold_loss":0,"cards_upgraded":["True Grit"]}],"is_beta":false,"boss_relics":[],"items_purged_floors":[],"is_endless":false,"potions_floor_spawned":[7,11,14],"killed_by":"The Guardian","ascension_level":18}