{"gold_per_floor":[111,111,286,306,306,306,334,334,334,361,373,400,400,0,0,96,96,109,128,53,72,72,72,20,50,50,80,110,126,152,172,172,274,274,290,290,390,444,82,115,129,148,148,148,181,109,109,143,143,143],"floor_reached":51,"playtime":3819,"items_purged":["Strike_G","Defend_G"],"score":1149,"play_id":"2c3f52ba-0355-40f3-8839-a4c0b8a1588d","local_time":"20190214185902","is_ascension_mode":true,"campfire_choices":[{"data":"All Out Attack","floor":6,"key":"SMITH"},{"data":"Neutralize","floor":8,"key":"SMITH"},{"data":"Noxious Fumes","floor":15,"key":"SMITH"},{"data":"Burst","floor":23,"key":"SMITH"},{"data":"Footwork","floor":32,"key":"SMITH"},{"data":"Adrenaline","floor":44,"key":"SMITH"},{"data":"Footwork","floor":47,"key":"SMITH"},{"data":"Footwork","floor":49,"key":"SMITH"}],"neow_cost":"NONE","seed_source_timestamp":107090605891000,"circlet_count":0,"master_deck":["Defend_G","Defend_G","Defend_G","Defend_G","Strike_G+1","Survivor","Neutralize+1","Dagger Throw","All Out Attack+1","Poisoned Stab+1","Footwork+1","PiercingWail","Noxious Fumes+1","Burst+1","Backflip","Underhanded Strike","Die Die Die","Heel Hook","Leg Sweep","Crippling Poison","Blur","Adrenaline+1","Deadly Poison+1","Dodge and Roll+1","Footwork+1","Quick Slash+1","Backstab","Footwork+1","Footwork+1"],"relics":["Ring of the Snake","NeowsBlessing","Whetstone","Paper Crane","Pear","Bird Faced Urn","Lee\u0027s Waffle","Snecko Eye","Question Card","Mercury Hourglass","Tiny Chest","Vajra","Ninja Scroll","Busted Crown","Girya","StoneCalendar","Chemical X","Bottled Lightning","Boot","Molten Egg 2","PreservedInsect"],"potions_floor_usage":[10,16,21,25,25,33,33,33,45],"damage_taken":[{"damage":0,"enemies":"Cultist","floor":1,"turns":1},{"damage":0,"enemies":"2 Louse","floor":4,"turns":1},{"damage":0,"enemies":"Lagavulin","floor":7,"turns":1},{"damage":12,"enemies":"3 Sentries","floor":10,"turns":6},{"damage":0,"enemies":"Small Slimes","floor":11,"turns":2},{"damage":16,"enemies":"Lagavulin","floor":12,"turns":6},{"damage":13,"enemies":"Hexaghost","floor":16,"turns":9},{"damage":1,"enemies":"Shell Parasite","floor":18,"turns":5},{"damage":0,"enemies":"3 Byrds","floor":19,"turns":4},{"damage":20,"enemies":"Shelled Parasite and Fungi","floor":21,"turns":5},{"damage":24,"enemies":"Gremlin Leader","floor":25,"turns":7},{"damage":15,"enemies":"Slavers","floor":28,"turns":4},{"damage":7,"enemies":"3 Cultists","floor":29,"turns":4},{"damage":1,"enemies":"Book of Stabbing","floor":30,"turns":5},{"damage":0,"enemies":"Centurion and Healer","floor":31,"turns":5},{"damage":18,"enemies":"Automaton","floor":33,"turns":10},{"damage":0,"enemies":"3 Darklings","floor":35,"turns":3},{"damage":0,"enemies":"Mind Bloom Boss Battle","floor":37,"turns":5},{"damage":25,"enemies":"2 Orb Walkers","floor":38,"turns":5},{"damage":20,"enemies":"Giant Head","floor":40,"turns":9},{"damage":0,"enemies":"3 Shapes","floor":41,"turns":3},{"damage":16,"enemies":"Writhing Mass","floor":42,"turns":6},{"damage":17,"enemies":"Nemesis","floor":45,"turns":7},{"damage":0,"enemies":"Giant Head","floor":48,"turns":9},{"damage":14,"enemies":"Awakened One","floor":50,"turns":18}],"seed_played":"-5135081136117188673","potions_obtained":[{"floor":1,"key":"Poison Potion"},{"floor":10,"key":"Dexterity Potion"},{"floor":16,"key":"PowerPotion"},{"floor":19,"key":"Weak Potion"},{"floor":21,"key":"FearPotion"},{"floor":30,"key":"EntropicBrew"},{"floor":38,"key":"Regen Potion"},{"floor":40,"key":"FairyPotion"},{"floor":45,"key":"SteroidPotion"}],"is_trial":false,"path_per_floor":["M","?","?","M","?","R","E","R","T","E","M","E","?","$","R","B",null,"M","M","?","M","?","R","$","E","T","?","E","M","E","M","R","B",null,"M","?","?","?","$","E","M","M","T","R","E","$","R","E","R","B",null],"character_chosen":"THE_SILENT","items_purchased":["PowerPotion","Lee\u0027s Waffle","Noxious Fumes","Underhanded Strike","Chemical X","GhostInAJar","Footwork"],"campfire_rested":0,"item_purchase_floors":[14,14,14,24,39,39,46],"current_hp_per_floor":[63,56,56,56,56,56,56,56,56,54,54,38,43,92,92,81,89,91,92,92,74,74,74,74,54,54,54,43,40,43,47,47,33,77,81,81,85,64,64,50,54,44,44,44,46,46,46,54,54,50],"gold":143,"neow_bonus":"THREE_ENEMY_KILL","is_prod":false,"is_daily":false,"chose_seed":false,"campfire_upgraded":8,"win_rate":0,"timestamp":1550167142,"path_taken":["M","?","?","M","?","R","E","R","T","E","M","E","?","?","R","BOSS","M","M","?","M","?","R","?","E","T","?","E","?","E","M","R","BOSS","M","?","?","?","?","E","M","?","T","R","E","$","R","E","R","BOSS"],"build_version":"2019-01-23","purchased_purges":2,"victory":true,"max_hp_per_floor":[70,70,70,70,70,70,70,70,70,80,80,80,85,92,92,92,92,92,92,92,92,92,92,92,92,92,92,92,92,92,92,92,92,92,92,92,92,92,92,92,92,92,92,92,92,92,92,92,92,92],"card_choices":[{"not_picked":["PiercingWail","Backflip"],"picked":"Dagger Throw","floor":1},{"not_picked":["Bane","Backflip"],"picked":"All Out Attack","floor":4},{"not_picked":["PiercingWail","Storm of Steel"],"picked":"Poisoned Stab","floor":7},{"not_picked":["Caltrops","Sucker Punch"],"picked":"Footwork","floor":10},{"not_picked":["Prepared","Dagger Spray"],"picked":"PiercingWail","floor":11},{"not_picked":["Finisher","Acrobatics","Poisoned Stab"],"picked":"SKIP","floor":12},{"not_picked":["Adrenaline","Glass Knife"],"picked":"Burst","floor":16},{"not_picked":["Dagger Throw+1","Blade Dance+1","Flying Knee"],"picked":"SKIP","floor":18},{"not_picked":["Sucker Punch","Bane+1"],"picked":"Underhanded Strike","floor":19},{"not_picked":["Deflect+1","Dagger Throw"],"picked":"Backflip","floor":21},{"not_picked":["Prepared","Noxious Fumes"],"picked":"Die Die Die","floor":25},{"not_picked":["Well Laid Plans","Deflect","Dagger Spray"],"picked":"Heel Hook","floor":28},{"not_picked":["Prepared","Footwork","Underhanded Strike"],"picked":"Leg Sweep","floor":29},{"not_picked":["Reflex","Bane","Deflect"],"picked":"Crippling Poison","floor":30},{"not_picked":["Terror","Dodge and Roll","Burst"],"picked":"Blur","floor":31},{"not_picked":["Glass Knife","A Thousand Cuts","After Image"],"picked":"Adrenaline","floor":33},{"not_picked":["Setup"],"picked":"Deadly Poison+1","floor":35},{"not_picked":["Bouncing Flask"],"picked":"Dodge and Roll+1","floor":37},{"not_picked":["PiercingWail+1"],"picked":"Footwork","floor":38},{"not_picked":["Distraction"],"picked":"Quick Slash+1","floor":40},{"not_picked":["Flechettes","Accuracy+1"],"picked":"SKIP","floor":41},{"not_picked":["Masterful Stab"],"picked":"Backstab","floor":42},{"not_picked":["Bane+1","Noxious Fumes"],"picked":"SKIP","floor":45},{"not_picked":["Eviscerate+1"],"picked":"Footwork+1","floor":48}],"player_experience":409595,"relics_obtained":[{"floor":7,"key":"Whetstone"},{"floor":9,"key":"Paper Crane"},{"floor":10,"key":"Pear"},{"floor":12,"key":"Bird Faced Urn"},{"floor":25,"key":"Question Card"},{"floor":26,"key":"Mercury Hourglass"},{"floor":28,"key":"Vajra"},{"floor":30,"key":"Ninja Scroll"},{"floor":37,"key":"Girya"},{"floor":38,"key":"StoneCalendar"},{"floor":40,"key":"Bottled Lightning"},{"floor":43,"key":"Boot"},{"floor":45,"key":"Molten Egg 2"},{"floor":48,"key":"PreservedInsect"}],"event_choices":[{"cards_removed":["Strike_G"],"damage_healed":0,"gold_gain":0,"player_choice":"Card Removal","damage_taken":7,"max_hp_gain":0,"max_hp_loss":0,"event_name":"Golden Wing","floor":2,"gold_loss":0},{"damage_healed":0,"gold_gain":175,"player_choice":"AGREE","damage_taken":0,"max_hp_gain":0,"max_hp_loss":0,"event_name":"Liars Game","floor":3,"gold_loss":0,"cards_obtained":["Doubt"]},{"cards_removed":["Doubt"],"damage_healed":0,"gold_gain":0,"player_choice":"Forget","damage_taken":0,"max_hp_gain":0,"max_hp_loss":0,"event_name":"Living Wall","floor":5,"gold_loss":0},{"damage_healed":0,"gold_gain":0,"player_choice":"Donut","damage_taken":0,"max_hp_gain":5,"max_hp_loss":0,"event_name":"Big Fish","floor":13,"gold_loss":0},{"cards_removed":["Strike_G"],"damage_healed":0,"gold_gain":0,"player_choice":"Gave Gold","damage_taken":0,"max_hp_gain":0,"max_hp_loss":0,"event_name":"Beggar","floor":20,"gold_loss":75},{"cards_removed":["Strike_G"],"damage_healed":0,"gold_gain":0,"player_choice":"Elegance","damage_taken":0,"max_hp_gain":0,"max_hp_loss":0,"event_name":"Back to Basics","floor":22,"gold_loss":0},{"damage_healed":0,"gold_gain":0,"player_choice":"Opened","damage_taken":0,"relics_obtained":["Tiny Chest"],"max_hp_gain":0,"max_hp_loss":0,"event_name":"The Mausoleum","floor":27,"gold_loss":0},{"cards_removed":["Underhanded Strike"],"damage_healed":0,"gold_gain":0,"player_choice":"Removed Attack","damage_taken":0,"max_hp_gain":0,"max_hp_loss":0,"event_name":"Falling","floor":36,"gold_loss":0},{"damage_healed":0,"gold_gain":0,"player_choice":"Fight","damage_taken":0,"max_hp_gain":0,"max_hp_loss":0,"event_name":"MindBloom","floor":37,"gold_loss":0},{"damage_healed":0,"gold_gain":0,"player_choice":"Fight","damage_taken":0,"max_hp_gain":0,"max_hp_loss":0,"event_name":"Mysterious Sphere","floor":38,"gold_loss":0}],"is_beta":false,"boss_relics":[{"not_picked":["Eternal Feather","Runic Dome"],"picked":"Snecko Eye"},{"not_picked":["Velvet Choker","Coffee Dripper"],"picked":"Busted Crown"}],"items_purged_floors":[14,39],"is_endless":false,"potions_floor_spawned":[1,10,16,19,21,30,38,40,41,45],"ascension_level":6}