{"gold_per_floor":[366,58,76,95,95,122,122,156,208,219,253,253,253,253,253,351,351,376,401,421,421,421,421,421,457,539,97,172,208,229,260,260,356,356,374,374,399,399,415,415,453,467,491,150,150],"floor_reached":45,"playtime":2009,"items_purged":["Strike_R","Pain"],"score":996,"play_id":"c3b91deb-300d-4a0f-ac55-11fc8526b588","local_time":"20190129130821","is_ascension_mode":true,"campfire_choices":[{"floor":7.0,"key":"REST"},{"floor":12.0,"key":"REST"},{"floor":15.0,"key":"REST"},{"data":"Discovery","floor":23.0,"key":"SMITH"},{"data":"Demon Form","floor":32,"key":"SMITH"},{"data":"Apotheosis","floor":40,"key":"SMITH"}],"neow_cost":"PERCENT_DAMAGE","seed_source_timestamp":0,"circlet_count":0,"master_deck":["AscendersBane","Defend_R","Defend_R","Defend_R","Bash","Spot Weakness","Discovery+1","Twin Strike","Thunderclap","Feed","Feed","Power Through","Bite","Bite","Bite","Bite","Bite","Ghostly","Ghostly","Ghostly","Ghostly","Ghostly","Demon Form+1","Whirlwind","Apotheosis+1","Shame"],"special_seed":0,"relics":["Burning Blood","Happy Flower","Blue Candle","Pen Nib","Mummified Hand","Boot","Potion Belt","Golden Idol","Mercury Hourglass","Coffee Dripper","Red Skull","Ornamental Fan","ClockworkSouvenir","Question Card","WingedGreaves","Paper Frog","Cursed Key","Anchor","Strawberry","Regal Pillow","Gremlin Horn"],"potions_floor_usage":[30,45,45,45],"damage_taken":[{"damage":1.0,"enemies":"Cultist","floor":1.0,"turns":3.0},{"damage":1.0,"enemies":"Small Slimes","floor":3.0,"turns":6.0},{"damage":9.0,"enemies":"2 Louse","floor":4.0,"turns":2.0},{"damage":30.0,"enemies":"Lagavulin","floor":6.0,"turns":4.0},{"damage":35.0,"enemies":"3 Sentries","floor":8.0,"turns":7.0},{"damage":3.0,"enemies":"Blue Slaver","floor":10.0,"turns":5.0},{"damage":18.0,"enemies":"Lagavulin","floor":11.0,"turns":5.0},{"damage":42.0,"enemies":"The Guardian","floor":16.0,"turns":8.0},{"damage":0.0,"enemies":"3 Byrds","floor":18.0,"turns":4.0},{"damage":1.0,"enemies":"Spheric Guardian","floor":19.0,"turns":3.0},{"damage":37.0,"enemies":"Snake Plant","floor":20.0,"turns":4.0},{"damage":14.0,"enemies":"Book of Stabbing","floor":25.0,"turns":7.0},{"damage":24,"enemies":"Slavers","floor":29,"turns":6},{"damage":5,"enemies":"Cultist and Chosen","floor":30,"turns":6},{"damage":2,"enemies":"Book of Stabbing","floor":31,"turns":6},{"damage":35,"enemies":"Champ","floor":33,"turns":8},{"damage":16,"enemies":"Orb Walker","floor":35,"turns":3},{"damage":17,"enemies":"3 Darklings","floor":39,"turns":4},{"damage":1,"enemies":"Nemesis","floor":41,"turns":5},{"damage":17,"enemies":"Spire Growth","floor":42,"turns":3},{"damage":83,"enemies":"Giant Head","floor":45,"turns":8}],"seed_played":"-298648345419021382","potions_obtained":[{"floor":4.0,"key":"SpeedPotion"},{"floor":8.0,"key":"EssenceOfSteel"},{"floor":10.0,"key":"Ancient Potion"},{"floor":11.0,"key":"Swift Potion"},{"floor":16.0,"key":"SkillPotion"},{"floor":18.0,"key":"Explosive Potion"},{"floor":19.0,"key":"BloodPotion"},{"floor":35,"key":"GamblersBrew"},{"floor":39,"key":"Energy Potion"},{"floor":41,"key":"Explosive Potion"}],"is_trial":false,"path_per_floor":["M","$","M","M","?","E","R","E","T","M","E","R","?","T","R","B",null,"M","M","M","?","?","R","?","E","T","$","?","E","M","E","R","B",null,"M","?","T","T","M","R","E","M","T","$","E"],"character_chosen":"IRONCLAD","items_purchased":["Discovery","Happy Flower","ClockworkSouvenir","Question Card","Gremlin Horn"],"campfire_rested":3,"item_purchase_floors":[2,2,27,27,44],"current_hp_per_floor":[55,55,60,57,45,21,43,17,17,20,11,35,35,35,57,21,62,71,79,48,48,28,28,28,22,22,22,20,17,34,34,34,16,30,24,14,14,14,15,15,37,39,39,39,0],"gold":150,"neow_bonus":"TWO_FIFTY_GOLD","is_prod":false,"is_daily":false,"chose_seed":false,"campfire_upgraded":3,"win_rate":0,"timestamp":1548763701,"path_taken":["M","$","?","M","?","E","R","E","T","M","E","R","?","?","R","BOSS","M","M","M","?","?","R","?","E","T","$","?","E","?","E","R","BOSS","M","?","?","?","?","R","E","M","T","$","E"],"build_version":"2019-01-23","purchased_purges":2,"victory":false,"max_hp_per_floor":[75,75,75,75,75,75,75,78,78,78,81,81,75,75,75,75,75,78,81,81,56,28,28,28,28,28,28,28,31,34,34,34,34,34,34,34,34,34,34,34,41,45,45,45,45],"card_choices":[{"not_picked":["Cleave","Iron Wave"],"picked":"Spot Weakness","floor":1.0},{"not_picked":["Rage","Rampage"],"picked":"Twin Strike","floor":3.0},{"not_picked":["Sentinel","Wild Strike"],"picked":"Thunderclap","floor":4.0},{"not_picked":["Flex","Warcry"],"picked":"Feed","floor":6.0},{"not_picked":["Sword Boomerang","Armaments","Seeing Red"],"picked":"SKIP","floor":8.0},{"not_picked":["Armaments","Body Slam","Ghostly Armor"],"picked":"SKIP","floor":10.0},{"not_picked":["Entrench","Berserk","Headbutt"],"picked":"SKIP","floor":11.0},{"not_picked":["Berserk","Exhume"],"picked":"Feed","floor":16.0},{"not_picked":["Combust","Entrench+1","Body Slam"],"picked":"SKIP","floor":18.0},{"not_picked":["Sword Boomerang","Dual Wield"],"picked":"Power Through","floor":19.0},{"not_picked":["Warcry","Headbutt","Pummel"],"picked":"SKIP","floor":20.0},{"not_picked":["Rampage","Twin Strike"],"picked":"Demon Form","floor":25.0},{"not_picked":["Heavy Blade","Rampage","Berserk","True Grit"],"picked":"SKIP","floor":29},{"not_picked":["Sentinel","Iron Wave","Ghostly Armor+1","Dual Wield"],"picked":"SKIP","floor":30},{"not_picked":["Clothesline","Anger","Rupture+1"],"picked":"Whirlwind","floor":31},{"not_picked":["Perfected Strike","Pommel Strike","Ghostly Armor","Anger"],"picked":"SKIP","floor":35},{"not_picked":["Violence","Deep Breath","Dark Shackles"],"picked":"Apotheosis","floor":36},{"not_picked":["Warcry","Inflame","Anger","Blood for Blood"],"picked":"SKIP","floor":39},{"not_picked":["Rage","Juggernaut","Fiend Fire","Cleave+1"],"picked":"SKIP","floor":41},{"not_picked":["Searing Blow","Cleave","Shrug It Off","Armaments"],"picked":"SKIP","floor":42}],"player_experience":269181,"relics_obtained":[{"floor":6.0,"key":"Pen Nib"},{"floor":8.0,"key":"Mummified Hand"},{"floor":9.0,"key":"Boot"},{"floor":11.0,"key":"Potion Belt"},{"floor":14.0,"key":"Mercury Hourglass"},{"floor":25.0,"key":"Red Skull"},{"floor":26.0,"key":"Ornamental Fan"},{"floor":29,"key":"WingedGreaves"},{"floor":31,"key":"Paper Frog"},{"floor":37,"key":"Anchor"},{"floor":41,"key":"Strawberry"},{"floor":43,"key":"Regal Pillow"}],"event_choices":[{"damage_healed":0.0,"max_hp_gain":0.0,"max_hp_loss":0.0,"gold_gain":0.0,"event_name":"Scrap Ooze","player_choice":"Success","floor":5.0,"gold_loss":0.0,"damage_taken":12.0,"relics_obtained":["Blue Candle"]},{"damage_healed":0.0,"max_hp_gain":0.0,"max_hp_loss":6.0,"gold_gain":0.0,"event_name":"Golden Idol","player_choice":"Lose Max HP","floor":13.0,"gold_loss":0.0,"damage_taken":0.0,"relics_obtained":["Golden Idol"]},{"damage_healed":0.0,"max_hp_gain":0.0,"max_hp_loss":25.0,"gold_gain":0.0,"event_name":"Vampires","player_choice":"Became a vampire","floor":21.0,"gold_loss":0.0,"damage_taken":0.0,"cards_obtained":["Bite","Bite","Bite","Bite","Bite"]},{"damage_healed":0.0,"max_hp_gain":0.0,"max_hp_loss":28.0,"gold_gain":0.0,"event_name":"Ghosts","player_choice":"Became a Ghost","floor":22.0,"gold_loss":0.0,"damage_taken":0.0,"cards_obtained":["Ghostly","Ghostly","Ghostly","Ghostly","Ghostly"]},{"cards_removed":["Defend_R"],"damage_healed":0.0,"max_hp_gain":0.0,"max_hp_loss":0.0,"gold_gain":0.0,"event_name":"Back to Basics","player_choice":"Elegance","floor":24.0,"gold_loss":0.0,"damage_taken":0.0},{"damage_healed":0,"gold_gain":75,"player_choice":"Touch","damage_taken":2,"max_hp_gain":0,"max_hp_loss":0,"event_name":"FaceTrader","floor":28,"gold_loss":0},{"damage_healed":0,"gold_gain":0,"player_choice":"Memory 3","damage_taken":10,"max_hp_gain":0,"max_hp_loss":0,"event_name":"SensoryStone","floor":36,"gold_loss":0}],"is_beta":false,"boss_relics":[{"not_picked":["Empty Cage","Astrolabe"],"picked":"Coffee Dripper"},{"not_picked":["Runic Pyramid","Eternal Feather"],"picked":"Cursed Key"}],"items_purged_floors":[2,44],"is_endless":false,"potions_floor_spawned":[4,8,10,11,16,18,19,35,39,41],"killed_by":"Giant Head","ascension_level":14}