{"gold_per_floor":[109,123,123,143,163,163,197,197,222,240,273,285,285,315,315,412,412,422,522,536,551,551,580,209,236,308,318,350,369,394,407,407,407],"floor_reached":33,"playtime":1954,"items_purged":["Strike_G"],"score":530,"play_id":"e30a9d9c-86bb-4e6f-810d-7b460cb43a15","local_time":"20190214155722","is_ascension_mode":true,"campfire_choices":[{"data":"Skewer","floor":6,"key":"SMITH"},{"data":"Die Die Die","floor":8,"key":"SMITH"},{"data":"Doppelganger","floor":13,"key":"SMITH"},{"data":"Footwork","floor":15,"key":"SMITH"},{"data":"Malaise","floor":32,"key":"SMITH"}],"neow_cost":"NONE","seed_source_timestamp":98063720078300,"circlet_count":0,"master_deck":["Defend_G","Defend_G","Defend_G","Defend_G","Defend_G","Strike_G","Strike_G","Strike_G","Strike_G","Survivor","Neutralize","Quick Slash","Skewer+1","Die Die Die+1","Dagger Throw","Doppelganger+1","Footwork+1","Dodge and Roll","Night Terror","Underhanded Strike+1","Crippling Poison","Acrobatics","Caltrops+1","Malaise+1","Dash","Night Terror","Bouncing Flask","Crippling Poison","Underhanded Strike","Storm of Steel","Footwork+1"],"relics":["Sozu","Potion Belt","PreservedInsect","Bag of Preparation","Pocketwatch","Anchor","Snecko Eye","Tough Bandages","Question Card","Mummified Hand","Girya","Paper Crane","Letter Opener","Matryoshka","Bottled Tornado","Snake Skull"],"potions_floor_usage":[],"damage_taken":[{"damage":0,"enemies":"Small Slimes","floor":1,"turns":4},{"damage":0,"enemies":"Cultist","floor":2,"turns":4},{"damage":0,"enemies":"2 Louse","floor":4,"turns":3},{"damage":2,"enemies":"Exordium Wildlife","floor":5,"turns":5},{"damage":22,"enemies":"Lagavulin","floor":7,"turns":6},{"damage":5,"enemies":"Exordium Thugs","floor":10,"turns":3},{"damage":7,"enemies":"Gremlin Nob","floor":11,"turns":3},{"damage":3,"enemies":"Looter","floor":12,"turns":2},{"damage":0,"enemies":"3 Sentries","floor":14,"turns":3},{"damage":18,"enemies":"Slime Boss","floor":16,"turns":7},{"damage":11,"enemies":"Spheric Guardian","floor":18,"turns":3},{"damage":5,"enemies":"Colosseum Slavers","floor":19,"turns":3},{"damage":0,"enemies":"Colosseum Nobs","floor":19,"turns":2},{"damage":0,"enemies":"3 Byrds","floor":20,"turns":2},{"damage":0,"enemies":"Snake Plant","floor":21,"turns":4},{"damage":15,"enemies":"Book of Stabbing","floor":23,"turns":4},{"damage":1,"enemies":"Slavers","floor":25,"turns":4},{"damage":0,"enemies":"3 Cultists","floor":27,"turns":3},{"damage":0,"enemies":"Book of Stabbing","floor":28,"turns":3},{"damage":0,"enemies":"Snecko","floor":29,"turns":4},{"damage":0,"enemies":"Gremlin Leader","floor":30,"turns":5},{"damage":0,"enemies":"Chosen and Byrds","floor":31,"turns":3},{"damage":25,"enemies":"Automaton","floor":33,"turns":10}],"seed_played":"-6800216294673390291","potions_obtained":[],"is_trial":false,"path_per_floor":["M","M","?","M","M","R","E","R","T","M","E","M","R","E","R","B",null,"M","?","M","M","?","E","$","E","T","M","E","M","E","M","R","B"],"character_chosen":"THE_SILENT","items_purchased":["Paper Crane","Dash"],"campfire_rested":0,"item_purchase_floors":[24,24],"current_hp_per_floor":[70,70,70,70,68,68,46,46,46,41,34,31,31,31,31,13,56,45,40,40,40,40,25,25,24,24,24,24,24,24,24,24,0],"gold":407,"neow_bonus":"BOSS_RELIC","is_prod":false,"is_daily":false,"chose_seed":false,"campfire_upgraded":5,"win_rate":0,"timestamp":1550156242,"path_taken":["M","M","?","?","M","R","E","R","T","M","E","M","R","E","R","BOSS","M","?","M","M","?","E","$","E","T","M","E","M","E","M","R","BOSS"],"build_version":"2019-01-23","purchased_purges":1,"victory":false,"max_hp_per_floor":[70,70,70,70,70,70,70,70,70,70,70,70,70,70,70,70,70,70,70,70,70,70,70,70,70,70,70,70,70,70,70,70,70],"card_choices":[{"not_picked":["Expertise","Slice"],"picked":"Backflip","floor":1},{"not_picked":["Blade Dance","Sucker Punch","Terror"],"picked":"SKIP","floor":2},{"not_picked":["Accuracy","Flying Knee"],"picked":"Quick Slash","floor":4},{"not_picked":["Sucker Punch","Dodge and Roll"],"picked":"Skewer","floor":5},{"not_picked":["Predator","Acrobatics"],"picked":"Die Die Die","floor":7},{"not_picked":["Concentrate","Dagger Spray"],"picked":"Dagger Throw","floor":10},{"not_picked":["Outmaneuver","Tactician"],"picked":"Doppelganger","floor":11},{"not_picked":["Poisoned Stab","Caltrops"],"picked":"Footwork","floor":12},{"not_picked":["A Thousand Cuts","Outmaneuver"],"picked":"Dodge and Roll","floor":14},{"not_picked":["Unload","A Thousand Cuts"],"picked":"Night Terror","floor":16},{"not_picked":["Dagger Throw+1","Flying Knee"],"picked":"Underhanded Strike+1","floor":18},{"not_picked":["Infinite Blades","Sucker Punch"],"picked":"Crippling Poison","floor":19},{"not_picked":["Venomology","Slice+1","Caltrops"],"picked":"Acrobatics","floor":20},{"not_picked":["Terror","Dagger Spray","Finisher"],"picked":"Caltrops+1","floor":21},{"not_picked":["Underhanded Strike","Outmaneuver+1","Well Laid Plans+1"],"picked":"Malaise","floor":23},{"not_picked":["Endless Agony+1","Dash+1","Skewer"],"picked":"Night Terror","floor":25},{"not_picked":["Eviscerate+1","Flying Knee","Outmaneuver"],"picked":"Bouncing Flask","floor":27},{"not_picked":["Cloak And Dagger","Poisoned Stab","Deflect"],"picked":"Crippling Poison","floor":28},{"not_picked":["Dagger Spray","Catalyst","Well Laid Plans"],"picked":"Underhanded Strike","floor":29},{"not_picked":["Choke+1","Deflect+1","Poisoned Stab+1"],"picked":"Storm of Steel","floor":30},{"not_picked":["Acrobatics","Accuracy","Backflip"],"picked":"Footwork+1","floor":31}],"player_experience":403880,"relics_obtained":[{"floor":7,"key":"PreservedInsect"},{"floor":9,"key":"Bag of Preparation"},{"floor":11,"key":"Pocketwatch"},{"floor":14,"key":"Anchor"},{"floor":19,"key":"Tough Bandages"},{"floor":19,"key":"Question Card"},{"floor":22,"key":"Mummified Hand"},{"floor":23,"key":"Girya"},{"floor":25,"key":"Letter Opener"},{"floor":26,"key":"Matryoshka"},{"floor":28,"key":"Bottled Tornado"},{"floor":30,"key":"Snake Skull"}],"event_choices":[{"cards_removed":["Backflip"],"damage_healed":0,"gold_gain":0,"player_choice":"Gave Card","damage_taken":0,"relics_obtained":["Potion Belt"],"max_hp_gain":0,"max_hp_loss":0,"event_name":"WeMeetAgain","floor":3,"gold_loss":0},{"damage_healed":0,"gold_gain":0,"player_choice":"Fight","damage_taken":0,"max_hp_gain":0,"max_hp_loss":0,"event_name":"Colosseum","floor":19,"gold_loss":0},{"damage_healed":0,"gold_gain":0,"player_choice":"Fought Nobs","damage_taken":0,"max_hp_gain":0,"max_hp_loss":0,"event_name":"Colosseum","floor":19,"gold_loss":0},{"damage_healed":0,"gold_gain":0,"player_choice":"Relic","damage_taken":0,"max_hp_gain":0,"max_hp_loss":0,"event_name":"Wheel of Change","floor":22,"gold_loss":0}],"is_beta":false,"boss_relics":[{"not_picked":["Lizard Tail","HoveringKite"],"picked":"Snecko Eye"}],"items_purged_floors":[24],"is_endless":false,"potions_floor_spawned":[1,7,11,14,16,19,21,23,25,27,29],"killed_by":"Automaton","ascension_level":5}