{"gold_per_floor":[119,119,119,4,23,62,62,102,102,142,142,161,136,64,64,184,184,172,186,209,409,434,434],"floor_reached":23,"playtime":1657,"items_purged":[],"score":311,"play_id":"2e40564f-92e7-4224-bc1b-ced577eb8cd0","local_time":"20190102235607","is_ascension_mode":true,"campfire_choices":[{"floor":7,"key":"REST"},{"floor":15,"key":"REST"}],"neow_cost":"PERCENT_DAMAGE","seed_source_timestamp":112004562638301,"circlet_count":0,"master_deck":["Defend_G","Defend_G","Defend_G","Defend_G","Defend_G","Strike_G","Strike_G","Strike_G","Strike_G","Survivor+1","Neutralize+1","Catalyst","Infinite Blades","Bouncing Flask","Burst","Catalyst","Footwork","Backflip","Footwork","Malaise","Catalyst","Escape Plan","Deflect+1"],"relics":["Ring of the Snake","Golden Idol","Ice Cream","Darkstone Periapt","Kunai","Orichalcum","Fusion Hammer"],"potions_floor_usage":[8,10,23,23,23,23,23,23],"damage_taken":[{"damage":0,"enemies":"2 Louse","floor":1,"turns":3},{"damage":0,"enemies":"Small Slimes","floor":5,"turns":4},{"damage":12,"enemies":"Gremlin Nob","floor":6,"turns":4},{"damage":16,"enemies":"Lagavulin","floor":8,"turns":6},{"damage":29,"enemies":"3 Sentries","floor":10,"turns":10},{"damage":0,"enemies":"Cultist","floor":12,"turns":4},{"damage":0,"enemies":"Hexaghost","floor":16,"turns":8},{"damage":1,"enemies":"2 Thieves","floor":18,"turns":5},{"damage":0,"enemies":"Chosen","floor":19,"turns":6},{"damage":62,"enemies":"3 Cultists","floor":20,"turns":9},{"damage":6,"enemies":"Snake Plant","floor":22,"turns":6},{"damage":35,"enemies":"Slavers","floor":23,"turns":7}],"seed_played":"1997286460520304882","potions_obtained":[{"floor":6,"key":"SkillPotion"},{"floor":8,"key":"Regen Potion"},{"floor":10,"key":"Swift Potion"},{"floor":20,"key":"EntropicBrew"},{"floor":22,"key":"SkillPotion"}],"is_trial":false,"path_per_floor":["M","?","?","$","M","E","R","E","T","E","?","M","?","$","R","B",null,"M","M","M","?","M","E"],"character_chosen":"THE_SILENT","items_purchased":["Catalyst","Infinite Blades","Footwork"],"campfire_rested":2,"item_purchase_floors":[4,4,14],"current_hp_per_floor":[63,42,25,25,25,13,38,22,22,8,8,8,8,8,33,33,84,83,83,21,21,15,0],"gold":434,"neow_bonus":"TWENTY_PERCENT_HP_BONUS","is_prod":false,"is_daily":false,"chose_seed":false,"campfire_upgraded":0,"win_rate":0,"timestamp":1546466167,"path_taken":["M","?","?","$","M","E","R","E","T","E","?","M","?","$","R","BOSS","M","M","M","?","M","E"],"build_version":"2018-12-20","purchased_purges":0,"victory":false,"max_hp_per_floor":[84,84,84,84,84,84,84,84,84,84,84,84,84,84,84,84,84,84,84,84,84,84,84],"card_choices":[{"not_picked":["Dodge and Roll","Poisoned Stab","Heel Hook"],"picked":"SKIP","floor":1},{"not_picked":["Cloak And Dagger","Dodge and Roll"],"picked":"Bouncing Flask","floor":5},{"not_picked":["Flying Knee","Acrobatics"],"picked":"Burst","floor":6},{"not_picked":["Backflip","Crippling Poison"],"picked":"Catalyst","floor":8},{"not_picked":["Skewer","Masterful Stab"],"picked":"Footwork","floor":10},{"not_picked":["Sucker Punch","Well Laid Plans"],"picked":"Backflip","floor":12},{"not_picked":["Venomology","Grand Finale"],"picked":"Malaise","floor":16},{"not_picked":["Flying Knee","Dagger Throw"],"picked":"Catalyst","floor":18},{"not_picked":["Heel Hook","Sucker Punch+1"],"picked":"Escape Plan","floor":19},{"not_picked":["Endless Agony","Deflect","Tactician+1"],"picked":"SKIP","floor":20},{"not_picked":["Crippling Poison","Deadly Poison"],"picked":"Deflect+1","floor":22}],"player_experience":47738,"relics_obtained":[{"floor":6,"key":"Ice Cream"},{"floor":8,"key":"Darkstone Periapt"},{"floor":9,"key":"Kunai"},{"floor":10,"key":"Orichalcum"}],"event_choices":[{"damage_healed":0,"gold_gain":0,"player_choice":"Take Damage","damage_taken":21,"relics_obtained":["Golden Idol"],"max_hp_gain":0,"max_hp_loss":0,"event_name":"Golden Idol","floor":2,"gold_loss":0},{"damage_healed":0,"gold_gain":0,"player_choice":"Entered Light","damage_taken":17,"max_hp_gain":0,"max_hp_loss":0,"event_name":"Shining Light","floor":3,"gold_loss":0,"cards_upgraded":["Neutralize","Survivor"]},{"cards_removed":["Strike_G"],"damage_healed":0,"gold_gain":0,"player_choice":"Forget","damage_taken":0,"max_hp_gain":0,"max_hp_loss":0,"event_name":"Living Wall","floor":11,"gold_loss":0},{"damage_healed":0,"gold_gain":0,"player_choice":"Left Gold","damage_taken":0,"max_hp_gain":0,"max_hp_loss":0,"event_name":"World of Goop","floor":13,"gold_loss":25},{"damage_healed":0,"gold_gain":250,"player_choice":"Bet on Owner","damage_taken":0,"max_hp_gain":0,"max_hp_loss":0,"event_name":"The Joust","floor":21,"gold_loss":50}],"is_beta":false,"boss_relics":[{"not_picked":["Coffee Dripper","Lizard Tail"],"picked":"Fusion Hammer"}],"items_purged_floors":[],"is_endless":false,"potions_floor_spawned":[6,8,10,20,22],"killed_by":"Slavers","ascension_level":4}