{"path_per_floor":["M","?","$","M","M","R","E","R","T","M","?","E","M","M","R","B",null,"M","$","M","$","M","R","?","M","T","E","?","R","M","M","R","B",null,"M","$","M","?","M"],"character_chosen":"THE_SILENT","items_purchased":["Slice","Oddly Smooth Stone","Ninja Scroll","Flying Knee","Apotheosis"],"gold_per_floor":[216,216,38,57,69,69,103,103,103,113,168,197,209,222,222,322,322,335,78,92,69,89,89,89,104,104,137,137,137,147,160,160,265,265,280,82,94,54,71],"floor_reached":40,"campfire_rested":5,"playtime":3016,"current_hp_per_floor":[68,68,68,68,61,61,44,65,65,57,33,38,33,33,69,35,70,52,52,41,41,23,59,59,51,51,4,4,40,38,29,65,54,70,32,32,28,28,24],"items_purged":[],"gold":71,"play_id":"d07a6f55-ea60-435e-aeeb-c54a8792aad8","is_prod":false,"is_daily":false,"campfire_rituals":0,"campfire_upgraded":1,"is_hardmode":false,"path_taken":["M","?","$","?","M","R","E","R","T","?","?","E","M","?","R","BOSS","M","$","?","$","?","R","?","M","T","E","?","R","M","M","R","BOSS","M","$","M","?","M","E"],"build_version":"2018-01-11-PROD1","purchased_purges":0,"victory":false,"master_deck":["Neutralize","Flying Knee","Slice","Well Laid Plans","Cloak And Dagger","Quick Slash","Accuracy","Quick Slash","Prepared","Bullet Time","Envenom","Well Laid Plans","Terror","Deflect","Flying Knee","PiercingWail","Backflip","Deadly Poison","Backflip","Backflip","Bouncing Flask","Sucker Punch","Catalyst","Flying Knee","Outmaneuver","Endless Agony","Endless Agony","Infinite Blades","Dagger Spray","Outmaneuver","Backstab","Tools of the Trade","Choke","Underhanded Strike","Wraith Form","Catalyst","Apotheosis","Riddle With Holes","Catalyst"],"max_hp_per_floor":[70,70,70,70,70,70,70,70,70,70,70,70,70,70,70,70,70,70,70,70,70,70,70,70,70,70,70,70,70,70,70,70,70,70,70,70,70,70,70],"relics":["Ring of the Snake","Oddly Smooth Stone","Shuriken","Dream Catcher","Peace Pipe","Regal Pillow","Pandora\u0027s Box","Ninja Scroll","Pantograph","Prayer Wheel","Orichalcum","Astrolabe"],"campfire_meditates":0,"card_choices":[{"not_picked":["Acrobatics","Dodge and Roll"],"picked":"Flying Knee"},{"not_picked":["PiercingWail","Flechettes"],"picked":"Well Laid Plans"},{"not_picked":["Dash","Bane"],"picked":"Cloak And Dagger"},{"not_picked":["Outmaneuver","Crippling Poison"],"picked":"Prepared"},{"not_picked":["Reflex","Sucker Punch"],"picked":"Cloak And Dagger"},{"not_picked":["Night Terror","Catalyst"],"picked":"Quick Slash"},{"not_picked":["Outmaneuver","Flying Knee"],"picked":"Accuracy"},{"not_picked":["Catalyst","Dodge and Roll"],"picked":"Quick Slash"},{"not_picked":["Flechettes","Concentrate"],"picked":"Prepared"},{"not_picked":["Dash","Eviscerate"],"picked":"Bullet Time"},{"not_picked":["Tactician","Wraith Form"],"picked":"Envenom"},{"not_picked":["Dagger Throw","Eviscerate"],"picked":"Sucker Punch"},{"not_picked":["Deadly Poison","Prepared"],"picked":"Catalyst"},{"not_picked":["Dodge and Roll","Quick Slash"],"picked":"Outmaneuver"},{"not_picked":["Accuracy","Distraction"],"picked":"Endless Agony"},{"not_picked":["Calculated Gamble","After Image"],"picked":"Endless Agony"},{"not_picked":["Underhanded Strike","Poisoned Stab"],"picked":"Infinite Blades"},{"not_picked":["Cloak And Dagger","Acrobatics"],"picked":"Dagger Spray"},{"not_picked":["Underhanded Strike","Slice"],"picked":"Outmaneuver"},{"not_picked":["Caltrops","Envenom"],"picked":"Backstab"},{"not_picked":["Die Die Die","Venomology"],"picked":"Tools of the Trade"},{"not_picked":["Flying Knee","Backflip"],"picked":"Catalyst"},{"not_picked":["Dagger Spray","Dash"],"picked":"Riddle With Holes"},{"not_picked":["Concentrate","Acrobatics"],"picked":"Catalyst"}],"player_experience":120952,"potions_floor_usage":[12,16,27,30,31,40,40,40],"damage_taken":[{"damage":2,"enemies":"Small Slimes","floor":1,"turns":4},{"damage":0,"enemies":"Cultist","floor":4,"turns":3},{"damage":7,"enemies":"Blue Slaver","floor":5,"turns":4},{"damage":17,"enemies":"Gremlin Nob","floor":7,"turns":5},{"damage":8,"enemies":"Gremlin Gang","floor":10,"turns":4},{"damage":24,"enemies":"Lagavulin Event","floor":11,"turns":6},{"damage":7,"enemies":"Lagavulin","floor":12,"turns":5},{"damage":5,"enemies":"3 Louse","floor":13,"turns":2},{"damage":0,"enemies":"2 Fungi Beasts","floor":14,"turns":3},{"damage":34,"enemies":"Hexaghost","floor":16,"turns":8},{"damage":18,"enemies":"3 Byrds","floor":18,"turns":6},{"damage":11,"enemies":"Chosen","floor":20,"turns":4},{"damage":18,"enemies":"Snecko","floor":22,"turns":4},{"damage":8,"enemies":"Centurion and Healer","floor":25,"turns":5},{"damage":47,"enemies":"Slavers","floor":27,"turns":5},{"damage":2,"enemies":"3 Cultists","floor":30,"turns":5},{"damage":9,"enemies":"Slaver and Parasite","floor":31,"turns":4},{"damage":16,"enemies":"Collector","floor":33,"turns":8},{"damage":38,"enemies":"3 Shapes","floor":35,"turns":5},{"damage":4,"enemies":"Orb Walker","floor":37,"turns":2},{"damage":4,"enemies":"4 Shapes","floor":39,"turns":6},{"damage":27,"enemies":"Nemesis","floor":40,"turns":6}],"event_choices":[{"event_name":"The Cleric","player_choice":"Leave","floor":2,"damage_taken":0},{"event_name":"Dead Adventurer","player_choice":"Searched \u00271\u0027 times","floor":11,"damage_taken":0},{"event_name":"Vampires","player_choice":"Ignored","floor":24,"damage_taken":0},{"event_name":"The Mausoleum","player_choice":"Yes","floor":28,"damage_taken":0},{"event_name":"The Woman in Blue","player_choice":"Bought 3 Potions","floor":38,"damage_taken":0}],"boss_relics":[{"not_picked":["The Specimen","Calling Bell"],"picked":"Pandora\u0027s Box"},{"not_picked":["Philosopher\u0027s Stone","White Beast Statue"],"picked":"Astrolabe"}],"potions_floor_spawned":[5,7,13,14,16,20,22,25,35,37],"seed_played":"-2313797082924188960","killed_by":"Nemesis","is_trial":false}