{"path_per_floor":["M","M","M","?","?","R","?","M","T","R","E","M","M","M","R","B",null,"M","$","?","?","$"],"character_chosen":"THE_SILENT","items_purchased":["Outmaneuver","Predator","Juzu Bracelet","Lantern"],"gold_per_floor":[111,125,143,218,218,218,218,235,235,235,267,283,300,311,311,406,406,422,163,163,163,11],"floor_reached":23,"campfire_rested":1,"playtime":2477,"current_hp_per_floor":[68,68,64,53,53,53,53,53,53,53,35,26,26,17,38,11,70,42,42,26,49,49],"items_purged":[],"gold":11,"play_id":"3b9a48a8-cdcb-4279-908e-f6df6bf638b0","is_prod":false,"is_daily":false,"campfire_rituals":0,"campfire_upgraded":2,"is_hardmode":false,"path_taken":["M","?","M","?","?","R","?","M","T","R","E","M","?","M","R","BOSS","M","$","?","?","?","E"],"build_version":"2018-01-11-PROD1","purchased_purges":0,"victory":false,"master_deck":["Defend_G","Defend_G","Defend_G","Defend_G","Defend_G","Strike_G","Strike_G","Strike_G","Strike_G","Strike_G","Survivor","Neutralize","Sucker Punch","Quick Slash","Predator","Neutralize","Regret","Sucker Punch","Footwork","Terror","Backstab","Distraction","Phantasmal Killer","Dagger Throw","Outmaneuver","Predator"],"max_hp_per_floor":[70,70,70,70,70,70,70,70,70,70,70,70,70,70,70,70,70,70,70,70,70,70],"relics":["Philosopher\u0027s Stone","Kunai","Sundial","Toolbox","Question Card","Juzu Bracelet","Nilry\u0027s Codex","Lantern"],"campfire_meditates":0,"card_choices":[{"not_picked":["Dodge and Roll","Crippling Poison"],"picked":"Sucker Punch"},{"not_picked":["Dagger Spray","Dash"],"picked":"Quick Slash"},{"not_picked":["Deadly Poison","Deflect"],"picked":"Predator"},{"not_picked":["Malaise","Bane"],"picked":"Sucker Punch"},{"not_picked":["Backflip","Choke"],"picked":"Footwork"},{"not_picked":["Catalyst","Sucker Punch"],"picked":"Terror"},{"not_picked":["Prepared","Well Laid Plans"],"picked":"Backstab"},{"not_picked":["All Out Attack","Caltrops"],"picked":"Distraction"},{"not_picked":["Bullet Time","Glass Knife"],"picked":"Phantasmal Killer"},{"not_picked":["Poisoned Stab","Prepared","Acrobatics"],"picked":"Dagger Throw"}],"player_experience":3974,"potions_floor_usage":[],"damage_taken":[{"damage":2,"enemies":"Blue Slaver","floor":1,"turns":5},{"damage":0,"enemies":"Small Slimes","floor":2,"turns":3},{"damage":4,"enemies":"2 Louse","floor":3,"turns":3},{"damage":0,"enemies":"Looter","floor":8,"turns":2},{"damage":18,"enemies":"3 Sentries","floor":11,"turns":7},{"damage":9,"enemies":"Gremlin Gang","floor":12,"turns":4},{"damage":0,"enemies":"2 Fungi Beasts","floor":13,"turns":2},{"damage":9,"enemies":"Looter","floor":14,"turns":2},{"damage":27,"enemies":"Slime Boss","floor":16,"turns":14},{"damage":28,"enemies":"Shell Parasite","floor":18,"turns":5},{"damage":51,"enemies":"Gremlin Leader","floor":23,"turns":6}],"event_choices":[{"event_name":"World of Goop","player_choice":"Gather Gold","floor":4,"damage_taken":0},{"event_name":"Match and Keep!","player_choice":"1 cards matched","floor":5,"damage_taken":0},{"event_name":"Big Fish","player_choice":"Box","floor":7,"damage_taken":0},{"event_name":"Cursed Tome","player_choice":"Obtained Book","floor":20,"damage_taken":0},{"event_name":"The Library","player_choice":"Heal","floor":21,"damage_taken":0}],"boss_relics":[{"not_picked":["Ectoplasm","Velvet Choker"],"picked":"Question Card"}],"potions_floor_spawned":[3,11,12,14],"seed_played":"-6127212735820318657","killed_by":"Gremlin Leader","is_trial":false}