{"gold_per_floor":[114,214,234,248,230,255,255,58,82,82,82,93,119,119,119,219,219,231,243,66,83,33,33,53,79,105,105],"floor_reached":27,"playtime":2368,"items_purged":[],"score":281,"play_id":"67ba7ead-24d9-44ea-b31d-e6a9cf051a71","local_time":"20181024234219","is_ascension_mode":true,"campfire_choices":[{"floor":7,"key":"REST"},{"data":"Crippling Poison","floor":10,"key":"SMITH"},{"floor":15,"key":"REST"},{"floor":23,"key":"REST"}],"neow_cost":"NONE","seed_source_timestamp":177545123675830,"circlet_count":0,"master_deck":["Defend_G","Defend_G","Defend_G","Strike_G+1","Strike_G","Strike_G","Strike_G","Survivor","Neutralize","Quick Slash","Dagger Spray","Crippling Poison+1","Backstab+1","PiercingWail","Malaise","Night Terror","Phantasmal Killer","Riddle With Holes+1","All Out Attack+1","Calculated Gamble+1","Underhanded Strike","Sucker Punch+1","Dagger Throw","Dagger Throw","Flying Knee","Underhanded Strike","Outmaneuver","Well Laid Plans"],"relics":["Ring of the Snake","NeowsBlessing","Omamori","Toolbox","Art of War","Whetstone","Prayer Wheel","Astrolabe","Strawberry","Oddly Smooth Stone","Blood Vial"],"potions_floor_usage":[6,16,24,25,25,27],"damage_taken":[{"damage":0,"enemies":"2 Louse","floor":1,"turns":1},{"damage":0,"enemies":"Cultist","floor":3,"turns":1},{"damage":0,"enemies":"Jaw Worm","floor":4,"turns":1},{"damage":16,"enemies":"Exordium Thugs","floor":5,"turns":4},{"damage":11,"enemies":"3 Sentries","floor":6,"turns":7},{"damage":4,"enemies":"3 Louse","floor":12,"turns":2},{"damage":23,"enemies":"Gremlin Nob","floor":13,"turns":5},{"damage":6,"enemies":"The Guardian","floor":16,"turns":16},{"damage":7,"enemies":"Shell Parasite","floor":18,"turns":3},{"damage":14,"enemies":"Chosen","floor":19,"turns":5},{"damage":26,"enemies":"Centurion and Healer","floor":21,"turns":4},{"damage":24,"enemies":"Snake Plant","floor":24,"turns":8},{"damage":0,"enemies":"Gremlin Leader","floor":25,"turns":7},{"damage":46,"enemies":"Sentry and Sphere","floor":27,"turns":7}],"seed_played":"-5388497634368619736","potions_obtained":[{"floor":3,"key":"Poison Potion"},{"floor":5,"key":"AttackPotion"},{"floor":6,"key":"Explosive Potion"},{"floor":12,"key":"SkillPotion"},{"floor":21,"key":"Dexterity Potion"},{"floor":25,"key":"Regen Potion"}],"is_trial":false,"path_per_floor":["M","?","M","M","M","E","R","$","T","R","$","M","E","T","R","B",null,"M","M","$","M","?","R","M","E","T"],"character_chosen":"THE_SILENT","items_purchased":["Toolbox","Strawberry","Flying Knee"],"campfire_rested":3,"item_purchase_floors":[8,20,20],"current_hp_per_floor":[70,70,70,70,54,43,64,64,64,64,64,60,37,37,58,52,70,63,49,56,30,30,53,29,29,29,0],"gold":105,"neow_bonus":"THREE_ENEMY_KILL","is_prod":false,"is_daily":false,"chose_seed":false,"campfire_upgraded":1,"win_rate":0,"timestamp":1540449739,"path_taken":["M","?","M","M","M","E","R","$","T","R","$","M","E","?","R","BOSS","M","M","$","M","?","R","M","E","T","M"],"build_version":"2018-10-18","purchased_purges":0,"victory":false,"max_hp_per_floor":[70,70,70,70,70,70,70,70,70,70,70,70,70,70,70,70,70,70,70,77,77,77,77,77,77,77,77],"card_choices":[{"not_picked":["Dodge and Roll","Sucker Punch"],"picked":"Quick Slash","floor":1},{"not_picked":["Quick Slash","Backflip"],"picked":"Dagger Spray","floor":3},{"not_picked":["Choke","Bouncing Flask"],"picked":"Crippling Poison","floor":4},{"not_picked":["Setup","Dodge and Roll"],"picked":"Backstab","floor":5},{"not_picked":["Dodge and Roll","Leg Sweep"],"picked":"PiercingWail","floor":6},{"not_picked":["Choke","Deadly Poison"],"picked":"Malaise","floor":12},{"not_picked":["Finisher","Riddle With Holes"],"picked":"Night Terror","floor":13},{"not_picked":["Wraith Form v2","Tools of the Trade"],"picked":"Phantasmal Killer","floor":16},{"not_picked":["Concentrate","Eviscerate"],"picked":"Underhanded Strike","floor":18},{"not_picked":["Underhanded Strike","PiercingWail"],"picked":"Sucker Punch+1","floor":18},{"not_picked":["Acrobatics","Riddle With Holes+1"],"picked":"Dagger Throw","floor":19},{"not_picked":["Underhanded Strike","Calculated Gamble"],"picked":"Dagger Throw","floor":19},{"not_picked":["Setup+1","PiercingWail"],"picked":"Underhanded Strike","floor":21},{"not_picked":["Deflect","Riddle With Holes","Skewer"],"picked":"SKIP","floor":21},{"not_picked":["Deadly Poison","Finisher"],"picked":"Outmaneuver","floor":24},{"not_picked":["Cloak And Dagger","Finisher"],"picked":"Well Laid Plans","floor":24},{"not_picked":["Underhanded Strike","Phantasmal Killer","Backflip"],"picked":"SKIP","floor":25}],"player_experience":355690,"relics_obtained":[{"floor":6,"key":"Omamori"},{"floor":9,"key":"Art of War"},{"floor":13,"key":"Whetstone"},{"floor":14,"key":"Prayer Wheel"},{"floor":25,"key":"Oddly Smooth Stone"},{"floor":26,"key":"Blood Vial"}],"event_choices":[{"damage_healed":0,"gold_gain":100,"player_choice":"Pray","damage_taken":0,"max_hp_gain":0,"max_hp_loss":0,"event_name":"Golden Shrine","floor":2,"gold_loss":0},{"damage_healed":0,"gold_gain":0,"player_choice":"Bet on Murderer","damage_taken":0,"max_hp_gain":0,"max_hp_loss":0,"event_name":"The Joust","floor":22,"gold_loss":50}],"is_beta":false,"boss_relics":[{"not_picked":["HoveringKite","Busted Crown"],"picked":"Astrolabe"}],"items_purged_floors":[],"is_endless":false,"potions_floor_spawned":[3,5,6,12,21,25],"killed_by":"Sentry and Sphere","ascension_level":1}