{"gold_per_floor":[118,118,193,208,34,34,34,44,124,124,134,160,218,253,253,253],"floor_reached":16,"playtime":622,"items_purged":[],"score":119,"play_id":"c5aeb42e-8653-4f80-b0ee-94d86acf8e76","local_time":"20190123115902","is_ascension_mode":true,"campfire_choices":[{"floor":6,"key":"REST"},{"floor":10,"key":"REST"},{"floor":15,"key":"REST"}],"neow_cost":"NONE","seed_source_timestamp":704453471335260,"circlet_count":0,"master_deck":["Defend_G","Defend_G","Defend_G","Defend_G","Defend_G","Strike_G","Strike_G","Strike_G","Strike_G","Strike_G","Survivor","Neutralize","Deadly Poison","Night Terror","Blade Dance","Crippling Poison","Accuracy+1","Deadly Poison","Deadly Poison","Blade Dance","Leg Sweep","Concentrate"],"relics":["Fusion Hammer","Sundial","Centennial Puzzle","Pen Nib","Orichalcum"],"potions_floor_usage":[16,16,16],"damage_taken":[{"damage":3,"enemies":"Small Slimes","floor":1,"turns":3},{"damage":0,"enemies":"Jaw Worm","floor":4,"turns":3},{"damage":1,"enemies":"2 Louse","floor":8,"turns":3},{"damage":1,"enemies":"Red Slaver","floor":11,"turns":3},{"damage":10,"enemies":"Gremlin Nob","floor":12,"turns":3},{"damage":27,"enemies":"3 Sentries","floor":13,"turns":7},{"damage":8,"enemies":"Lagavulin","floor":14,"turns":6},{"damage":47,"enemies":"Slime Boss","floor":16,"turns":7}],"seed_played":"3488767721873105482","potions_obtained":[{"floor":11,"key":"SkillPotion"},{"floor":13,"key":"Dexterity Potion"},{"floor":14,"key":"Block Potion"}],"is_trial":false,"path_per_floor":["M","?","?","M","$","R","?","M","T","R","M","E","?","E","R","B"],"character_chosen":"THE_SILENT","items_purchased":["Blade Dance","Crippling Poison","Accuracy"],"campfire_rested":3,"item_purchase_floors":[5,5,5],"current_hp_per_floor":[67,67,56,56,56,70,70,69,69,70,69,59,32,24,45,0],"gold":253,"neow_bonus":"BOSS_RELIC","is_prod":false,"is_daily":false,"chose_seed":false,"campfire_upgraded":0,"win_rate":0,"timestamp":1548215942,"path_taken":["M","?","?","M","$","R","?","M","T","R","?","E","?","E","R","BOSS"],"build_version":"2019-01-17v2","purchased_purges":0,"victory":false,"max_hp_per_floor":[70,70,70,70,70,70,70,70,70,70,70,70,70,70,70,70],"card_choices":[{"not_picked":["Dagger Throw","Reflex"],"picked":"Deadly Poison","floor":1},{"not_picked":["Dagger Throw","Acrobatics"],"picked":"Night Terror","floor":4},{"not_picked":["Eviscerate","Accuracy"],"picked":"Deadly Poison","floor":8},{"not_picked":["Deflect","Well Laid Plans"],"picked":"Deadly Poison","floor":11},{"not_picked":["Flying Knee","Slice"],"picked":"Blade Dance","floor":12},{"not_picked":["Tactician","Acrobatics"],"picked":"Leg Sweep","floor":13},{"not_picked":["Heel Hook","Blur"],"picked":"Concentrate","floor":14}],"player_experience":69236,"relics_obtained":[{"floor":9,"key":"Sundial"},{"floor":12,"key":"Centennial Puzzle"},{"floor":13,"key":"Pen Nib"},{"floor":14,"key":"Orichalcum"}],"event_choices":[{"damage_healed":0,"gold_gain":0,"player_choice":"Ignored","damage_taken":0,"max_hp_gain":0,"max_hp_loss":0,"event_name":"Golden Wing","floor":2,"gold_loss":0},{"damage_healed":0,"gold_gain":75,"player_choice":"Gather Gold","damage_taken":11,"max_hp_gain":0,"max_hp_loss":0,"event_name":"World of Goop","floor":3,"gold_loss":0},{"damage_healed":0,"gold_gain":0,"player_choice":"Upgraded","damage_taken":0,"max_hp_gain":0,"max_hp_loss":0,"event_name":"Upgrade Shrine","floor":7,"gold_loss":0,"cards_upgraded":["Accuracy"]},{"damage_healed":0,"gold_gain":30,"player_choice":"Searched \u00272\u0027 times","damage_taken":0,"max_hp_gain":0,"max_hp_loss":0,"event_name":"Dead Adventurer","floor":13,"gold_loss":0}],"is_beta":false,"boss_relics":[],"items_purged_floors":[],"is_endless":false,"potions_floor_spawned":[11,13,14],"killed_by":"Slime Boss","ascension_level":2}