{"gold_per_floor":[110,123,123,147,147,147,191,191,191,206,182,182,195,219,219,219],"floor_reached":16,"playtime":768,"items_purged":[],"score":137,"play_id":"db4a007a-0a4b-41c6-b0c9-764aa1101969","local_time":"20190130205049","is_ascension_mode":true,"campfire_choices":[{"data":"Neutralize","floor":6,"key":"SMITH"},{"floor":8,"key":"REST"},{"floor":15,"key":"REST"}],"neow_cost":"NONE","seed_source_timestamp":1086256981828208,"circlet_count":0,"master_deck":["Defend_G","Defend_G","Defend_G","Defend_G","Strike_G","Strike_G","Strike_G","Strike_G","Survivor","Neutralize+1","Dagger Throw","Bane","Bouncing Flask","Caltrops","Envenom","Blade Dance","Sucker Punch","Prepared"],"relics":["Ring of the Snake","Golden Idol","StoneCalendar","Pear"],"potions_floor_usage":[13],"damage_taken":[{"damage":2,"enemies":"Small Slimes","floor":1,"turns":3},{"damage":0,"enemies":"2 Louse","floor":2,"turns":3},{"damage":0,"enemies":"Jaw Worm","floor":4,"turns":4},{"damage":32,"enemies":"3 Sentries","floor":7,"turns":8},{"damage":10,"enemies":"2 Fungi Beasts","floor":10,"turns":2},{"damage":14,"enemies":"Red Slaver","floor":13,"turns":2},{"damage":13,"enemies":"Blue Slaver","floor":14,"turns":3},{"damage":39,"enemies":"The Guardian","floor":16,"turns":6}],"seed_played":"-948471430519554367","potions_obtained":[{"floor":4,"key":"GamblersBrew"},{"floor":7,"key":"Fire Potion"},{"floor":10,"key":"Swift Potion"}],"is_trial":false,"path_per_floor":["M","M","?","M","?","R","E","R","T","M","$","?","M","M","R","B"],"character_chosen":"THE_SILENT","items_purchased":["Blade Dance"],"campfire_rested":2,"item_purchase_floors":[11],"current_hp_per_floor":[75,75,56,56,49,49,17,40,50,40,40,40,26,13,39,0],"gold":219,"neow_bonus":"TEN_PERCENT_HP_BONUS","is_prod":false,"is_daily":false,"chose_seed":false,"campfire_upgraded":1,"win_rate":0,"timestamp":1548852649,"path_taken":["M","M","?","M","?","R","E","R","T","M","?","?","M","M","R","BOSS"],"build_version":"2019-01-23","purchased_purges":0,"victory":false,"max_hp_per_floor":[77,77,77,77,77,77,77,77,87,87,87,87,87,87,87,87],"card_choices":[{"not_picked":["Riddle With Holes","Tactician"],"picked":"Dagger Throw","floor":1},{"not_picked":["Backflip","Heel Hook"],"picked":"Bane","floor":2},{"not_picked":["Choke","Deflect"],"picked":"Bouncing Flask","floor":4},{"not_picked":["Flechettes","Backflip"],"picked":"Caltrops","floor":7},{"not_picked":["Blade Dance","Expertise"],"picked":"Envenom","floor":10},{"not_picked":["Prepared","Dagger Throw"],"picked":"Sucker Punch","floor":13},{"not_picked":["Dodge and Roll","Footwork"],"picked":"Prepared","floor":14}],"player_experience":74829,"relics_obtained":[{"floor":7,"key":"StoneCalendar"},{"floor":9,"key":"Pear"}],"event_choices":[{"damage_healed":0,"gold_gain":0,"player_choice":"Take Damage","damage_taken":19,"relics_obtained":["Golden Idol"],"max_hp_gain":0,"max_hp_loss":0,"event_name":"Golden Idol","floor":3,"gold_loss":0},{"cards_removed":["Defend_G"],"damage_healed":0,"gold_gain":0,"player_choice":"Card Removal","damage_taken":7,"max_hp_gain":0,"max_hp_loss":0,"event_name":"Golden Wing","floor":5,"gold_loss":0},{"cards_removed":["Strike_G"],"damage_healed":0,"gold_gain":0,"player_choice":"Purged","damage_taken":0,"max_hp_gain":0,"max_hp_loss":0,"event_name":"Purifier","floor":12,"gold_loss":0}],"is_beta":false,"boss_relics":[],"items_purged_floors":[],"is_endless":false,"potions_floor_spawned":[4,7,10],"killed_by":"The Guardian","ascension_level":2}