{"gold_per_floor":[115,190,203,203,83,141,141,176,203,203,203,203,218,118,118,118],"floor_reached":16,"playtime":374,"items_purged":["Strike_R","Strike_R"],"score":242,"play_id":"fa13b818-762a-4a4c-9492-5f4d0e72c851","local_time":"20190202161419","is_ascension_mode":true,"campfire_choices":[{"data":"Burning Pact","floor":7,"key":"SMITH"},{"data":"Dropkick","floor":12,"key":"SMITH"},{"data":"Bash","floor":15,"key":"SMITH"}],"neow_cost":"NONE","seed_source_timestamp":426951536129800,"circlet_count":0,"master_deck":["AscendersBane","Strike_R+1","Strike_R","Defend_R","Defend_R+1","Defend_R","Defend_R","Bash+1","Dropkick+1","Burning Pact+1"],"relics":["Burning Blood","NeowsBlessing","Tiny Chest","Self Forming Clay","Bag of Marbles","Golden Idol"],"potions_floor_usage":[8,16],"damage_taken":[{"damage":0,"enemies":"2 Louse","floor":1,"turns":1},{"damage":0,"enemies":"Small Slimes","floor":3,"turns":1},{"damage":0,"enemies":"Lagavulin","floor":6,"turns":2},{"damage":16,"enemies":"Gremlin Nob","floor":8,"turns":3},{"damage":0,"enemies":"Cultist","floor":13,"turns":3},{"damage":52,"enemies":"Hexaghost","floor":16,"turns":9}],"seed_played":"-5094971862667231889","potions_obtained":[{"floor":3,"key":"Block Potion"},{"floor":6,"key":"SteroidPotion"}],"is_trial":false,"path_per_floor":["M","?","M","?","$","E","R","E","T","?","?","R","M","$","R","B"],"character_chosen":"IRONCLAD","items_purchased":["Burning Pact"],"campfire_rested":0,"item_purchase_floors":[5],"current_hp_per_floor":[74,63,69,46,46,52,52,42,42,42,42,42,48,48,48,0],"gold":118,"neow_bonus":"THREE_ENEMY_KILL","is_prod":false,"is_daily":false,"chose_seed":false,"campfire_upgraded":3,"win_rate":0,"timestamp":1549120459,"path_taken":["M","?","M","?","$","E","R","E","T","?","?","R","M","$","R","BOSS"],"build_version":"2019-01-23","purchased_purges":2,"victory":false,"max_hp_per_floor":[75,75,75,75,75,75,75,75,75,75,68,68,68,68,68,68],"card_choices":[{"not_picked":["Clash","Intimidate"],"picked":"Dropkick","floor":1},{"not_picked":["Pommel Strike","Clothesline","Iron Wave"],"picked":"SKIP","floor":3},{"not_picked":["Demon Form","Perfected Strike","Anger"],"picked":"SKIP","floor":6},{"not_picked":["Pommel Strike","Reckless Charge","Inflame"],"picked":"SKIP","floor":8},{"not_picked":["Rage","Twin Strike","Combust"],"picked":"SKIP","floor":13}],"player_experience":308377,"relics_obtained":[{"floor":6,"key":"Tiny Chest"},{"floor":8,"key":"Self Forming Clay"},{"floor":9,"key":"Bag of Marbles"}],"event_choices":[{"damage_healed":0,"gold_gain":75,"player_choice":"Gather Gold","damage_taken":11,"max_hp_gain":0,"max_hp_loss":0,"event_name":"World of Goop","floor":2,"gold_loss":0},{"damage_healed":0,"gold_gain":0,"player_choice":"Entered Light","damage_taken":23,"max_hp_gain":0,"max_hp_loss":0,"event_name":"Shining Light","floor":4,"gold_loss":0,"cards_upgraded":["Defend_R","Strike_R"]},{"cards_removed":["Strike_R"],"damage_healed":0,"gold_gain":0,"player_choice":"Forget","damage_taken":0,"max_hp_gain":0,"max_hp_loss":0,"event_name":"Living Wall","floor":10,"gold_loss":0},{"damage_healed":0,"gold_gain":0,"player_choice":"Lose Max HP","damage_taken":0,"relics_obtained":["Golden Idol"],"max_hp_gain":0,"max_hp_loss":7,"event_name":"Golden Idol","floor":11,"gold_loss":0}],"is_beta":false,"boss_relics":[],"items_purged_floors":[5,14],"is_endless":false,"potions_floor_spawned":[3,6],"killed_by":"Hexaghost","ascension_level":17}