{"path_per_floor":["M","?","$","$","T","E","R","$","T","E","?","M","M","M","R","B",null,"M","?","M","?"],"character_chosen":"IRONCLAD","items_purchased":[],"gold_per_floor":[115,65,65,65,65,93,93,18,18,47,122,139,158,169,169,269,269,250,250,260,260,260],"floor_reached":22,"campfire_rested":0,"playtime":630,"current_hp_per_floor":[78,78,78,78,78,80,80,80,80,80,69,72,78,80,80,24,66,49,49,13,13,0],"items_purged":["Strike_R"],"gold":260,"score":363,"play_id":"555318a4-274c-4a52-886b-444cc5988406","local_time":"20180522054924","is_prod":false,"is_daily":false,"chose_seed":false,"is_ascension_mode":true,"campfire_upgraded":2,"timestamp":1526960964,"campfire_choices":[{"data":"Searing Blow","floor":7,"key":"SMITH"},{"data":"Searing Blow+1","floor":15,"key":"SMITH"}],"path_taken":["M","?","?","$","?","E","R","?","T","E","?","M","M","?","R","BOSS","M","?","?","?","M"],"build_version":"2018-05-17","seed_source_timestamp":203364402072122,"purchased_purges":1,"victory":false,"master_deck":["Strike_R","Strike_R","Strike_R","Strike_R","Defend_R+1","Defend_R","Defend_R+1","Bash","AscendersBane","Searing Blow+2"],"max_hp_per_floor":[80,80,80,80,80,80,80,80,80,80,80,80,80,80,80,80,80,80,80,80,80,80],"relics":["Burning Blood","NeowsBlessing","Mercury Hourglass","Blue Candle","Regal Pillow","War Paint","Runic Pyramid"],"card_choices":[{"not_picked":["Feel No Pain","Body Slam","Bloodletting"],"picked":"SKIP","floor":1},{"not_picked":["Shrug It Off","Anger"],"picked":"Searing Blow","floor":6},{"not_picked":["Infernal Blade","Shrug It Off","Seeing Red"],"picked":"SKIP","floor":10},{"not_picked":["Heavy Blade","Clothesline","Body Slam"],"picked":"SKIP","floor":12},{"not_picked":["Carnage","Perfected Strike","Twin Strike"],"picked":"SKIP","floor":13},{"not_picked":["Seeing Red","Demon Form","Combust"],"picked":"SKIP","floor":14},{"not_picked":["Pommel Strike","Clothesline","Wild Strike+1"],"picked":"SKIP","floor":18},{"not_picked":["Shrug It Off","Body Slam","Heavy Blade"],"picked":"SKIP","floor":20}],"player_experience":178042,"potions_floor_usage":[16,22,22],"damage_taken":[{"damage":0,"enemies":"Jaw Worm","floor":1,"turns":1},{"damage":0,"enemies":"Gremlin Nob","floor":6,"turns":1},{"damage":0,"enemies":"3 Sentries","floor":10,"turns":1},{"damage":3,"enemies":"Small Slimes","floor":12,"turns":3},{"damage":0,"enemies":"Cultist","floor":13,"turns":3},{"damage":0,"enemies":"Exordium Wildlife","floor":14,"turns":3},{"damage":62,"enemies":"The Guardian","floor":16,"turns":12},{"damage":23,"enemies":"2 Thieves","floor":18,"turns":4},{"damage":42,"enemies":"3 Byrds","floor":20,"turns":5},{"damage":45,"enemies":"Cultist and Chosen","floor":22,"turns":5}],"relics_obtained":[{"floor":5,"key":"Mercury Hourglass"},{"floor":6,"key":"Blue Candle"},{"floor":9,"key":"Regal Pillow"},{"floor":10,"key":"War Paint"}],"event_choices":[{"event_name":"The Cleric","player_choice":"Card Removal","floor":2,"damage_taken":0},{"event_name":"World of Goop","player_choice":"Gather Gold","floor":11,"damage_taken":0},{"event_name":"The Mausoleum","player_choice":"No","floor":19,"damage_taken":0},{"event_name":"Drug Dealer","player_choice":"Ignored","floor":21,"damage_taken":0}],"boss_relics":[{"not_picked":["Eternal Feather","Calling Bell"],"picked":"Runic Pyramid"}],"potions_floor_spawned":[1,6,16,20],"seed_played":"6965854436877699768","killed_by":"Cultist and Chosen","ascension_level":10,"potions_obtained":[{"floor":1,"key":"Strength Potion"},{"floor":6,"key":"EssenceOfSteel"},{"floor":16,"key":"PowerPotion"},{"floor":20,"key":"Strength Potion"}],"is_trial":false}