{"gold_per_floor":[117,117,186,204,219,219,247,247,247,278,278,295,309,328,328,425,425,442,38,48,67,84,145,145,145,172,172,18,18,47,47,47,142,142,152,252,266,266,266,266,49,49,49,49,61,94,58,68,68,68],"floor_reached":51,"playtime":1890,"items_purged":["Strike_R","Strike_R"],"score":1026,"play_id":"ddab82a6-3788-4534-9d01-7f6b93f06858","local_time":"20190126213218","is_ascension_mode":true,"campfire_choices":[{"data":"Bash","floor":6,"key":"SMITH"},{"data":"Spot Weakness","floor":8,"key":"SMITH"},{"floor":11,"key":"REST"},{"data":"Whirlwind","floor":15,"key":"SMITH"},{"data":"Barricade","floor":24,"key":"SMITH"},{"data":"Body Slam","floor":27,"key":"SMITH"},{"data":"Apotheosis","floor":32,"key":"SMITH"},{"data":"Spot Weakness","floor":40,"key":"SMITH"},{"floor":44,"key":"RECALL"},{"floor":49,"key":"REST"}],"neow_cost":"NONE","seed_source_timestamp":147920748503904,"circlet_count":0,"master_deck":["Strike_R","Strike_R","Defend_R","Defend_R","Defend_R","Defend_R","Bash+1","Spot Weakness+1","Headbutt","Disarm","Shrug It Off+1","Heavy Blade","Whirlwind+1","Body Slam+1","Seeing Red","Impervious+1","Flame Barrier","Iron Wave","Ghostly Armor+1","Spot Weakness+1","Barricade+1","Apotheosis+1","Havoc","True Grit+1","Impervious","Ghostly Armor","Seeing Red","Flame Barrier+1","Whirlwind","True Grit+1"],"relics":["Burning Blood","NeowsBlessing","Blue Candle","Ancient Tea Set","Mercury Hourglass","Sozu","Membership Card","Paper Frog","Tiny Chest","War Paint","Frozen Egg 2","Juzu Bracelet","Busted Crown","Thread and Needle","Bronze Scales","Lee\u0027s Waffle","Darkstone Periapt","Oddly Smooth Stone"],"potions_floor_usage":[16,30,33],"damage_taken":[{"damage":0,"enemies":"2 Louse","floor":1,"turns":1},{"damage":0,"enemies":"Jaw Worm","floor":4,"turns":1},{"damage":0,"enemies":"Cultist","floor":5,"turns":1},{"damage":50,"enemies":"Lagavulin","floor":7,"turns":7},{"damage":32,"enemies":"3 Sentries","floor":10,"turns":8},{"damage":6,"enemies":"Blue Slaver","floor":12,"turns":4},{"damage":0,"enemies":"3 Louse","floor":13,"turns":2},{"damage":6,"enemies":"2 Fungi Beasts","floor":14,"turns":2},{"damage":23,"enemies":"The Guardian","floor":16,"turns":12},{"damage":1,"enemies":"Spheric Guardian","floor":18,"turns":4},{"damage":7,"enemies":"3 Byrds","floor":20,"turns":2},{"damage":0,"enemies":"Snecko","floor":21,"turns":4},{"damage":17,"enemies":"Shelled Parasite and Fungi","floor":22,"turns":4},{"damage":33,"enemies":"Slavers","floor":23,"turns":5},{"damage":0,"enemies":"Colosseum Slavers","floor":29,"turns":3},{"damage":0,"enemies":"Gremlin Leader","floor":30,"turns":6},{"damage":33,"enemies":"Collector","floor":33,"turns":11},{"damage":0,"enemies":"Orb Walker","floor":35,"turns":4},{"damage":26,"enemies":"Mind Bloom Boss Battle","floor":36,"turns":9},{"damage":9,"enemies":"3 Shapes","floor":37,"turns":5},{"damage":0,"enemies":"3 Darklings","floor":45,"turns":4},{"damage":73,"enemies":"Reptomancer","floor":46,"turns":6},{"damage":0,"enemies":"Sphere and 2 Shapes","floor":48,"turns":2},{"damage":37,"enemies":"Donu and Deca","floor":50,"turns":8}],"seed_played":"6829944328905672795","potions_obtained":[{"floor":5,"key":"Energy Potion"},{"floor":12,"key":"Poison Potion"},{"floor":13,"key":"SkillPotion"},{"floor":16,"key":"SkillPotion"}],"is_trial":false,"path_per_floor":["M","?","T","M","M","R","E","R","T","E","R","M","M","M","R","B",null,"M","$","M","M","M","E","R","?","T","R","$","?","E","?","R","B",null,"M","?","M","?","$","R","$","?","T","R","M","E","$","M","R","B",null],"character_chosen":"IRONCLAD","items_purchased":["Membership Card","Flame Barrier","Paper Frog","Apotheosis","Havoc","Bronze Scales","Lee\u0027s Waffle","Seeing Red","Whirlwind"],"campfire_rested":2,"item_purchase_floors":[19,19,19,28,28,41,41,41,47],"current_hp_per_floor":[78,78,78,80,80,80,36,36,36,10,34,34,40,40,40,23,66,71,71,70,76,65,38,38,23,23,23,23,29,35,35,35,8,66,72,52,49,49,49,49,92,92,92,92,92,25,25,31,58,27],"gold":68,"neow_bonus":"THREE_ENEMY_KILL","is_prod":false,"is_daily":false,"chose_seed":false,"campfire_upgraded":7,"win_rate":0,"timestamp":1548531138,"path_taken":["M","?","?","?","M","R","E","R","T","E","R","M","M","M","R","BOSS","M","$","M","M","?","E","R","?","T","R","$","?","E","?","R","BOSS","M","?","M","?","?","R","$","?","T","R","M","E","$","M","R","BOSS"],"build_version":"2019-01-23","purchased_purges":2,"victory":true,"max_hp_per_floor":[80,80,80,80,80,80,80,80,80,80,80,80,80,80,80,80,80,80,80,80,80,80,80,80,85,85,85,85,85,85,85,85,85,85,85,85,85,85,85,85,92,92,92,92,92,92,92,92,92,92],"card_choices":[{"not_picked":["Flex","Blood for Blood"],"picked":"Spot Weakness","floor":1},{"not_picked":["Anger","Power Through"],"picked":"Headbutt","floor":4},{"not_picked":["Burning Pact","Thunderclap"],"picked":"Disarm","floor":5},{"not_picked":["Wild Strike","Iron Wave"],"picked":"Shrug It Off","floor":7},{"not_picked":["Wild Strike","Perfected Strike"],"picked":"Heavy Blade","floor":10},{"not_picked":["Shrug It Off","Fiend Fire"],"picked":"Whirlwind","floor":12},{"not_picked":["Intimidate","Armaments"],"picked":"Body Slam","floor":13},{"not_picked":["Uppercut","Iron Wave"],"picked":"Seeing Red","floor":14},{"not_picked":["Fiend Fire","Bludgeon"],"picked":"Impervious","floor":16},{"not_picked":["Cleave","Anger+1","Power Through"],"picked":"SKIP","floor":18},{"not_picked":["Whirlwind","Pommel Strike+1"],"picked":"Iron Wave","floor":20},{"not_picked":["Wild Strike","Dropkick"],"picked":"Ghostly Armor+1","floor":21},{"not_picked":["Warcry","Sword Boomerang+1"],"picked":"Spot Weakness","floor":22},{"not_picked":["Corruption","Heavy Blade+1"],"picked":"Barricade","floor":23},{"not_picked":["Dropkick","Perfected Strike"],"picked":"True Grit+1","floor":30},{"not_picked":["Exhume","Barricade+1"],"picked":"Impervious","floor":33},{"not_picked":[],"picked":"Ghostly Armor","floor":35},{"not_picked":["Dual Wield+1"],"picked":"SKIP","floor":37},{"not_picked":[],"picked":"Flame Barrier+1","floor":45},{"not_picked":["Combust+1"],"picked":"SKIP","floor":46},{"not_picked":[],"picked":"True Grit+1","floor":48}],"player_experience":146011,"relics_obtained":[{"floor":3,"key":"Blue Candle"},{"floor":9,"key":"Ancient Tea Set"},{"floor":10,"key":"Mercury Hourglass"},{"floor":23,"key":"Tiny Chest"},{"floor":26,"key":"War Paint"},{"floor":30,"key":"Frozen Egg 2"},{"floor":36,"key":"Thread and Needle"},{"floor":43,"key":"Darkstone Periapt"},{"floor":46,"key":"Oddly Smooth Stone"}],"event_choices":[{"damage_healed":0,"gold_gain":0,"player_choice":"Ignored","damage_taken":0,"max_hp_gain":0,"max_hp_loss":0,"event_name":"Liars Game","floor":2,"gold_loss":0},{"damage_healed":0,"gold_gain":0,"player_choice":"Shed Blood","damage_taken":20,"max_hp_gain":5,"max_hp_loss":0,"event_name":"Forgotten Altar","floor":25,"gold_loss":0},{"damage_healed":0,"gold_gain":0,"player_choice":"Fight","damage_taken":0,"max_hp_gain":0,"max_hp_loss":0,"event_name":"Colosseum","floor":29,"gold_loss":0},{"damage_healed":0,"gold_gain":0,"player_choice":"Fled From Nobs","damage_taken":0,"max_hp_gain":0,"max_hp_loss":0,"event_name":"Colosseum","floor":29,"gold_loss":0},{"damage_healed":0,"gold_gain":0,"player_choice":"Gave Potion","damage_taken":0,"relics_obtained":["Juzu Bracelet"],"max_hp_gain":0,"max_hp_loss":0,"event_name":"WeMeetAgain","floor":31,"gold_loss":0},{"damage_healed":0,"gold_gain":0,"player_choice":"Fight","damage_taken":0,"max_hp_gain":0,"max_hp_loss":0,"event_name":"MindBloom","floor":36,"gold_loss":0},{"cards_removed":["Strike_R"],"damage_healed":0,"gold_gain":0,"player_choice":"Removed Attack","damage_taken":0,"max_hp_gain":0,"max_hp_loss":0,"event_name":"Falling","floor":38,"gold_loss":0},{"damage_healed":0,"gold_gain":0,"player_choice":"Ignored","damage_taken":0,"max_hp_gain":0,"max_hp_loss":0,"event_name":"Mysterious Sphere","floor":42,"gold_loss":0}],"is_beta":false,"boss_relics":[{"not_picked":["Cursed Key","Orrery"],"picked":"Sozu"},{"not_picked":["White Beast Statue","Snecko Eye"],"picked":"Busted Crown"}],"items_purged_floors":[19,28],"is_endless":false,"potions_floor_spawned":[5,12,13,16,18,29,30,36,45,48],"ascension_level":7}