{"gold_per_floor":[112,37,54,67,83,83,116,116,416,445,455,455,132,152,152,248,248,236,255,274,21,21,21],"floor_reached":23,"playtime":924,"items_purged":["Strike_R","Strike_R"],"score":289,"play_id":"ba621947-acb5-4266-ad77-e1617be304f5","local_time":"20190125005906","is_ascension_mode":true,"campfire_choices":[{"data":"Rampage","floor":6,"key":"SMITH"},{"data":"Body Slam","floor":8,"key":"SMITH"},{"data":"Whirlwind","floor":15,"key":"SMITH"}],"neow_cost":"NONE","seed_source_timestamp":76074143141648,"circlet_count":0,"master_deck":["Defend_R","Defend_R","Defend_R","Defend_R","Bash","Disarm","Rampage+1","Thunderclap","Body Slam+1","Havoc","Battle Trance","Headbutt","Whirlwind+1","Pummel","Juggernaut","True Grit","Spot Weakness+1","Inflame","Armaments","Bite","Bite","Bite","Bite","Bite"],"relics":["Burning Blood","Ornamental Fan","Old Coin","Girya","Vajra","Velvet Choker","Chemical X"],"potions_floor_usage":[14,16,16,23,23,23],"damage_taken":[{"damage":7,"enemies":"2 Louse","floor":1,"turns":3},{"damage":6,"enemies":"Cultist","floor":3,"turns":4},{"damage":0,"enemies":"Small Slimes","floor":4,"turns":3},{"damage":4,"enemies":"3 Louse","floor":5,"turns":3},{"damage":49,"enemies":"Lagavulin","floor":7,"turns":8},{"damage":43,"enemies":"3 Sentries","floor":10,"turns":9},{"damage":4,"enemies":"Blue Slaver","floor":11,"turns":4},{"damage":3,"enemies":"Gremlin Gang","floor":14,"turns":3},{"damage":6,"enemies":"Hexaghost","floor":16,"turns":10},{"damage":22,"enemies":"2 Thieves","floor":18,"turns":4},{"damage":16,"enemies":"Spheric Guardian","floor":19,"turns":4},{"damage":19,"enemies":"Snecko","floor":20,"turns":4},{"damage":42,"enemies":"Gremlin Leader","floor":23,"turns":3}],"seed_played":"-3476685124012509921","potions_obtained":[{"floor":3,"key":"EssenceOfSteel"},{"floor":4,"key":"Block Potion"},{"floor":5,"key":"GamblersBrew"},{"floor":11,"key":"Swift Potion"},{"floor":14,"key":"Poison Potion"},{"floor":18,"key":"Dexterity Potion"},{"floor":20,"key":"SpeedPotion"}],"is_trial":false,"path_per_floor":["M","$","M","M","M","R","E","R","T","E","M","?","$","M","R","B",null,"M","M","M","$","?","E"],"character_chosen":"IRONCLAD","items_purchased":["Whirlwind","Vajra","Chemical X","Armaments"],"campfire_rested":0,"item_purchase_floors":[13,13,21,21],"current_hp_per_floor":[79,79,79,85,87,87,44,44,44,7,9,9,9,12,12,12,69,53,43,30,30,30,0],"gold":21,"neow_bonus":"TEN_PERCENT_HP_BONUS","is_prod":false,"is_daily":false,"chose_seed":false,"campfire_upgraded":3,"win_rate":0,"timestamp":1548370746,"path_taken":["M","$","M","M","M","R","E","R","T","E","M","?","$","M","R","BOSS","M","M","M","$","?","E"],"build_version":"2019-01-23","purchased_purges":2,"victory":false,"max_hp_per_floor":[88,88,88,88,88,88,88,88,88,88,88,88,88,88,88,88,88,88,88,88,88,61,61],"card_choices":[{"not_picked":["Havoc","Anger"],"picked":"Disarm","floor":1},{"not_picked":["Entrench","Twin Strike"],"picked":"Rampage","floor":3},{"not_picked":["Rage","Blood for Blood"],"picked":"Thunderclap","floor":4},{"not_picked":["Evolve","Feel No Pain"],"picked":"Body Slam","floor":5},{"not_picked":["Anger","Rampage"],"picked":"Havoc","floor":7},{"not_picked":["Reaper","Uppercut"],"picked":"Battle Trance","floor":10},{"not_picked":["Anger","Dual Wield"],"picked":"Headbutt","floor":11},{"not_picked":["Uppercut","Heavy Blade"],"picked":"Pummel","floor":14},{"not_picked":["Berserk","Dark Embrace"],"picked":"Juggernaut","floor":16},{"not_picked":["Blood for Blood","Twin Strike+1"],"picked":"True Grit","floor":18},{"not_picked":["Armaments","Clothesline"],"picked":"Spot Weakness+1","floor":19},{"not_picked":["Searing Blow","Uppercut"],"picked":"Inflame","floor":20}],"player_experience":133489,"relics_obtained":[{"floor":7,"key":"Ornamental Fan"},{"floor":9,"key":"Old Coin"},{"floor":10,"key":"Girya"}],"event_choices":[{"damage_healed":0,"gold_gain":0,"player_choice":"Bought 0 Potions","damage_taken":0,"max_hp_gain":0,"max_hp_loss":0,"event_name":"The Woman in Blue","floor":12,"gold_loss":0},{"damage_healed":0,"gold_gain":0,"player_choice":"Became a vampire","damage_taken":0,"max_hp_gain":0,"max_hp_loss":27,"event_name":"Vampires","floor":22,"gold_loss":0,"cards_obtained":["Bite","Bite","Bite","Bite","Bite"]}],"is_beta":false,"boss_relics":[{"not_picked":["Runic Pyramid","Snecko Eye"],"picked":"Velvet Choker"}],"items_purged_floors":[2,13],"is_endless":false,"potions_floor_spawned":[3,4,5,11,14,18,20],"killed_by":"Gremlin Leader","ascension_level":6}