{"gold_per_floor":[112,125,4,4,14,44,44,74,98,114,114,131,150,208,208,287,287,297,313,328,342,354,354,386,386,386,415,415,415,440,440,440,512,512,527,527,544,562,22,22,54,65,117,142,142,154,154,181,181,181],"floor_reached":51,"playtime":3342,"items_purged":["Strike_G","Pain"],"score":1549,"play_id":"14bd4c0d-d5d0-47a3-b888-334349a10728","local_time":"20190217205801","is_ascension_mode":true,"campfire_choices":[{"floor":11,"key":"REST"},{"floor":15,"key":"REST"},{"floor":23,"key":"REST"},{"data":"After Image","floor":25,"key":"SMITH"},{"floor":29,"key":"DIG"},{"floor":32,"key":"REST"},{"floor":40,"key":"REST"},{"floor":47,"key":"REST"},{"floor":49,"key":"DIG"}],"neow_cost":"NONE","seed_source_timestamp":373909266637400,"circlet_count":0,"master_deck":["AscendersBane","Defend_G+1","Defend_G","Defend_G","Defend_G","Defend_G+1","Strike_G+1","Strike_G","Strike_G","Strike_G+1","Survivor","Neutralize","Deadly Poison","Masterful Stab","PiercingWail","Poisoned Stab","Bane","Blade Dance+1","Deadly Poison+1","Blur+1","Well Laid Plans","Cloak And Dagger+1","Malaise+1","Noxious Fumes","Acrobatics+1","Blade Dance+1","Backflip+1","After Image+1","Riddle With Holes","Writhe","Envenom","Storm of Steel+1","Tactician+1","Crippling Poison+1","Crippling Poison+1","Discovery+1","Mayhem","Leg Sweep+1","Dodge and Roll+1","Madness+1","Madness+1","Cloak And Dagger+1","Catalyst+1"],"relics":["Ring of the Snake","Art of War","Ancient Tea Set","Toxic Egg 2","Shuriken","PreservedInsect","Tiny Chest","Sozu","Bag of Preparation","Pear","Shovel","Lantern","Darkstone Periapt","Question Card","Runic Pyramid","WarpedTongs","Oddly Smooth Stone","Potion Belt","Whetstone","Blue Candle","Juzu Bracelet","War Paint"],"potions_floor_usage":[6,16,27],"damage_taken":[{"damage":5,"enemies":"Small Slimes","floor":1,"turns":5},{"damage":3,"enemies":"Jaw Worm","floor":2,"turns":6},{"damage":1,"enemies":"Cultist","floor":5,"turns":4},{"damage":19,"enemies":"3 Sentries","floor":6,"turns":9},{"damage":22,"enemies":"Lagavulin","floor":8,"turns":7},{"damage":2,"enemies":"2 Fungi Beasts","floor":10,"turns":4},{"damage":0,"enemies":"3 Louse","floor":12,"turns":2},{"damage":0,"enemies":"Blue Slaver","floor":13,"turns":3},{"damage":15,"enemies":"3 Sentries","floor":14,"turns":7},{"damage":10,"enemies":"Hexaghost","floor":16,"turns":7},{"damage":7,"enemies":"Spheric Guardian","floor":18,"turns":4},{"damage":0,"enemies":"Chosen","floor":19,"turns":6},{"damage":5,"enemies":"Snecko","floor":20,"turns":4},{"damage":14,"enemies":"Centurion and Healer","floor":21,"turns":5},{"damage":11,"enemies":"Sentry and Sphere","floor":22,"turns":5},{"damage":6,"enemies":"Slavers","floor":24,"turns":5},{"damage":9,"enemies":"Book of Stabbing","floor":27,"turns":6},{"damage":1,"enemies":"Gremlin Leader","floor":30,"turns":6},{"damage":10,"enemies":"Champ","floor":33,"turns":10},{"damage":1,"enemies":"Orb Walker","floor":35,"turns":4},{"damage":10,"enemies":"3 Shapes","floor":37,"turns":10},{"damage":49,"enemies":"Writhing Mass","floor":38,"turns":7},{"damage":0,"enemies":"Nemesis","floor":41,"turns":5},{"damage":0,"enemies":"Sphere and 2 Shapes","floor":42,"turns":9},{"damage":0,"enemies":"Reptomancer","floor":44,"turns":7},{"damage":2,"enemies":"4 Shapes","floor":46,"turns":7},{"damage":0,"enemies":"Giant Head","floor":48,"turns":7},{"damage":18,"enemies":"Donu and Deca","floor":50,"turns":9}],"seed_played":"-3175476581964857475","potions_obtained":[{"floor":1,"key":"Poison Potion"},{"floor":8,"key":"Block Potion"},{"floor":10,"key":"PowerPotion"},{"floor":12,"key":"Dexterity Potion"},{"floor":16,"key":"Weak Potion"}],"is_trial":false,"path_per_floor":["M","M","$","?","M","E","T","E","T","M","R","M","M","E","R","B",null,"M","M","M","M","M","R","E","R","T","E","?","R","E","?","R","B",null,"M","?","M","M","$","R","E","M","T","E","?","M","R","E","R","B",null],"character_chosen":"THE_SILENT","items_purchased":["PiercingWail","Oddly Smooth Stone","Discovery+1","Mayhem"],"campfire_rested":6,"item_purchase_floors":[3,39,39,39],"current_hp_per_floor":[54,51,51,51,50,31,31,9,9,7,26,26,26,11,30,20,55,48,48,43,29,18,37,31,31,41,32,32,32,31,9,33,23,67,66,72,62,13,13,39,39,39,39,39,23,21,47,47,47,29],"gold":181,"neow_bonus":"RANDOM_COMMON_RELIC","is_prod":false,"is_daily":false,"chose_seed":false,"campfire_upgraded":1,"win_rate":0,"timestamp":1550433481,"path_taken":["M","M","$","?","M","E","?","E","T","M","R","M","?","E","R","BOSS","M","M","M","M","M","R","E","R","T","E","?","R","E","?","R","BOSS","M","?","?","M","$","R","E","M","T","E","?","M","R","E","R","BOSS"],"build_version":"2019-01-23","purchased_purges":2,"victory":true,"max_hp_per_floor":[66,66,66,66,66,66,66,66,66,66,66,66,66,66,66,66,66,66,66,66,66,66,66,66,66,76,76,76,76,76,81,81,81,81,81,87,87,87,87,87,87,87,87,87,87,87,87,87,87,87],"card_choices":[{"not_picked":["Concentrate","Choke"],"picked":"Deadly Poison","floor":1},{"not_picked":["Bane","Dagger Spray"],"picked":"Masterful Stab","floor":2},{"not_picked":["Prepared","Backstab"],"picked":"Poisoned Stab","floor":5},{"not_picked":["Dagger Throw","Distraction"],"picked":"Bane","floor":6},{"not_picked":["Prepared+1","Dodge and Roll+1"],"picked":"Blade Dance+1","floor":8},{"not_picked":["Heel Hook","Calculated Gamble+1"],"picked":"Deadly Poison+1","floor":10},{"not_picked":["Riddle With Holes","Dagger Spray"],"picked":"Blur+1","floor":12},{"not_picked":["Slice","Dagger Spray"],"picked":"Well Laid Plans","floor":13},{"not_picked":["Bane","Wraith Form v2"],"picked":"Cloak And Dagger+1","floor":14},{"not_picked":["Storm of Steel+1","After Image"],"picked":"Malaise+1","floor":16},{"not_picked":["Riddle With Holes","Eviscerate+1"],"picked":"Noxious Fumes","floor":18},{"not_picked":["Slice","Infinite Blades"],"picked":"Acrobatics+1","floor":19},{"not_picked":["Dagger Spray","Escape Plan+1"],"picked":"Blade Dance+1","floor":20},{"not_picked":["Poisoned Stab","Dagger Throw"],"picked":"Backflip+1","floor":21},{"not_picked":["Dagger Throw","Tactician+1"],"picked":"After Image","floor":22},{"not_picked":["Reflex+1","Dagger Throw"],"picked":"Riddle With Holes","floor":24},{"not_picked":["Riddle With Holes","Sucker Punch+1","Terror+1"],"picked":"SKIP","floor":27},{"not_picked":["Infinite Blades","Noxious Fumes+1"],"picked":"Envenom","floor":30},{"not_picked":["A Thousand Cuts","Die Die Die","Doppelganger+1"],"picked":"Storm of Steel+1","floor":33},{"not_picked":["Flechettes","Slice","Dagger Spray"],"picked":"Tactician+1","floor":35},{"not_picked":["Slice","Dodge and Roll+1","Glass Knife"],"picked":"Crippling Poison+1","floor":37},{"not_picked":["Quick Slash+1","Riddle With Holes","Dagger Spray+1"],"picked":"Crippling Poison+1","floor":38},{"not_picked":["Flying Knee+1","Prepared+1","Dagger Spray"],"picked":"Leg Sweep+1","floor":41},{"not_picked":["Poisoned Stab+1","Bane","Sucker Punch+1"],"picked":"Dodge and Roll+1","floor":42},{"not_picked":["Reflex+1","All Out Attack","Outmaneuver+1","Sucker Punch"],"picked":"SKIP","floor":44},{"not_picked":["Heel Hook","Blade Dance+1","Prepared+1"],"picked":"Cloak And Dagger+1","floor":46},{"not_picked":["Tools of the Trade","All Out Attack","PiercingWail+1"],"picked":"Catalyst+1","floor":48}],"player_experience":474732,"relics_obtained":[{"floor":6,"key":"Ancient Tea Set"},{"floor":7,"key":"Toxic Egg 2"},{"floor":8,"key":"Shuriken"},{"floor":9,"key":"PreservedInsect"},{"floor":14,"key":"Tiny Chest"},{"floor":24,"key":"Bag of Preparation"},{"floor":26,"key":"Pear"},{"floor":27,"key":"Shovel"},{"floor":29,"key":"Darkstone Periapt"},{"floor":30,"key":"Question Card"},{"floor":41,"key":"Potion Belt"},{"floor":43,"key":"Whetstone"},{"floor":44,"key":"Blue Candle"},{"floor":48,"key":"Juzu Bracelet"},{"floor":49,"key":"War Paint"}],"event_choices":[{"damage_healed":0,"gold_gain":0,"player_choice":"Leave","damage_taken":0,"max_hp_gain":0,"max_hp_loss":0,"event_name":"The Cleric","floor":4,"gold_loss":0},{"damage_healed":0,"gold_gain":0,"player_choice":"Opened","damage_taken":0,"relics_obtained":["Lantern"],"max_hp_gain":0,"max_hp_loss":0,"event_name":"The Mausoleum","floor":28,"gold_loss":0,"cards_obtained":["Writhe"]},{"damage_healed":0,"gold_gain":0,"player_choice":"Shed Blood","damage_taken":27,"max_hp_gain":5,"max_hp_loss":0,"event_name":"Forgotten Altar","floor":31,"gold_loss":0},{"damage_healed":0,"gold_gain":0,"player_choice":"Rummage","damage_taken":0,"relics_obtained":["WarpedTongs"],"max_hp_gain":0,"max_hp_loss":0,"event_name":"Accursed Blacksmith","floor":36,"gold_loss":0,"cards_obtained":["Pain"]},{"damage_healed":0,"gold_gain":0,"player_choice":"Embrace Madness","damage_taken":16,"max_hp_gain":0,"max_hp_loss":0,"event_name":"Winding Halls","floor":45,"gold_loss":0,"cards_obtained":["Madness","Madness"]}],"is_beta":false,"boss_relics":[{"not_picked":["Busted Crown","Coffee Dripper"],"picked":"Sozu"},{"not_picked":["Runic Dome","Cursed Key"],"picked":"Runic Pyramid"}],"items_purged_floors":[3,39],"is_endless":false,"potions_floor_spawned":[1,8,10,12,16,20,22,27,33,41,42,48],"ascension_level":15}