{"path_per_floor":["M","M","M","M","$","R","E","R","T","R","E","T","M","M","R","B",null,"M","?","M","$","M","R"],"character_chosen":"THE_SILENT","items_purchased":["Bane","Bird Faced Urn"],"gold_per_floor":[112,127,137,150,128,128,154,154,179,179,209,235,247,265,265,362,362,328,328,342,42,53,53],"floor_reached":24,"campfire_rested":3,"playtime":1464,"current_hp_per_floor":[66,66,66,66,66,66,39,60,60,60,46,46,40,28,49,15,70,43,43,38,38,16,37],"items_purged":[],"gold":53,"play_id":"240ff338-8a20-42d4-a06d-28834d71efdf","is_prod":false,"is_daily":false,"campfire_rituals":0,"campfire_upgraded":2,"is_hardmode":false,"path_taken":["M","?","M","M","$","R","E","R","T","R","E","?","M","?","R","BOSS","M","?","M","$","M","R","E"],"build_version":"2018-01-11-PROD1","purchased_purges":0,"victory":false,"master_deck":["Defend_G","Defend_G","Defend_G","Defend_G","Defend_G","Strike_G","Strike_G","Strike_G","Strike_G","Strike_G","Survivor","Neutralize","Doubt","Dagger Throw","Poisoned Stab","Noxious Fumes","Dagger Spray","Bane","Crippling Poison","Outmaneuver","Bullet Time","Wraith Form","Heel Hook","Prepared","Dagger Spray"],"max_hp_per_floor":[70,70,70,70,70,70,70,70,70,70,70,70,70,70,70,70,70,70,70,70,70,70,70],"relics":["Ring of the Snake","Ginger","Frozen Egg","Toxic Egg","Snake Skull","Happy Flower","Black Star","Bird Faced Urn"],"campfire_meditates":0,"card_choices":[{"not_picked":["Outmaneuver","Escape Plan"],"picked":"Dagger Throw"},{"not_picked":["Outmaneuver","Choke"],"picked":"Poisoned Stab"},{"not_picked":["Deflect","Well Laid Plans"],"picked":"Noxious Fumes"},{"not_picked":["Blade Dance","Outmaneuver"],"picked":"Dagger Spray"},{"not_picked":["Sucker Punch","Quick Slash"],"picked":"Crippling Poison"},{"not_picked":["Skewer","Slice"],"picked":"Outmaneuver"},{"not_picked":["Dagger Throw","Acrobatics"],"picked":"Bullet Time"},{"not_picked":["Corpse Explosion","Doppelganger"],"picked":"Wraith Form"},{"not_picked":["Dodge and Roll","Calculated Gamble"],"picked":"Heel Hook"},{"not_picked":["Dodge and Roll","Bullet Time"],"picked":"Prepared"},{"not_picked":["Slice","Crippling Poison"],"picked":"Dagger Spray"}],"player_experience":13665,"potions_floor_usage":[7],"damage_taken":[{"damage":4,"enemies":"Blue Slaver","floor":1,"turns":6},{"damage":0,"enemies":"Cultist","floor":2,"turns":4},{"damage":0,"enemies":"2 Louse","floor":3,"turns":2},{"damage":0,"enemies":"Exordium Wildlife","floor":4,"turns":3},{"damage":27,"enemies":"3 Sentries","floor":7,"turns":6},{"damage":14,"enemies":"Gremlin Nob","floor":11,"turns":3},{"damage":6,"enemies":"Exordium Thugs","floor":13,"turns":3},{"damage":12,"enemies":"3 Louse","floor":14,"turns":2},{"damage":34,"enemies":"Hexaghost","floor":16,"turns":8},{"damage":27,"enemies":"2 Thieves","floor":18,"turns":5},{"damage":5,"enemies":"Chosen","floor":20,"turns":4},{"damage":24,"enemies":"Snecko","floor":22,"turns":6},{"damage":44,"enemies":"Book of Stabbing","floor":24,"turns":5}],"event_choices":[{"event_name":"Beggar","player_choice":"Ignored","floor":19,"damage_taken":0}],"boss_relics":[{"not_picked":["Cursed Key","Sozu"],"picked":"Black Star"}],"potions_floor_spawned":[2,3,13,14,16,18,20,22],"seed_played":"-6510373349651223591","killed_by":"Book of Stabbing","is_trial":false}