{"gold_per_floor":[118,133,133,152,152,190,203,203,226,238,6,50,14,14,14,140,140,154,154,154,170,94,94,108,14,14,14,14,30,50,175,175,299,299,322,71,71,92,16,54,54,0,54,54],"floor_reached":44,"playtime":1994,"items_purged":[],"score":795,"play_id":"be6bc3d9-d397-4b3b-a5ad-c76ecec9b6bc","local_time":"20190119193448","is_ascension_mode":true,"campfire_choices":[{"data":"Armaments","floor":8,"key":"SMITH"},{"data":"Rampage","floor":10,"key":"SMITH"},{"data":"Battle Trance","floor":15,"key":"SMITH"},{"data":"Ghostly","floor":23,"key":"SMITH"},{"data":"Juggernaut","floor":27,"key":"SMITH"},{"data":"Limit Break","floor":32,"key":"SMITH"}],"neow_cost":"NONE","seed_source_timestamp":0,"circlet_count":0,"master_deck":["Strike_R","Strike_R","Defend_R","Defend_R","Defend_R","Defend_R","Bash","Battle Trance+1","Headbutt","Body Slam","Pommel Strike","Armaments+1","Metallicize","Limit Break+1","Metallicize","Double Tap","Clothesline","Ghostly","Ghostly","Ghostly","Ghostly","Ghostly+1","Headbutt+1","Juggernaut+1","Transmutation","Exhume","True Grit+1","Violence+1","Disarm+1","True Grit+1","Double Tap+1","Armaments+1","Dark Embrace"],"special_seed":0,"relics":["Burning Blood","Golden Idol","Bag of Marbles","MawBank","Membership Card","Art of War","Coffee Dripper","MutagenicStrength","Omamori","Strawberry","Calipers","Toxic Egg 2","Velvet Choker","HandDrill","Happy Flower","Smiling Mask","Red Mask","Juzu Bracelet"],"potions_floor_usage":[16,16,31,31,33,40,44,44],"damage_taken":[{"damage":14,"enemies":"Small Slimes","floor":1,"turns":4},{"damage":11,"enemies":"Jaw Worm","floor":2,"turns":4},{"damage":1,"enemies":"Cultist","floor":4,"turns":3},{"damage":20,"enemies":"Gremlin Nob","floor":6,"turns":4},{"damage":9,"enemies":"Blue Slaver","floor":7,"turns":5},{"damage":9,"enemies":"Lagavulin","floor":12,"turns":6},{"damage":10,"enemies":"Slime Boss","floor":16,"turns":8},{"damage":7,"enemies":"3 Byrds","floor":18,"turns":6},{"damage":0,"enemies":"Shell Parasite","floor":21,"turns":4},{"damage":0,"enemies":"Centurion and Healer","floor":24,"turns":6},{"damage":0,"enemies":"Snake Plant","floor":29,"turns":4},{"damage":22,"enemies":"Shelled Parasite and Fungi","floor":30,"turns":7},{"damage":0,"enemies":"Colosseum Slavers","floor":31,"turns":5},{"damage":4,"enemies":"Colosseum Nobs","floor":31,"turns":5},{"damage":9,"enemies":"Champ","floor":33,"turns":8},{"damage":1,"enemies":"Orb Walker","floor":35,"turns":3},{"damage":0,"enemies":"3 Shapes","floor":38,"turns":6},{"damage":44,"enemies":"Nemesis","floor":40,"turns":9},{"damage":18,"enemies":"Sphere and 2 Shapes","floor":44,"turns":3}],"seed_played":"-1412895485983834500","potions_obtained":[{"floor":2,"key":"GamblersBrew"},{"floor":7,"key":"SmokeBomb"},{"floor":12,"key":"Poison Potion"},{"floor":14,"key":"Fire Potion"},{"floor":14,"key":"GamblersBrew"},{"floor":16,"key":"SteroidPotion"},{"floor":18,"key":"Fire Potion"},{"floor":31,"key":"EssenceOfSteel"},{"floor":33,"key":"Energy Potion"},{"floor":35,"key":"Energy Potion"},{"floor":38,"key":"Block Potion"}],"is_trial":false,"path_per_floor":["M","M","?","M","?","E","M","R","T","R","$","E","$","?","R","B",null,"M","?","?","M","$","R","M","$","T","R","?","M","M","?","R","B",null,"M","$","?","M","$","E","?","?","T","M"],"character_chosen":"IRONCLAD","items_purchased":["Membership Card","Metallicize","Metallicize","Omamori","Transmutation","HandDrill","Violence+1","Disarm+1","True Grit+1","Happy Flower"],"campfire_rested":0,"item_purchase_floors":[11,11,13,22,25,36,36,36,36,39],"current_hp_per_floor":[64,59,39,44,49,35,32,32,32,32,32,29,29,29,29,25,70,69,42,42,42,42,42,42,42,49,49,49,49,33,41,41,38,46,49,49,49,49,49,11,11,11,11,0],"gold":54,"neow_bonus":"TRANSFORM_CARD","is_prod":false,"is_daily":false,"chose_seed":false,"campfire_upgraded":6,"win_rate":0,"timestamp":1547919288,"path_taken":["M","M","?","M","?","E","M","R","T","R","$","E","?","?","R","BOSS","M","?","?","M","$","R","M","$","T","R","?","M","?","?","R","BOSS","M","$","?","M","?","E","?","?","T","M"],"build_version":"2019-01-17v2","purchased_purges":0,"victory":false,"max_hp_per_floor":[80,80,80,80,85,85,85,85,85,85,85,85,85,85,85,85,85,85,42,42,42,42,42,42,42,49,49,49,49,49,49,49,49,49,49,49,49,49,49,49,49,49,49,49],"card_choices":[{"not_picked":["Clash","Warcry"],"picked":"Headbutt","floor":1},{"not_picked":["Pommel Strike","True Grit"],"picked":"Body Slam","floor":2},{"not_picked":["Battle Trance","Seeing Red"],"picked":"Pommel Strike","floor":4},{"not_picked":["Iron Wave","Sentinel"],"picked":"Rampage","floor":6},{"not_picked":["Clash","Second Wind"],"picked":"Armaments","floor":7},{"not_picked":["Headbutt","True Grit"],"picked":"Limit Break","floor":12},{"not_picked":["Berserk","Bludgeon"],"picked":"Double Tap","floor":16},{"not_picked":["Heavy Blade","Iron Wave"],"picked":"Clothesline","floor":18},{"not_picked":["Searing Blow+1","Clothesline"],"picked":"Headbutt+1","floor":21},{"not_picked":["Dual Wield","Havoc+1"],"picked":"Juggernaut","floor":24},{"not_picked":["Flex","Warcry","Fire Breathing"],"picked":"SKIP","floor":29},{"not_picked":["Clothesline","Cleave","Warcry"],"picked":"SKIP","floor":30},{"not_picked":["Heavy Blade","Dual Wield"],"picked":"True Grit+1","floor":31},{"not_picked":["Clash","Sword Boomerang","Iron Wave"],"picked":"SKIP","floor":35},{"not_picked":["Clothesline","Cleave+1"],"picked":"Armaments+1","floor":38},{"not_picked":["Sever Soul+1","Pommel Strike"],"picked":"Dark Embrace","floor":40}],"player_experience":117754,"relics_obtained":[{"floor":6,"key":"Bag of Marbles"},{"floor":9,"key":"MawBank"},{"floor":12,"key":"Art of War"},{"floor":26,"key":"Strawberry"},{"floor":31,"key":"Calipers"},{"floor":31,"key":"Toxic Egg 2"},{"floor":40,"key":"Smiling Mask"},{"floor":43,"key":"Juzu Bracelet"}],"event_choices":[{"damage_healed":0,"gold_gain":0,"player_choice":"Take Damage","damage_taken":20,"relics_obtained":["Golden Idol"],"max_hp_gain":0,"max_hp_loss":0,"event_name":"Golden Idol","floor":3,"gold_loss":0},{"damage_healed":0,"gold_gain":0,"player_choice":"Donut","damage_taken":0,"max_hp_gain":5,"max_hp_loss":0,"event_name":"Big Fish","floor":5,"gold_loss":0},{"damage_healed":0,"gold_gain":0,"player_choice":"Got Potions","damage_taken":0,"max_hp_gain":0,"max_hp_loss":0,"event_name":"Lab","floor":14,"gold_loss":0},{"damage_healed":0,"gold_gain":0,"player_choice":"Became a Ghost","damage_taken":0,"max_hp_gain":0,"max_hp_loss":43,"event_name":"Ghosts","floor":19,"gold_loss":0,"cards_obtained":["Ghostly","Ghostly","Ghostly","Ghostly","Ghostly"]},{"damage_healed":0,"gold_gain":0,"player_choice":"Inject Mutagens","damage_taken":0,"relics_obtained":["MutagenicStrength"],"max_hp_gain":0,"max_hp_loss":0,"event_name":"Drug Dealer","floor":20,"gold_loss":0},{"damage_healed":0,"gold_gain":0,"cards_transformed":["Strike_R"],"player_choice":"Transformed","damage_taken":0,"max_hp_gain":0,"max_hp_loss":0,"event_name":"Transmorgrifier","floor":28,"gold_loss":0,"cards_obtained":["Exhume"]},{"damage_healed":0,"gold_gain":0,"player_choice":"Fight","damage_taken":0,"max_hp_gain":0,"max_hp_loss":0,"event_name":"Colosseum","floor":31,"gold_loss":0},{"damage_healed":0,"gold_gain":0,"player_choice":"Fought Nobs","damage_taken":0,"max_hp_gain":0,"max_hp_loss":0,"event_name":"Colosseum","floor":31,"gold_loss":0},{"damage_healed":0,"gold_gain":0,"cards_transformed":["Strike_R"],"player_choice":"Transformed","damage_taken":0,"max_hp_gain":0,"max_hp_loss":0,"event_name":"Transmorgrifier","floor":37,"gold_loss":0,"cards_obtained":["Double Tap"]},{"cards_removed":["Rampage"],"damage_healed":0,"gold_gain":0,"player_choice":"Removed Attack","damage_taken":0,"max_hp_gain":0,"max_hp_loss":0,"event_name":"Falling","floor":41,"gold_loss":0},{"damage_healed":0,"gold_gain":0,"player_choice":"Paid","damage_taken":0,"relics_obtained":["Red Mask"],"max_hp_gain":0,"max_hp_loss":0,"event_name":"Tomb of Lord Red Mask","floor":42,"gold_loss":54}],"is_beta":false,"boss_relics":[{"not_picked":["Lizard Tail","Runic Cube"],"picked":"Coffee Dripper"},{"not_picked":["Black Blood","Astrolabe"],"picked":"Velvet Choker"}],"items_purged_floors":[],"is_endless":false,"potions_floor_spawned":[2,7,12,16,18,31,33,35,38],"killed_by":"Sphere and 2 Shapes","ascension_level":6}