{"gold_per_floor":[119,135,85,101,201,230,230,241,241,268,284,303,323,334,334,436,436,423,423,360,0,0,0,27,27,52,82,82,82,82,95,95,95],"floor_reached":33,"playtime":2719,"items_purged":[],"score":310,"play_id":"81a2296f-6eb4-4692-90cb-61281b83e116","local_time":"20181225155918","is_ascension_mode":true,"campfire_choices":[{"data":"Metallicize","floor":7,"key":"SMITH"},{"data":"True Grit","floor":15,"key":"SMITH"},{"data":"Shrug It Off","floor":23,"key":"SMITH"},{"data":"Cleave","floor":25,"key":"SMITH"},{"floor":29,"key":"REST"},{"data":"Reaper","floor":32,"key":"SMITH"}],"neow_cost":"NONE","seed_source_timestamp":7178802955631,"circlet_count":0,"master_deck":["Strike_R","Strike_R","Strike_R","Strike_R","Strike_R","Defend_R","Defend_R","Defend_R","Bash","Shrug It Off+1","True Grit+1","Metallicize+1","Headbutt","Impervious","Iron Wave","Iron Wave","Cleave+1","Iron Wave","Sword Boomerang","Juggernaut+1","Twin Strike","Cleave","Shrug It Off","Feel No Pain+1","Decay","Reaper+1"],"relics":["Burning Blood","Centennial Puzzle","Bag of Preparation","Frozen Egg 2","Black Star","MawBank","Lee\u0027s Waffle","Lantern","Oddly Smooth Stone","Kunai","Strawberry","Bottled Tornado","Orichalcum"],"potions_floor_usage":[6,14,16,33,33],"damage_taken":[{"damage":6,"enemies":"2 Louse","floor":1,"turns":3},{"damage":2,"enemies":"Cultist","floor":2,"turns":4},{"damage":4,"enemies":"Small Slimes","floor":4,"turns":4},{"damage":45,"enemies":"Lagavulin","floor":6,"turns":6},{"damage":8,"enemies":"2 Fungi Beasts","floor":8,"turns":5},{"damage":17,"enemies":"Gremlin Nob","floor":10,"turns":6},{"damage":0,"enemies":"Large Slime","floor":11,"turns":6},{"damage":1,"enemies":"Exordium Wildlife","floor":12,"turns":7},{"damage":0,"enemies":"3 Louse","floor":13,"turns":4},{"damage":3,"enemies":"Blue Slaver","floor":14,"turns":4},{"damage":52,"enemies":"Slime Boss","floor":16,"turns":16},{"damage":22,"enemies":"2 Thieves","floor":18,"turns":4},{"damage":36,"enemies":"Book of Stabbing","floor":24,"turns":7},{"damage":34,"enemies":"Gremlin Leader","floor":27,"turns":9},{"damage":0,"enemies":"Chosen","floor":31,"turns":5},{"damage":79,"enemies":"Automaton","floor":33,"turns":8}],"seed_played":"2894871584945150592","potions_obtained":[{"floor":2,"key":"Fire Potion"},{"floor":6,"key":"BloodPotion"},{"floor":11,"key":"Energy Potion"},{"floor":12,"key":"BloodPotion"},{"floor":13,"key":"Fire Potion"},{"floor":27,"key":"EssenceOfSteel"}],"is_trial":false,"path_per_floor":["M","M","?","M","?","E","R","M","T","E","M","M","M","M","R","B",null,"M","?","?","$","?","R","E","R","T","E","?","R","?","M","R","B"],"character_chosen":"IRONCLAD","items_purchased":["Lee\u0027s Waffle","Lantern","Cleave"],"campfire_rested":1,"item_purchase_floors":[21,21,21],"current_hp_per_floor":[80,80,80,80,80,41,41,39,39,28,34,39,45,56,56,10,80,64,64,64,87,87,87,57,57,64,36,36,64,64,70,70,0],"gold":95,"neow_bonus":"THREE_CARDS","is_prod":false,"is_daily":false,"chose_seed":false,"campfire_upgraded":5,"win_rate":0,"timestamp":1545746358,"path_taken":["M","M","?","M","?","E","R","M","T","E","?","M","M","?","R","BOSS","M","?","?","$","?","R","E","R","T","E","?","R","?","M","R","BOSS"],"build_version":"2018-12-20","purchased_purges":0,"victory":false,"max_hp_per_floor":[80,80,80,80,80,80,80,80,80,80,80,80,80,80,80,80,80,80,80,80,87,87,87,87,87,94,94,94,94,94,94,94,94],"card_choices":[{"not_picked":["Clash","Flex"],"picked":"Shrug It Off","floor":0},{"not_picked":["Shrug It Off","Carnage"],"picked":"True Grit","floor":1},{"not_picked":["Shrug It Off","Uppercut"],"picked":"Metallicize","floor":2},{"not_picked":["Uppercut","Thunderclap"],"picked":"Headbutt","floor":4},{"not_picked":["Clash","Rampage"],"picked":"Impervious","floor":6},{"not_picked":["Bloodletting","True Grit"],"picked":"Iron Wave","floor":8},{"not_picked":["Perfected Strike","True Grit"],"picked":"Iron Wave","floor":10},{"not_picked":["Twin Strike","Pommel Strike"],"picked":"Cleave","floor":11},{"not_picked":["Fiend Fire","Power Through","Reckless Charge"],"picked":"SKIP","floor":12},{"not_picked":["Thunderclap","Clash"],"picked":"Iron Wave","floor":13},{"not_picked":["Ghostly Armor","Shrug It Off"],"picked":"Sword Boomerang","floor":14},{"not_picked":["Bludgeon","Feed"],"picked":"Juggernaut+1","floor":16},{"not_picked":["True Grit","Clothesline"],"picked":"Twin Strike","floor":18},{"not_picked":["Cleave","Pommel Strike"],"picked":"Shrug It Off","floor":24},{"not_picked":["Clothesline","Pommel Strike"],"picked":"Feel No Pain+1","floor":27},{"not_picked":["Clash","Cleave"],"picked":"Reaper","floor":31}],"player_experience":30981,"relics_obtained":[{"floor":6,"key":"Centennial Puzzle"},{"floor":9,"key":"Bag of Preparation"},{"floor":10,"key":"Frozen Egg 2"},{"floor":24,"key":"Oddly Smooth Stone"},{"floor":24,"key":"Kunai"},{"floor":26,"key":"Strawberry"},{"floor":27,"key":"Bottled Tornado"},{"floor":27,"key":"Orichalcum"}],"event_choices":[{"cards_removed":["Defend_R"],"damage_healed":0,"gold_gain":0,"player_choice":"Card Removal","damage_taken":0,"max_hp_gain":0,"max_hp_loss":0,"event_name":"The Cleric","floor":3,"gold_loss":50},{"damage_healed":0,"gold_gain":100,"player_choice":"Pray","damage_taken":0,"max_hp_gain":0,"max_hp_loss":0,"event_name":"Golden Shrine","floor":5,"gold_loss":0},{"damage_healed":0,"gold_gain":0,"player_choice":"Opened","damage_taken":0,"relics_obtained":["MawBank"],"max_hp_gain":0,"max_hp_loss":0,"event_name":"The Mausoleum","floor":19,"gold_loss":0,"cards_obtained":["Writhe"]},{"cards_removed":["Writhe"],"damage_healed":0,"gold_gain":0,"player_choice":"Gave Gold","damage_taken":0,"max_hp_gain":0,"max_hp_loss":0,"event_name":"Beggar","floor":20,"gold_loss":75},{"damage_healed":0,"gold_gain":0,"player_choice":"Ignored","damage_taken":0,"max_hp_gain":0,"max_hp_loss":0,"event_name":"Ghosts","floor":22,"gold_loss":0},{"damage_healed":0,"gold_gain":0,"player_choice":"Smashed Altar","damage_taken":0,"max_hp_gain":0,"max_hp_loss":0,"event_name":"Forgotten Altar","floor":28,"gold_loss":0,"cards_obtained":["Decay"]},{"damage_healed":0,"gold_gain":0,"player_choice":"Ignored","damage_taken":0,"max_hp_gain":0,"max_hp_loss":0,"event_name":"Cursed Tome","floor":30,"gold_loss":0}],"is_beta":false,"boss_relics":[{"not_picked":["Astrolabe","Runic Pyramid"],"picked":"Black Star"}],"items_purged_floors":[],"is_endless":false,"potions_floor_spawned":[2,6,11,12,13,27],"killed_by":"Automaton","ascension_level":1}