{"gold_per_floor":[115,115,128,147,147,182,182,216,286,286,312,23,35,63,63,140,140,160,160,175,175,190,190,220,145,145,174,202,202,202,222,222,296,296,316,538,588,602,621,621,649,60,84,84,101,101,116,130,130,130],"floor_reached":51,"playtime":3400,"items_purged":["Strike_R","Strike_R+1"],"score":1541,"play_id":"aa8eeb62-1ed4-44e3-9cdb-d78ad1548d13","local_time":"20190129055259","is_ascension_mode":true,"campfire_choices":[{"data":"Bash","floor":7,"key":"SMITH"},{"data":"Barricade","floor":10,"key":"SMITH"},{"floor":15,"key":"REST"},{"data":"Offering","floor":23,"key":"SMITH"},{"floor":30,"key":"REST"},{"floor":32,"key":"REST"},{"data":"Warcry","floor":40,"key":"SMITH"},{"data":"Master of Strategy","floor":46,"key":"SMITH"},{"data":"Havoc","floor":49,"key":"SMITH"}],"neow_cost":"NONE","seed_source_timestamp":41032717879900,"circlet_count":0,"master_deck":["AscendersBane","Strike_R+1","Defend_R","Defend_R","Defend_R","Defend_R","Bash+1","Thunderclap","Headbutt","Flame Barrier","Barricade+1","Sever Soul","True Grit+1","Offering+1","Warcry+1","Infernal Blade+1","Corruption+1","Exhume","Battle Trance","Havoc+1","Master of Strategy+1","Normality"],"relics":["Burning Blood","NeowsBlessing","Thread and Needle","Strawberry","Shuriken","Dodecahedron","Whetstone","Dead Branch","Frozen Egg 2","Cursed Key","Oddly Smooth Stone","Red Mask","War Paint","Black Star","FossilizedHelix","Nunchaku","Art of War","Bag of Preparation","Potion Belt","Boot"],"potions_floor_usage":[8,14,27,50,50],"damage_taken":[{"damage":0,"enemies":"2 Louse","floor":1,"turns":1},{"damage":0,"enemies":"Cultist","floor":3,"turns":1},{"damage":0,"enemies":"Jaw Worm","floor":4,"turns":1},{"damage":32,"enemies":"3 Sentries","floor":6,"turns":8},{"damage":25,"enemies":"Gremlin Nob","floor":8,"turns":4},{"damage":25,"enemies":"3 Sentries","floor":11,"turns":11},{"damage":0,"enemies":"Blue Slaver","floor":13,"turns":3},{"damage":8,"enemies":"Gremlin Nob","floor":14,"turns":4},{"damage":18,"enemies":"The Guardian","floor":16,"turns":20},{"damage":5,"enemies":"3 Byrds","floor":18,"turns":5},{"damage":19,"enemies":"2 Thieves","floor":20,"turns":5},{"damage":1,"enemies":"Snecko","floor":22,"turns":6},{"damage":25,"enemies":"Slavers","floor":24,"turns":5},{"damage":2,"enemies":"Masked Bandits","floor":27,"turns":2},{"damage":45,"enemies":"Book of Stabbing","floor":28,"turns":8},{"damage":6,"enemies":"Sentry and Sphere","floor":31,"turns":3},{"damage":12,"enemies":"Automaton","floor":33,"turns":4},{"damage":0,"enemies":"Orb Walker","floor":35,"turns":5},{"damage":6,"enemies":"2 Orb Walkers","floor":37,"turns":3},{"damage":0,"enemies":"3 Shapes","floor":38,"turns":2},{"damage":0,"enemies":"Spire Growth","floor":39,"turns":2},{"damage":0,"enemies":"Reptomancer","floor":41,"turns":4},{"damage":0,"enemies":"Sphere and 2 Shapes","floor":45,"turns":3},{"damage":0,"enemies":"Writhing Mass","floor":47,"turns":4},{"damage":0,"enemies":"Transient","floor":48,"turns":5},{"damage":0,"enemies":"Awakened One","floor":50,"turns":9}],"seed_played":"-8795283827992645184","potions_obtained":[{"floor":6,"key":"Poison Potion"},{"floor":8,"key":"Explosive Potion"},{"floor":11,"key":"SkillPotion"},{"floor":14,"key":"SpeedPotion"},{"floor":24,"key":"FearPotion"},{"floor":28,"key":"GamblersBrew"},{"floor":31,"key":"Swift Potion"},{"floor":45,"key":"Strength Potion"},{"floor":48,"key":"SpeedPotion"}],"is_trial":false,"path_per_floor":["M","?","M","M","?","E","R","E","T","R","E","$","M","E","R","B",null,"M","$","M","?","M","R","E","$","T","?","E","?","R","M","R","B",null,"M","?","?","M","M","R","E","$","T","$","M","R","M","M","R","B",null],"character_chosen":"IRONCLAD","items_purchased":["Dead Branch","Bag of Preparation","Potion Belt","Master of Strategy"],"campfire_rested":3,"item_purchase_floors":[12,42,42,42],"current_hp_per_floor":[78,78,80,80,80,61,61,42,42,42,23,23,29,27,53,41,76,77,77,64,64,69,69,50,50,50,54,15,15,41,41,67,61,81,87,87,87,87,87,87,87,87,87,87,87,87,87,87,87,87],"gold":130,"neow_bonus":"THREE_ENEMY_KILL","is_prod":false,"is_daily":false,"chose_seed":false,"campfire_upgraded":6,"win_rate":0,"timestamp":1548737579,"path_taken":["M","?","M","M","?","E","R","E","T","R","E","$","?","E","R","BOSS","M","$","?","?","M","R","E","$","T","?","E","?","R","M","R","BOSS","M","?","?","M","M","R","E","$","T","$","M","R","M","M","R","BOSS"],"build_version":"2019-01-23","purchased_purges":2,"victory":true,"max_hp_per_floor":[80,80,80,80,80,87,87,87,87,87,87,87,87,87,87,87,87,87,87,87,87,87,87,87,87,87,87,87,87,87,87,87,87,87,87,87,87,87,87,87,87,87,87,87,87,87,87,87,87,87],"card_choices":[{"not_picked":["Pommel Strike","Perfected Strike"],"picked":"Thunderclap","floor":1},{"not_picked":["Shrug It Off","Burning Pact"],"picked":"Headbutt","floor":3},{"not_picked":["Twin Strike","Dark Embrace"],"picked":"Iron Wave","floor":4},{"not_picked":["Shrug It Off","Sword Boomerang"],"picked":"Flame Barrier","floor":6},{"not_picked":["Armaments","Metallicize"],"picked":"Barricade","floor":8},{"not_picked":["Anger","Flex","Wild Strike"],"picked":"SKIP","floor":11},{"not_picked":["Body Slam","Evolve"],"picked":"Sever Soul","floor":13},{"not_picked":["Iron Wave","Clash","Flame Barrier"],"picked":"SKIP","floor":14},{"not_picked":["Reckless Charge","Twin Strike"],"picked":"True Grit","floor":18},{"not_picked":["Clothesline","Hemokinesis","Warcry"],"picked":"SKIP","floor":20},{"not_picked":["Body Slam","Rage","Headbutt"],"picked":"SKIP","floor":22},{"not_picked":["Immolate","Anger+1"],"picked":"Infernal Blade","floor":24},{"not_picked":["Hemokinesis+1","Perfected Strike"],"picked":"Corruption+1","floor":28},{"not_picked":["Iron Wave","Perfected Strike","Cleave"],"picked":"SKIP","floor":31},{"not_picked":["Clothesline+1","Flex"],"picked":"Battle Trance","floor":35},{"not_picked":["Clothesline+1","Cleave"],"picked":"Havoc","floor":37},{"not_picked":["Headbutt+1","Combust+1","Metallicize+1"],"picked":"SKIP","floor":38},{"not_picked":["True Grit","Anger","Clash"],"picked":"SKIP","floor":39},{"not_picked":["Thunderclap","Hemokinesis","Brutality+1"],"picked":"SKIP","floor":41},{"not_picked":["Headbutt","Body Slam","Pommel Strike"],"picked":"SKIP","floor":45},{"not_picked":["Ghostly Armor","Heavy Blade+1","Inflame+1"],"picked":"SKIP","floor":47},{"not_picked":["Iron Wave","Warcry","Body Slam+1"],"picked":"SKIP","floor":48}],"player_experience":263946,"relics_obtained":[{"floor":6,"key":"Strawberry"},{"floor":8,"key":"Shuriken"},{"floor":9,"key":"Dodecahedron"},{"floor":11,"key":"Whetstone"},{"floor":14,"key":"Frozen Egg 2"},{"floor":24,"key":"Oddly Smooth Stone"},{"floor":27,"key":"Red Mask"},{"floor":28,"key":"War Paint"},{"floor":37,"key":"FossilizedHelix"},{"floor":41,"key":"Nunchaku"},{"floor":41,"key":"Art of War"},{"floor":43,"key":"Boot"}],"event_choices":[{"damage_healed":0,"gold_gain":0,"player_choice":"Ignored","damage_taken":0,"max_hp_gain":0,"max_hp_loss":0,"event_name":"Liars Game","floor":2,"gold_loss":0},{"cards_removed":["Iron Wave"],"damage_healed":0,"gold_gain":0,"player_choice":"Gave Card","damage_taken":0,"relics_obtained":["Thread and Needle"],"max_hp_gain":0,"max_hp_loss":0,"event_name":"WeMeetAgain","floor":5,"gold_loss":0},{"damage_healed":0,"gold_gain":0,"cards_transformed":["Strike_R","Strike_R"],"player_choice":"Became Test Subject","damage_taken":0,"max_hp_gain":0,"max_hp_loss":0,"event_name":"Drug Dealer","floor":21,"gold_loss":0,"cards_obtained":["Offering","Warcry"]},{"damage_healed":0,"gold_gain":0,"player_choice":"Fought Bandits","damage_taken":0,"max_hp_gain":0,"max_hp_loss":0,"event_name":"Masked Bandits","floor":27,"gold_loss":0},{"damage_healed":0,"gold_gain":0,"player_choice":"1 cards matched","damage_taken":0,"max_hp_gain":0,"max_hp_loss":0,"event_name":"Match and Keep!","floor":29,"gold_loss":0,"cards_obtained":["Exhume"]},{"damage_healed":0,"gold_gain":222,"player_choice":"Wore Mask","damage_taken":0,"max_hp_gain":0,"max_hp_loss":0,"event_name":"Tomb of Lord Red Mask","floor":36,"gold_loss":0},{"damage_healed":0,"gold_gain":0,"player_choice":"Fight","damage_taken":0,"max_hp_gain":0,"max_hp_loss":0,"event_name":"Mysterious Sphere","floor":37,"gold_loss":0}],"is_beta":false,"boss_relics":[{"not_picked":["Calling Bell","Snecko Eye"],"picked":"Cursed Key"},{"not_picked":["Tiny House","Pandora\u0027s Box"],"picked":"Black Star"}],"items_purged_floors":[25,42],"is_endless":false,"potions_floor_spawned":[6,8,11,14,16,24,28,31,37,39,45,48],"ascension_level":13}