{"gold_per_floor":[117,130,143,143,143,178,178,203,229,252,285,285,285,304,304,375,375,386,406,331,344,344,344,100,112,135,149,149],"floor_reached":28,"playtime":1189,"items_purged":["Strike_R"],"score":533,"play_id":"019d4c01-cf5f-4ba1-b9f6-e9c6377864bb","local_time":"20190201204412","is_ascension_mode":true,"campfire_choices":[{"floor":7,"key":"REST"},{"floor":12,"key":"REST"},{"data":"Perfected Strike","floor":15,"key":"SMITH"},{"floor":23,"key":"REST"}],"neow_cost":"NONE","seed_source_timestamp":355927198756300,"circlet_count":0,"master_deck":["AscendersBane","Strike_R+1","Strike_R+1","Strike_R+1","Strike_R+1","Defend_R+1","Defend_R+1","Defend_R+1","Defend_R+1","Bash","Perfected Strike+1","Anger","Metallicize","Whirlwind","Perfected Strike","Evolve+1","Feed","Headbutt","Metallicize+1","Perfected Strike","Shockwave","Carnage"],"relics":["Philosopher\u0027s Stone","Bronze Scales","Vajra","Frozen Egg 2","Art of War","Odd Mushroom","Potion Belt","Sozu","Bag of Marbles","Ancient Tea Set"],"potions_floor_usage":[14,16,19],"damage_taken":[{"damage":0,"enemies":"Cultist","floor":1,"turns":3},{"damage":0,"enemies":"2 Louse","floor":2,"turns":2},{"damage":1,"enemies":"Small Slimes","floor":3,"turns":3},{"damage":32,"enemies":"Lagavulin","floor":6,"turns":5},{"damage":11,"enemies":"3 Sentries","floor":8,"turns":6},{"damage":17,"enemies":"The Mushroom Lair","floor":10,"turns":3},{"damage":16,"enemies":"Lagavulin","floor":11,"turns":6},{"damage":0,"enemies":"2 Fungi Beasts","floor":14,"turns":2},{"damage":0,"enemies":"Slime Boss","floor":16,"turns":4},{"damage":0,"enemies":"Chosen","floor":18,"turns":2},{"damage":14,"enemies":"3 Byrds","floor":19,"turns":2},{"damage":29,"enemies":"Centurion and Healer","floor":21,"turns":3},{"damage":16,"enemies":"Snake Plant","floor":25,"turns":2},{"damage":35,"enemies":"Shelled Parasite and Fungi","floor":27,"turns":3},{"damage":14,"enemies":"Snecko","floor":28,"turns":3}],"seed_played":"2415297291100444997","potions_obtained":[{"floor":8,"key":"SteroidPotion"},{"floor":10,"key":"SpeedPotion"},{"floor":11,"key":"Dexterity Potion"},{"floor":13,"key":"Fruit Juice"},{"floor":14,"key":"Fire Potion"}],"is_trial":false,"path_per_floor":["M","M","M","?","?","E","R","E","T","?","E","R","?","M","R","B",null,"M","M","$","M","?","R","$","M","T","M","M"],"character_chosen":"IRONCLAD","items_purchased":["Bag of Marbles","Shockwave"],"campfire_rested":3,"item_purchase_floors":[24,24],"current_hp_per_floor":[68,68,67,67,60,28,50,39,39,22,6,28,28,33,33,33,68,68,54,54,25,25,49,49,33,33,1,0],"gold":149,"neow_bonus":"BOSS_RELIC","is_prod":false,"is_daily":false,"chose_seed":false,"campfire_upgraded":1,"win_rate":0,"timestamp":1549050252,"path_taken":["M","M","M","?","?","E","R","E","T","?","E","R","?","M","R","BOSS","M","?","$","M","?","R","$","M","T","M","M"],"build_version":"2019-01-23","purchased_purges":1,"victory":false,"max_hp_per_floor":[75,75,75,75,75,75,75,75,75,75,75,75,75,80,80,80,80,80,80,80,80,80,80,80,80,80,83,83],"card_choices":[{"not_picked":["Warcry","Ghostly Armor"],"picked":"Perfected Strike","floor":1},{"not_picked":["Body Slam","Dropkick"],"picked":"Anger","floor":2},{"not_picked":["Reckless Charge","Warcry","Dual Wield"],"picked":"SKIP","floor":3},{"not_picked":["Hemokinesis","Barricade"],"picked":"Metallicize","floor":6},{"not_picked":["Clash","Body Slam"],"picked":"Whirlwind","floor":8},{"not_picked":["Clash","True Grit"],"picked":"Perfected Strike","floor":10},{"not_picked":["Rampage","Whirlwind","Reckless Charge"],"picked":"SKIP","floor":11},{"not_picked":["Warcry","Power Through"],"picked":"Evolve+1","floor":14},{"not_picked":["Bludgeon","Fiend Fire"],"picked":"Feed","floor":16},{"not_picked":["Evolve+1","Twin Strike+1"],"picked":"Headbutt","floor":18},{"not_picked":["Pommel Strike","Shrug It Off"],"picked":"Metallicize+1","floor":19},{"not_picked":["Ghostly Armor","Body Slam"],"picked":"Perfected Strike","floor":21},{"not_picked":["Sword Boomerang","Second Wind","Heavy Blade"],"picked":"SKIP","floor":25},{"not_picked":["Thunderclap","Searing Blow"],"picked":"Carnage","floor":27}],"player_experience":301805,"relics_obtained":[{"floor":6,"key":"Vajra"},{"floor":8,"key":"Frozen Egg 2"},{"floor":9,"key":"Art of War"},{"floor":10,"key":"Odd Mushroom"},{"floor":11,"key":"Potion Belt"},{"floor":26,"key":"Ancient Tea Set"}],"event_choices":[{"damage_healed":0,"gold_gain":0,"player_choice":"Box","damage_taken":0,"relics_obtained":["Bronze Scales"],"max_hp_gain":0,"max_hp_loss":0,"event_name":"Big Fish","floor":4,"gold_loss":0,"cards_obtained":["Regret"]},{"cards_removed":["Regret"],"damage_healed":0,"gold_gain":0,"player_choice":"Card Removal","damage_taken":7,"max_hp_gain":0,"max_hp_loss":0,"event_name":"Golden Wing","floor":5,"gold_loss":0},{"damage_healed":0,"gold_gain":0,"player_choice":"Fought Mushrooms","damage_taken":0,"max_hp_gain":0,"max_hp_loss":0,"event_name":"Mushrooms","floor":10,"gold_loss":0},{"damage_healed":0,"gold_gain":0,"player_choice":"Got Potions","damage_taken":0,"max_hp_gain":0,"max_hp_loss":0,"event_name":"Lab","floor":13,"gold_loss":0},{"damage_healed":0,"gold_gain":0,"player_choice":"Simplicity","damage_taken":0,"max_hp_gain":0,"max_hp_loss":0,"event_name":"Back to Basics","floor":22,"gold_loss":0,"cards_upgraded":["Strike_R","Strike_R","Strike_R","Strike_R","Defend_R","Defend_R","Defend_R","Defend_R"]}],"is_beta":false,"boss_relics":[{"not_picked":["Lizard Tail","Velvet Choker"],"picked":"Sozu"}],"items_purged_floors":[20],"is_endless":false,"potions_floor_spawned":[8,10,11,14,19,21,25],"killed_by":"Snecko","ascension_level":17}