{"gold_per_floor":[216,102,118,18,18,18,45,45,45,45,59,73,73,83,83,187,187,199,74,93,105,123,123,155,155,155,155,167,167,17,52,52,157,157,174,174,174,174,17,17,17],"floor_reached":41,"playtime":2306,"items_purged":["Strike_B","Strike_B","Dualcast","Zap"],"score":448,"play_id":"7b41396c-1df3-44cb-aebd-0b7a759dc176","local_time":"20190219164612","is_ascension_mode":true,"campfire_choices":[{"floor":6,"key":"RECALL"},{"floor":8,"key":"REST"},{"floor":10,"key":"REST"},{"data":"Gash","floor":13,"key":"SMITH"},{"data":"Gash","floor":15,"key":"SMITH"},{"data":"Reboot","floor":23,"key":"SMITH"},{"data":"Scrape","floor":25,"key":"SMITH"},{"data":"Turbo","floor":32,"key":"SMITH"},{"data":"Hologram","floor":40,"key":"SMITH"}],"neow_cost":"NONE","seed_source_timestamp":457291730730966,"circlet_count":0,"master_deck":["Defend_B","Defend_B","Defend_B","Gash+1","Scrape+1","Hologram+1","Skim","Streamline","Go for the Eyes","Gash+1","Reboot+1","Steam","Turbo+1","Seek","Madness","Madness"],"relics":["Cracked Core","Gambling Chip","Kunai","Empty Cage","Strawberry","Ginger","Sozu","Happy Flower"],"potions_floor_usage":[16,24,28,31,31,33],"damage_taken":[{"damage":15,"enemies":"Small Slimes","floor":1,"turns":3},{"damage":0,"enemies":"Cultist","floor":3,"turns":3},{"damage":31,"enemies":"3 Sentries","floor":7,"turns":6},{"damage":4,"enemies":"2 Louse","floor":11,"turns":2},{"damage":8,"enemies":"Exordium Thugs","floor":12,"turns":3},{"damage":3,"enemies":"Looter","floor":14,"turns":2},{"damage":36,"enemies":"Hexaghost","floor":16,"turns":8},{"damage":3,"enemies":"Chosen","floor":18,"turns":2},{"damage":0,"enemies":"Spheric Guardian","floor":20,"turns":2},{"damage":3,"enemies":"Snake Plant","floor":21,"turns":3},{"damage":6,"enemies":"Centurion and Healer","floor":22,"turns":3},{"damage":7,"enemies":"Book of Stabbing","floor":24,"turns":4},{"damage":1,"enemies":"Shelled Parasite and Fungi","floor":28,"turns":4},{"damage":12,"enemies":"Slavers","floor":31,"turns":4},{"damage":14,"enemies":"Automaton","floor":33,"turns":7},{"damage":4,"enemies":"Orb Walker","floor":35,"turns":2},{"damage":77,"enemies":"Nemesis","floor":41,"turns":7}],"seed_played":"6735439968037726056","potions_obtained":[{"floor":3,"key":"Ancient Potion"},{"floor":11,"key":"Weak Potion"},{"floor":16,"key":"SkillPotion"},{"floor":22,"key":"Regen Potion"},{"floor":24,"key":"Dexterity Potion"},{"floor":29,"key":"FocusPotion"},{"floor":29,"key":"Explosive Potion"},{"floor":31,"key":"Explosive Potion"}],"is_trial":false,"path_per_floor":["M","$","M","$","?","R","E","R","T","R","M","M","R","M","R","B",null,"M","$","M","M","M","R","E","R","T","?","M","?","$","E","R","B",null,"M","$","?","?","$","R","E"],"character_chosen":"DEFECT","items_purchased":["Scrape","Happy Flower"],"campfire_rested":2,"item_purchase_floors":[2,39],"current_hp_per_floor":[60,60,60,60,60,60,29,51,51,73,69,61,61,58,58,22,75,72,72,72,69,63,63,63,63,63,63,62,62,62,62,62,48,82,78,78,68,68,68,68,0],"gold":17,"neow_bonus":"HUNDRED_GOLD","is_prod":false,"is_daily":false,"chose_seed":false,"campfire_upgraded":6,"win_rate":0,"timestamp":1550562372,"path_taken":["M","$","M","$","?","R","E","R","T","R","M","M","R","?","R","BOSS","M","$","M","M","M","R","E","R","T","?","M","?","$","E","R","BOSS","M","$","?","?","$","R","E"],"build_version":"2019-01-23","purchased_purges":4,"victory":false,"max_hp_per_floor":[75,75,75,75,75,75,75,75,75,75,75,75,75,75,75,75,75,75,75,75,75,75,75,82,82,82,82,82,82,82,82,82,82,82,82,82,82,82,82,82,82],"card_choices":[{"not_picked":["Streamline","Coolheaded"],"picked":"Gash","floor":1},{"not_picked":["Compile Driver","Redo"],"picked":"Hologram","floor":3},{"not_picked":["Leap","Rebound"],"picked":"Streamline","floor":7},{"not_picked":["Recycle","Leap","Defragment"],"picked":"SKIP","floor":11},{"not_picked":["Hyperbeam","Stack"],"picked":"Go for the Eyes","floor":12},{"not_picked":["Auto Shields","Steam"],"picked":"Gash","floor":14},{"not_picked":["Echo Form","Multi-Cast"],"picked":"Reboot","floor":16},{"not_picked":["Sweeping Beam","Aggregate"],"picked":"Scrape+1","floor":18},{"not_picked":["Ball Lightning","Consume"],"picked":"Steam","floor":20},{"not_picked":["Compile Driver+1","Streamline"],"picked":"Turbo","floor":21},{"not_picked":["Biased Cognition","Stack","Sweeping Beam"],"picked":"SKIP","floor":22},{"not_picked":["Recycle","Ball Lightning","Leap"],"picked":"SKIP","floor":24},{"not_picked":["Consume+1","Blizzard+1","Leap"],"picked":"SKIP","floor":28},{"not_picked":["Scrape","Sweeping Beam","White Noise"],"picked":"SKIP","floor":31},{"not_picked":["Biased Cognition","Hyperbeam"],"picked":"Seek","floor":33},{"not_picked":["Barrage+1","Leap+1","Beam Cell+1"],"picked":"SKIP","floor":35}],"player_experience":135754,"relics_obtained":[{"floor":7,"key":"Gambling Chip"},{"floor":9,"key":"Kunai"},{"floor":24,"key":"Strawberry"},{"floor":31,"key":"Ginger"}],"event_choices":[{"damage_healed":0,"gold_gain":0,"cards_transformed":["Defend_B"],"player_choice":"Transformed","damage_taken":0,"max_hp_gain":0,"max_hp_loss":0,"event_name":"Transmorgrifier","floor":5,"gold_loss":0,"cards_obtained":["Skim"]},{"damage_healed":0,"gold_gain":0,"player_choice":"Ignored","damage_taken":0,"max_hp_gain":0,"max_hp_loss":0,"event_name":"Vampires","floor":27,"gold_loss":0},{"damage_healed":0,"gold_gain":0,"player_choice":"Got Potions","damage_taken":0,"max_hp_gain":0,"max_hp_loss":0,"event_name":"Lab","floor":29,"gold_loss":0},{"damage_healed":0,"gold_gain":0,"player_choice":"Embrace Madness","damage_taken":10,"max_hp_gain":0,"max_hp_loss":0,"event_name":"Winding Halls","floor":37,"gold_loss":0,"cards_obtained":["Madness","Madness"]},{"cards_removed":["Scrape"],"damage_healed":0,"gold_gain":0,"player_choice":"Removed Attack","damage_taken":0,"max_hp_gain":0,"max_hp_loss":0,"event_name":"Falling","floor":38,"gold_loss":0}],"is_beta":false,"boss_relics":[{"not_picked":["Runic Dome","Coffee Dripper"],"picked":"Empty Cage"},{"not_picked":["Lizard Tail","Philosopher\u0027s Stone"],"picked":"Sozu"}],"items_purged_floors":[2,4,19,30],"is_endless":false,"potions_floor_spawned":[3,11,16,22,24,31],"killed_by":"Nemesis","ascension_level":1}