{"gold_per_floor":[116,116,116,41,41,41,66,85,108,108,121,21,21,53,53,53],"floor_reached":16,"playtime":224,"items_purged":["Strike_R","Strike_R"],"score":249,"play_id":"ab2c8fba-69b9-408a-9387-72bdf80b681e","local_time":"20190205000112","is_ascension_mode":true,"campfire_choices":[{"data":"Bash","floor":6,"key":"SMITH"},{"data":"Corruption","floor":10,"key":"SMITH"},{"floor":15,"key":"REST"}],"neow_cost":"NONE","seed_source_timestamp":627918053867700,"circlet_count":0,"master_deck":["AscendersBane","Strike_R","Strike_R","Strike_R","Defend_R","Defend_R","Defend_R","Bash+1","Corruption+1"],"relics":["Burning Blood","NeowsBlessing","Matryoshka","StoneCalendar","Dream Catcher","Strawberry","Ginger"],"potions_floor_usage":[13],"damage_taken":[{"damage":0,"enemies":"Small Slimes","floor":1,"turns":1},{"damage":0,"enemies":"3 Sentries","floor":7,"turns":1},{"damage":0,"enemies":"Jaw Worm","floor":8,"turns":1},{"damage":1,"enemies":"Cultist","floor":11,"turns":3},{"damage":54,"enemies":"Gremlin Nob","floor":14,"turns":5},{"damage":0,"enemies":"Hexaghost","floor":16,"turns":1}],"seed_played":"2043560436801011875","potions_obtained":[{"floor":8,"key":"SkillPotion"},{"floor":13,"key":"SteroidPotion"},{"floor":13,"key":"Fruit Juice"}],"is_trial":false,"path_per_floor":["M","?","?","$","?","R","E","M","T","R","M","$","?","E","R","B"],"character_chosen":"IRONCLAD","items_purchased":[],"campfire_rested":1,"item_purchase_floors":[],"current_hp_per_floor":[74,74,56,56,56,56,62,68,75,75,80,80,85,37,63,63],"gold":53,"neow_bonus":"THREE_ENEMY_KILL","is_prod":false,"is_daily":false,"chose_seed":false,"campfire_upgraded":2,"win_rate":0,"timestamp":1549321272,"path_taken":["M","?","?","?","?","R","E","M","T","R","?","?","?","E","R","BOSS"],"build_version":"2019-01-23","purchased_purges":2,"victory":false,"max_hp_per_floor":[75,75,75,75,75,75,75,75,82,82,82,82,87,87,87,87],"card_choices":[{"not_picked":["Iron Wave","Havoc","Seeing Red"],"picked":"SKIP","floor":1},{"not_picked":["Clothesline","Pummel","Warcry"],"picked":"SKIP","floor":7},{"not_picked":["Clash","Sentinel"],"picked":"Corruption","floor":8},{"not_picked":["Sword Boomerang","Anger","Thunderclap"],"picked":"SKIP","floor":11},{"not_picked":["Iron Wave","Battle Trance","Perfected Strike"],"picked":"SKIP","floor":14}],"player_experience":328920,"relics_obtained":[{"floor":7,"key":"StoneCalendar"},{"floor":9,"key":"Dream Catcher"},{"floor":9,"key":"Strawberry"},{"floor":14,"key":"Ginger"}],"event_choices":[{"damage_healed":0,"gold_gain":0,"player_choice":"Ignored","damage_taken":0,"max_hp_gain":0,"max_hp_loss":0,"event_name":"Liars Game","floor":2,"gold_loss":0},{"damage_healed":0,"gold_gain":0,"player_choice":"Success","damage_taken":18,"relics_obtained":["Matryoshka"],"max_hp_gain":0,"max_hp_loss":0,"event_name":"Scrap Ooze","floor":3,"gold_loss":0},{"cards_removed":["Defend_R"],"damage_healed":0,"gold_gain":0,"player_choice":"Forget","damage_taken":0,"max_hp_gain":0,"max_hp_loss":0,"event_name":"Living Wall","floor":5,"gold_loss":0},{"damage_healed":0,"gold_gain":0,"player_choice":"Got Potions","damage_taken":0,"max_hp_gain":0,"max_hp_loss":0,"event_name":"Lab","floor":13,"gold_loss":0}],"is_beta":false,"boss_relics":[],"items_purged_floors":[4,12],"is_endless":false,"potions_floor_spawned":[8],"killed_by":"Hexaghost","ascension_level":18}