{"gold_per_floor":[109,59,59,75,90,90,134,134,161,181,181,181,106,129,129,260,260,285,285,210,309,323,323,223,239,262,177,193,193,213,88,88,213,213,236,86,104,437,451,451,451,451,451,451,451,470,470,470],"floor_reached":48,"playtime":4486,"items_purged":["Strike_B","Defend_B","Defend_B","Defend_B"],"score":478,"play_id":"51220b0d-95cf-4578-8980-ba296003ecb5","local_time":"20190217022329","is_ascension_mode":false,"campfire_choices":[{"data":"Skim","floor":6,"key":"SMITH"},{"data":"Coolheaded","floor":8,"key":"SMITH"},{"floor":12,"key":"REST"},{"floor":15,"key":"REST"},{"data":"Reboot","floor":23,"key":"SMITH"},{"floor":29,"key":"REST"},{"floor":32,"key":"REST"},{"data":"Seek","floor":40,"key":"SMITH"},{"data":"Double Energy","floor":42,"key":"SMITH"},{"data":"Barrage","floor":47,"key":"SMITH"}],"neow_cost":"NONE","seed_source_timestamp":230543363837687,"circlet_count":0,"master_deck":["Zap","Dualcast","Sweeping Beam+1","Skim+1","Coolheaded+1","Reprogram","Auto Shields","Reboot+1","FTL+1","Beam Cell+1","Double Energy+1","Coolheaded+1","Glacier+1","Seek+1","Chill+1","Parasite","Barrage+1"],"relics":["Cracked Core","NeowsBlessing","Whetstone","Lantern","Astrolabe","Dream Catcher","Bronze Scales","Nuclear Battery","Gremlin Horn","Blood Vial"],"potions_floor_usage":[16,16,28,33,33,39],"damage_taken":[{"damage":0,"enemies":"2 Louse","floor":1,"turns":1},{"damage":0,"enemies":"Jaw Worm","floor":4,"turns":1},{"damage":0,"enemies":"Small Slimes","floor":5,"turns":1},{"damage":37,"enemies":"Gremlin Nob","floor":7,"turns":4},{"damage":4,"enemies":"Blue Slaver","floor":10,"turns":3},{"damage":4,"enemies":"Exordium Wildlife","floor":14,"turns":2},{"damage":57,"enemies":"Slime Boss","floor":16,"turns":14},{"damage":6,"enemies":"Spheric Guardian","floor":18,"turns":5},{"damage":12,"enemies":"Chosen","floor":22,"turns":6},{"damage":12,"enemies":"3 Cultists","floor":25,"turns":3},{"damage":20,"enemies":"Snecko","floor":28,"turns":6},{"damage":14,"enemies":"Cultist and Chosen","floor":30,"turns":5},{"damage":41,"enemies":"Automaton","floor":33,"turns":12},{"damage":0,"enemies":"3 Shapes","floor":35,"turns":1},{"damage":3,"enemies":"Orb Walker","floor":37,"turns":3},{"damage":3,"enemies":"Jaw Worm Horde","floor":39,"turns":2},{"damage":8,"enemies":"Writhing Mass","floor":46,"turns":10},{"damage":6,"enemies":"3 Darklings","floor":48,"turns":3}],"seed_played":"-3931088204744120055","potions_obtained":[{"floor":1,"key":"Weak Potion"},{"floor":4,"key":"Swift Potion"},{"floor":16,"key":"Ancient Potion"},{"floor":18,"key":"FearPotion"},{"floor":22,"key":"SteroidPotion"},{"floor":33,"key":"FocusPotion"},{"floor":35,"key":"Fire Potion"},{"floor":37,"key":"SneckoOil"}],"is_trial":false,"path_per_floor":["M","?","?","M","M","R","E","R","T","M","?","R","$","M","R","B",null,"M","?","?","?","M","R","$","M","T","?","M","R","M","$","R","B",null,"M","$","M","?","M","R","?","R","T","?","?","M","R","M"],"character_chosen":"DEFECT","items_purchased":[],"campfire_rested":4,"item_purchase_floors":[],"current_hp_per_floor":[75,75,57,57,57,57,20,20,20,16,34,56,56,52,74,17,75,69,69,69,69,57,57,57,45,45,45,25,46,32,32,53,12,72,72,72,69,69,66,66,66,66,66,66,66,60,60,56],"gold":470,"neow_bonus":"THREE_ENEMY_KILL","is_prod":false,"is_daily":false,"chose_seed":false,"campfire_upgraded":6,"win_rate":0.0,"timestamp":1550337809,"path_taken":["M","?","?","M","?","R","E","R","T","M","?","R","$","M","R","BOSS","M","?","?","?","M","R","?","?","T","?","M","R","M","$","R","BOSS","M","$","M","?","M","R","?","R","T","?","?","?","R","M"],"build_version":"2019-01-23","purchased_purges":4,"victory":false,"max_hp_per_floor":[75,75,75,75,75,75,75,75,75,75,75,75,75,75,75,75,75,75,75,72,72,72,72,72,72,72,72,72,72,72,72,72,72,72,72,72,72,72,72,72,72,72,72,72,72,72,72,72],"card_choices":[{"not_picked":["Hello World","Doom and Gloom","Barrage"],"picked":"SKIP","floor":1},{"not_picked":["Cold Snap","Fusion"],"picked":"Sweeping Beam","floor":4},{"not_picked":["Beam Cell","Melter"],"picked":"Skim","floor":5},{"not_picked":["Skim","Sweeping Beam"],"picked":"Coolheaded","floor":7},{"not_picked":["Barrage","Redo"],"picked":"Reprogram","floor":10},{"not_picked":["Rainbow","Storm"],"picked":"Auto Shields","floor":14},{"not_picked":["Creative AI","Electrodynamics"],"picked":"Reboot","floor":16},{"not_picked":["Chaos","Beam Cell","Ball Lightning"],"picked":"SKIP","floor":18},{"not_picked":["Leap+1","Stack"],"picked":"Double Energy","floor":22},{"not_picked":["Beam Cell","Lockon"],"picked":"Coolheaded+1","floor":25},{"not_picked":["Compile Driver","Force Field","Rip and Tear+1"],"picked":"SKIP","floor":28},{"not_picked":["Reinforced Body","Tempest","Genetic Algorithm"],"picked":"SKIP","floor":30},{"not_picked":["Auto Shields","Biased Cognition"],"picked":"Glacier+1","floor":32},{"not_picked":["All For One","Machine Learning"],"picked":"Seek","floor":33},{"not_picked":["Fusion","Beam Cell+1","Barrage+1"],"picked":"SKIP","floor":35},{"not_picked":["Steam+1","Streamline+1","Rainbow"],"picked":"SKIP","floor":37},{"not_picked":["Go for the Eyes","Scrape+1"],"picked":"Chill+1","floor":39},{"not_picked":["Stack","Streamline+1"],"picked":"Barrage","floor":46}],"player_experience":77130,"relics_obtained":[{"floor":7,"key":"Whetstone"},{"floor":9,"key":"Lantern"},{"floor":26,"key":"Dream Catcher"},{"floor":43,"key":"Gremlin Horn"}],"event_choices":[{"cards_removed":["Strike_B"],"damage_healed":0,"gold_gain":0,"player_choice":"Card Removal","damage_taken":0,"max_hp_gain":0,"max_hp_loss":0,"event_name":"The Cleric","floor":2,"gold_loss":50},{"damage_healed":0,"gold_gain":0,"player_choice":"Take Damage","damage_taken":18,"relics_obtained":["Golden Idol"],"max_hp_gain":0,"max_hp_loss":0,"event_name":"Golden Idol","floor":3,"gold_loss":0},{"damage_healed":18,"gold_gain":0,"player_choice":"Healed and dodged fight","damage_taken":0,"max_hp_gain":0,"max_hp_loss":0,"event_name":"Mushrooms","floor":11,"gold_loss":0,"cards_obtained":["Parasite"]},{"damage_healed":0,"gold_gain":0,"player_choice":"Ignored","damage_taken":0,"max_hp_gain":0,"max_hp_loss":0,"event_name":"Vampires","floor":19,"gold_loss":0},{"cards_removed":["Parasite"],"damage_healed":0,"gold_gain":0,"player_choice":"Gave Gold","damage_taken":0,"max_hp_gain":0,"max_hp_loss":0,"event_name":"Beggar","floor":20,"gold_loss":75},{"damage_healed":0,"gold_gain":99,"player_choice":"Stole From Cult","damage_taken":0,"max_hp_gain":0,"max_hp_loss":0,"event_name":"Nest","floor":21,"gold_loss":0},{"damage_healed":0,"gold_gain":0,"player_choice":"Obtained Relic","damage_taken":0,"relics_obtained":["Bronze Scales"],"max_hp_gain":0,"max_hp_loss":0,"event_name":"Addict","floor":27,"gold_loss":85},{"damage_healed":0,"gold_gain":333,"player_choice":"Gave Idol","damage_taken":0,"max_hp_gain":0,"max_hp_loss":0,"event_name":"The Moai Head","floor":38,"relics_lost":["Golden Idol"],"gold_loss":0},{"damage_healed":0,"gold_gain":0,"player_choice":"Memory 1","damage_taken":0,"max_hp_gain":0,"max_hp_loss":0,"event_name":"SensoryStone","floor":41,"gold_loss":0},{"cards_removed":["Electrodynamics"],"damage_healed":0,"gold_gain":0,"player_choice":"Removed Power","damage_taken":0,"max_hp_gain":0,"max_hp_loss":0,"event_name":"Falling","floor":44,"gold_loss":0},{"damage_healed":0,"gold_gain":0,"player_choice":"Gave Potion","damage_taken":0,"relics_obtained":["Blood Vial"],"max_hp_gain":0,"max_hp_loss":0,"event_name":"WeMeetAgain","floor":45,"gold_loss":0}],"is_beta":false,"boss_relics":[{"not_picked":["Tiny House","Black Star"],"picked":"Astrolabe"},{"not_picked":["Inserter","Empty Cage"],"picked":"Nuclear Battery"}],"items_purged_floors":[13,24,31,36],"is_endless":false,"potions_floor_spawned":[1,4,16,18,22,33,35,37],"killed_by":"3 Darklings","ascension_level":0}