{"gold_per_floor":[119,131,151,168,243,243,276,296,371,404,422,253,253,268,268,365,365,383,483,500,526,526,526,539,558,635,484,484,504,504,514,514,514],"floor_reached":33,"playtime":12234,"items_purged":["Strike_R","Strike_R"],"score":286,"play_id":"5b74a34d-b731-4da1-9440-192a02dddcb9","local_time":"20190219215258","is_ascension_mode":false,"campfire_choices":[{"data":"Flame Barrier","floor":6.0,"key":"SMITH"},{"data":"Rampage","floor":13.0,"key":"SMITH"},{"data":"Body Slam","floor":15.0,"key":"SMITH"},{"floor":23.0,"key":"REST"},{"data":"Flex","floor":28,"key":"SMITH"},{"data":"Sword Boomerang","floor":30,"key":"SMITH"},{"data":"Flex","floor":32,"key":"SMITH"}],"neow_cost":"NONE","seed_source_timestamp":0,"circlet_count":0,"master_deck":["Strike_R","Defend_R","Defend_R","Defend_R","Defend_R","Bash","Reaper","Headbutt","Flex+1","Flame Barrier+1","Headbutt","Feed","Body Slam+1","Body Slam","Metallicize","Rampage+1","Shrug It Off","Iron Wave","Offering","Heavy Blade","True Grit+1","True Grit+1","Infernal Blade","Rage","Wild Strike+1","Second Wind","Sword Boomerang+1","Flex+1","Spot Weakness"],"special_seed":0,"relics":["Burning Blood","Omamori","Matryoshka","Champion Belt","Velvet Choker","Torii","Letter Opener","Red Mask","Gremlin Horn","Darkstone Periapt"],"potions_floor_usage":[31,33,33],"damage_taken":[{"damage":6.0,"enemies":"Small Slimes","floor":1.0,"turns":4.0},{"damage":1.0,"enemies":"Cultist","floor":2.0,"turns":3.0},{"damage":6.0,"enemies":"Jaw Worm","floor":3.0,"turns":2.0},{"damage":4.0,"enemies":"2 Fungi Beasts","floor":4.0,"turns":5.0},{"damage":15.0,"enemies":"Gremlin Nob","floor":7.0,"turns":4.0},{"damage":5.0,"enemies":"Looter","floor":8.0,"turns":3.0},{"damage":13.0,"enemies":"3 Sentries","floor":10.0,"turns":6.0},{"damage":11.0,"enemies":"Blue Slaver","floor":11.0,"turns":6.0},{"damage":2.0,"enemies":"2 Fungi Beasts","floor":14.0,"turns":3.0},{"damage":51.0,"enemies":"Hexaghost","floor":16.0,"turns":11.0},{"damage":20.0,"enemies":"Spheric Guardian","floor":18.0,"turns":5.0},{"damage":27.0,"enemies":"Colosseum Slavers","floor":19.0,"turns":6.0},{"damage":22.0,"enemies":"Colosseum Nobs","floor":19.0,"turns":5.0},{"damage":11.0,"enemies":"3 Byrds","floor":20.0,"turns":5.0},{"damage":41.0,"enemies":"Masked Bandits","floor":21.0,"turns":6.0},{"damage":9.0,"enemies":"Snecko","floor":24.0,"turns":6.0},{"damage":16.0,"enemies":"Centurion and Healer","floor":25.0,"turns":7.0},{"damage":16,"enemies":"Snake Plant","floor":29,"turns":4},{"damage":10,"enemies":"3 Cultists","floor":31,"turns":5},{"damage":102,"enemies":"Champ","floor":33,"turns":14}],"seed_played":"-7112637499265173788","potions_obtained":[{"floor":2.0,"key":"AttackPotion"},{"floor":4.0,"key":"EntropicBrew"},{"floor":8.0,"key":"EntropicBrew"},{"floor":10.0,"key":"Swift Potion"},{"floor":19.0,"key":"BloodPotion"},{"floor":24.0,"key":"LiquidBronze"},{"floor":29,"key":"BloodPotion"}],"is_trial":false,"path_per_floor":["M","M","M","M","?","R","E","M","T","E","M","$","R","M","R","B",null,"M","?","M","?","?","R","M","M","T","$","R","M","R","M","R","B"],"character_chosen":"IRONCLAD","items_purchased":["Rampage","Shrug It Off","Sword Boomerang"],"campfire_rested":1,"item_purchase_floors":[12,12,27],"current_hp_per_floor":[80,80,80,80,72,72,69,70,70,76,78,78,78,85,85,46,89,75,49,53,31,31,60,60,60,60,60,60,50,50,69,69,0],"gold":514,"neow_bonus":"ONE_RANDOM_RARE_CARD","is_prod":false,"is_daily":false,"chose_seed":false,"campfire_upgraded":6,"win_rate":0,"timestamp":1550580778,"path_taken":["M","M","M","M","?","R","E","?","T","E","M","$","R","M","R","BOSS","M","?","M","?","?","R","M","M","T","?","R","?","R","M","R","BOSS"],"build_version":"2019-01-23","purchased_purges":2,"victory":false,"max_hp_per_floor":[80,80,80,80,80,80,80,80,80,83,86,86,86,89,89,89,89,89,92,95,98,98,98,98,98,98,98,98,98,98,98,98,98],"card_choices":[{"not_picked":["Anger","Sentinel"],"picked":"Headbutt","floor":1.0},{"not_picked":["Perfected Strike","Anger"],"picked":"Flex","floor":2.0},{"not_picked":["Cleave","Thunderclap"],"picked":"Flame Barrier","floor":3.0},{"not_picked":["Wild Strike","Thunderclap"],"picked":"Headbutt","floor":4.0},{"not_picked":["True Grit","Blood for Blood"],"picked":"Feed","floor":7.0},{"not_picked":["Ghostly Armor","Armaments"],"picked":"Body Slam","floor":8.0},{"not_picked":["Cleave","Wild Strike"],"picked":"Body Slam","floor":10.0},{"not_picked":["Pummel","Armaments"],"picked":"Metallicize","floor":11.0},{"not_picked":["Sever Soul","Anger"],"picked":"Iron Wave","floor":14.0},{"not_picked":["Feed","Barricade"],"picked":"Offering","floor":16.0},{"not_picked":["Thunderclap","Body Slam"],"picked":"Heavy Blade","floor":18.0},{"not_picked":["Heavy Blade+1","Warcry+1"],"picked":"True Grit+1","floor":20.0},{"not_picked":["Clash","Dropkick"],"picked":"True Grit+1","floor":21.0},{"not_picked":["Combust+1","Burning Pact"],"picked":"Wild Strike+1","floor":24.0},{"not_picked":["Barricade","Clothesline"],"picked":"Second Wind","floor":25.0},{"not_picked":["Infernal Blade+1","Perfected Strike"],"picked":"Flex","floor":29},{"not_picked":["Iron Wave+1","True Grit"],"picked":"Spot Weakness","floor":31}],"player_experience":254939,"relics_obtained":[{"floor":7.0,"key":"Omamori"},{"floor":9.0,"key":"Matryoshka"},{"floor":10.0,"key":"Champion Belt"},{"floor":19.0,"key":"Torii"},{"floor":19.0,"key":"Letter Opener"},{"floor":21.0,"key":"Red Mask"},{"floor":26.0,"key":"Gremlin Horn"},{"floor":26.0,"key":"Darkstone Periapt"}],"event_choices":[{"damage_healed":0.0,"max_hp_gain":0.0,"max_hp_loss":0.0,"gold_gain":75.0,"event_name":"FaceTrader","player_choice":"Touch","floor":5.0,"gold_loss":0.0,"damage_taken":8.0},{"damage_healed":0.0,"max_hp_gain":0.0,"max_hp_loss":0.0,"gold_gain":0.0,"event_name":"Colosseum","player_choice":"Fight","floor":19.0,"gold_loss":0.0,"damage_taken":0.0},{"damage_healed":0.0,"max_hp_gain":0.0,"max_hp_loss":0.0,"gold_gain":0.0,"event_name":"Colosseum","player_choice":"Fought Nobs","floor":19.0,"gold_loss":0.0,"damage_taken":0.0},{"damage_healed":0.0,"max_hp_gain":0.0,"max_hp_loss":0.0,"gold_gain":0.0,"event_name":"Masked Bandits","player_choice":"Fought Bandits","floor":21.0,"gold_loss":0.0,"damage_taken":0.0},{"damage_healed":0.0,"max_hp_gain":0.0,"max_hp_loss":0.0,"gold_gain":0.0,"cards_transformed":["Strike_R","Strike_R"],"event_name":"Drug Dealer","player_choice":"Became Test Subject","floor":22.0,"gold_loss":0.0,"damage_taken":0.0,"cards_obtained":["Infernal Blade","Rage"]}],"is_beta":false,"boss_relics":[{"not_picked":["Pandora\u0027s Box","Fusion Hammer"],"picked":"Velvet Choker"}],"items_purged_floors":[12,27],"is_endless":false,"potions_floor_spawned":[2,4,8,10,19,19,24,29],"killed_by":"Champ","ascension_level":0}