{"gold_per_floor":[99,99,99,99,48,48,28,28,28,28,28,2,2,2,2,2,2,2,2,2,2,2,2,2,2,2,2,2,2,2,2,2,2,2,2,2,2,2,2,2,2,2,2,0,0,0,0,0,0,0],"floor_reached":51,"playtime":2494,"items_purged":[],"score":1739,"play_id":"80e69c63-bb3e-4d45-82ae-dbd70cb06ce8","local_time":"20190210033118","is_ascension_mode":true,"campfire_choices":[{"floor":13,"key":"REST"},{"data":"Armaments","floor":15,"key":"SMITH"},{"floor":24,"key":"REST"},{"floor":29,"key":"REST"},{"floor":32,"key":"REST"},{"floor":45,"key":"REST"},{"floor":49,"key":"REST"}],"neow_cost":"NONE","seed_source_timestamp":287251040694100,"circlet_count":0,"master_deck":["AscendersBane","Strike_R","Strike_R","Defend_R","Defend_R","Defend_R","Defend_R","Bash","Carnage+1","Uppercut","Whirlwind","Iron Wave","Juggernaut","Clothesline","Headbutt","Headbutt","Metallicize","Armaments+1","Dual Wield","Impervious","Metallicize","Dropkick","Shrug It Off","Body Slam","Havoc","Battle Trance","Shrug It Off","Flame Barrier+1","Iron Wave","Metallicize"],"relics":["Ectoplasm","Centennial Puzzle","Lantern","Mercury Hourglass","Incense Burner","Sozu","Thread and Needle","Bronze Scales","Happy Flower","Dream Catcher","Runic Pyramid","Regal Pillow","Mango","Bottled Lightning","Self Forming Clay","Red Mask","PreservedInsect","Bag of Marbles"],"potions_floor_usage":[10,16,18,25],"damage_taken":[{"damage":9,"enemies":"2 Louse","floor":1,"turns":3},{"damage":0,"enemies":"Cultist","floor":3,"turns":2},{"damage":0,"enemies":"Small Slimes","floor":4,"turns":2},{"damage":8,"enemies":"Gremlin Nob","floor":6,"turns":3},{"damage":4,"enemies":"Exordium Thugs","floor":7,"turns":4},{"damage":25,"enemies":"3 Sentries","floor":8,"turns":6},{"damage":6,"enemies":"Lagavulin","floor":10,"turns":5},{"damage":0,"enemies":"2 Fungi Beasts","floor":11,"turns":2},{"damage":0,"enemies":"Lots of Slimes","floor":14,"turns":3},{"damage":10,"enemies":"The Guardian","floor":16,"turns":8},{"damage":4,"enemies":"3 Byrds","floor":18,"turns":4},{"damage":1,"enemies":"Shell Parasite","floor":22,"turns":2},{"damage":41,"enemies":"Book of Stabbing","floor":23,"turns":5},{"damage":17,"enemies":"Slavers","floor":25,"turns":4},{"damage":10,"enemies":"Book of Stabbing","floor":27,"turns":4},{"damage":0,"enemies":"3 Cultists","floor":28,"turns":3},{"damage":9,"enemies":"Snecko","floor":31,"turns":3},{"damage":40,"enemies":"Collector","floor":33,"turns":5},{"damage":0,"enemies":"Orb Walker","floor":35,"turns":3},{"damage":0,"enemies":"3 Shapes","floor":39,"turns":2},{"damage":6,"enemies":"Nemesis","floor":40,"turns":7},{"damage":48,"enemies":"2 Orb Walkers","floor":41,"turns":6},{"damage":10,"enemies":"Reptomancer","floor":42,"turns":8},{"damage":0,"enemies":"Giant Head","floor":46,"turns":7},{"damage":0,"enemies":"Spire Growth","floor":47,"turns":4},{"damage":0,"enemies":"Nemesis","floor":48,"turns":5},{"damage":5,"enemies":"Donu and Deca","floor":50,"turns":9}],"seed_played":"-4370793057621819082","potions_obtained":[{"floor":4,"key":"LiquidBronze"},{"floor":7,"key":"EssenceOfSteel"},{"floor":11,"key":"GamblersBrew"},{"floor":14,"key":"Fire Potion"},{"floor":16,"key":"PowerPotion"}],"is_trial":false,"path_per_floor":["M","?","M","M","$","E","M","E","T","E","M","$","R","M","R","B",null,"M","?","?","$","M","E","R","E","T","E","M","R","?","M","R","B",null,"M","?","?","$","M","E","?","E","T","?","R","E","M","E","R","B",null],"character_chosen":"IRONCLAD","items_purchased":["Iron Wave","Armaments"],"campfire_rested":6,"item_purchase_floors":[5,12],"current_hp_per_floor":[59,59,59,59,59,51,47,22,22,16,16,16,38,38,38,28,63,59,59,59,59,58,17,39,22,22,12,12,34,34,25,47,7,58,58,58,58,58,58,52,18,8,8,8,49,49,49,49,89,84],"gold":0,"neow_bonus":"BOSS_RELIC","is_prod":false,"is_daily":false,"chose_seed":false,"campfire_upgraded":1,"win_rate":0,"timestamp":1549765878,"path_taken":["M","?","M","M","$","E","M","E","T","E","M","$","R","M","R","BOSS","M","?","?","$","M","E","R","E","T","E","?","R","?","M","R","BOSS","M","?","?","$","?","E","?","E","T","?","R","E","M","E","R","BOSS"],"build_version":"2019-01-23","purchased_purges":0,"victory":true,"max_hp_per_floor":[75,75,75,75,75,75,75,75,75,75,75,75,75,75,75,75,75,75,75,75,75,75,75,75,75,75,75,75,75,75,75,75,75,75,75,75,75,75,75,75,89,89,89,89,89,89,89,89,89,89],"card_choices":[{"not_picked":["Body Slam","Clash"],"picked":"Carnage","floor":1},{"not_picked":["Reckless Charge","Inflame"],"picked":"Uppercut","floor":3},{"not_picked":["Body Slam","Perfected Strike"],"picked":"Whirlwind","floor":4},{"not_picked":["Cleave","Anger"],"picked":"Juggernaut","floor":6},{"not_picked":["Shockwave","Searing Blow"],"picked":"Clothesline","floor":7},{"not_picked":["Clothesline","Fire Breathing"],"picked":"Headbutt","floor":8},{"not_picked":["Perfected Strike","Clash"],"picked":"Headbutt","floor":10},{"not_picked":["Twin Strike","Sword Boomerang"],"picked":"Metallicize","floor":11},{"not_picked":["Reckless Charge","Clash"],"picked":"Dual Wield","floor":14},{"not_picked":["Fiend Fire","Berserk"],"picked":"Impervious","floor":16},{"not_picked":["Hemokinesis","Armaments+1","Twin Strike"],"picked":"SKIP","floor":18},{"not_picked":["Pommel Strike","Wild Strike"],"picked":"Dropkick","floor":22},{"not_picked":["Cleave","Twin Strike","Clash+1"],"picked":"SKIP","floor":23},{"not_picked":["True Grit","Perfected Strike"],"picked":"Shrug It Off","floor":25},{"not_picked":["Sword Boomerang","Thunderclap"],"picked":"Body Slam","floor":27},{"not_picked":["Cleave","Flex"],"picked":"Havoc","floor":28},{"not_picked":["Sword Boomerang","Second Wind+1"],"picked":"Battle Trance","floor":31},{"not_picked":["Whirlwind","Carnage"],"picked":"Shrug It Off","floor":32},{"not_picked":["Disarm","Heavy Blade","Twin Strike"],"picked":"SKIP","floor":35},{"not_picked":["Twin Strike","Pummel+1"],"picked":"Flame Barrier+1","floor":39},{"not_picked":["Cleave","Inflame","Hemokinesis+1"],"picked":"SKIP","floor":40},{"not_picked":["Rupture","Warcry","Wild Strike+1"],"picked":"SKIP","floor":42},{"not_picked":["Spot Weakness+1","Immolate","Heavy Blade"],"picked":"SKIP","floor":46},{"not_picked":["Headbutt","Dual Wield"],"picked":"Iron Wave","floor":47},{"not_picked":["Headbutt","Pummel"],"picked":"Metallicize","floor":48}],"player_experience":347390,"relics_obtained":[{"floor":6,"key":"Centennial Puzzle"},{"floor":8,"key":"Lantern"},{"floor":9,"key":"Mercury Hourglass"},{"floor":10,"key":"Incense Burner"},{"floor":23,"key":"Thread and Needle"},{"floor":25,"key":"Bronze Scales"},{"floor":26,"key":"Happy Flower"},{"floor":27,"key":"Dream Catcher"},{"floor":40,"key":"Regal Pillow"},{"floor":41,"key":"Mango"},{"floor":42,"key":"Bottled Lightning"},{"floor":43,"key":"Self Forming Clay"},{"floor":46,"key":"PreservedInsect"},{"floor":48,"key":"Bag of Marbles"}],"event_choices":[{"damage_healed":0,"gold_gain":0,"player_choice":"Upgraded","damage_taken":0,"max_hp_gain":0,"max_hp_loss":0,"event_name":"Upgrade Shrine","floor":2,"gold_loss":0,"cards_upgraded":["Carnage"]},{"damage_healed":0,"gold_gain":0,"player_choice":"Copied","damage_taken":0,"max_hp_gain":0,"max_hp_loss":0,"event_name":"Duplicator","floor":20,"gold_loss":0,"cards_obtained":["Metallicize"]},{"cards_removed":["Strike_R"],"damage_healed":0,"gold_gain":0,"player_choice":"Offered Basic","damage_taken":0,"max_hp_gain":0,"max_hp_loss":0,"event_name":"Bonfire Elementals","floor":30,"gold_loss":0},{"cards_removed":["Strike_R"],"damage_healed":0,"gold_gain":0,"player_choice":"Removed Attack","damage_taken":0,"max_hp_gain":0,"max_hp_loss":0,"event_name":"Falling","floor":36,"gold_loss":0},{"cards_removed":["Strike_R"],"damage_healed":0,"gold_gain":0,"player_choice":"Card Removal","damage_taken":0,"max_hp_gain":0,"max_hp_loss":0,"event_name":"Wheel of Change","floor":37,"gold_loss":0},{"damage_healed":0,"gold_gain":0,"player_choice":"Fight","damage_taken":0,"max_hp_gain":0,"max_hp_loss":0,"event_name":"Mysterious Sphere","floor":41,"gold_loss":0},{"damage_healed":0,"gold_gain":0,"player_choice":"Paid","damage_taken":0,"relics_obtained":["Red Mask"],"max_hp_gain":0,"max_hp_loss":0,"event_name":"Tomb of Lord Red Mask","floor":44,"gold_loss":2}],"is_beta":false,"boss_relics":[{"not_picked":["Runic Dome","Orrery"],"picked":"Sozu"},{"not_picked":["Mark of Pain","Runic Cube"],"picked":"Runic Pyramid"}],"items_purged_floors":[],"is_endless":false,"potions_floor_spawned":[4,7,11,14,16,18,23,31,35,39,41,46],"ascension_level":19}