{"gold_per_floor":[16,27,102,67,67,100,100,113,140,175,175,186,201,214,214,214],"floor_reached":16,"playtime":700,"items_purged":[],"score":179,"play_id":"363fc969-a64b-4bf3-9a6e-20b4ca74b53b","local_time":"20190217003713","is_ascension_mode":true,"campfire_choices":[{"floor":7,"key":"REST"},{"data":"Body Slam","floor":11,"key":"SMITH"},{"floor":15,"key":"REST"}],"neow_cost":"NO_GOLD","seed_source_timestamp":710261202074574,"circlet_count":0,"master_deck":["AscendersBane","Strike_R","Strike_R","Strike_R","Strike_R","Defend_R","Defend_R","Defend_R","Defend_R","Bash","Whirlwind","Body Slam+1","Limit Break","Warcry","Shrug It Off","Iron Wave","Impervious","Entrench","Shrug It Off"],"relics":["Burning Blood","Unceasing Top","Smiling Mask","Orichalcum","Thread and Needle"],"potions_floor_usage":[10,12,12,12,13],"damage_taken":[{"damage":9,"enemies":"Jaw Worm","floor":1,"turns":3},{"damage":0,"enemies":"2 Louse","floor":2,"turns":2},{"damage":64,"enemies":"Gremlin Nob","floor":6,"turns":6},{"damage":9,"enemies":"Small Slimes","floor":8,"turns":5},{"damage":26,"enemies":"Lagavulin","floor":10,"turns":5},{"damage":7,"enemies":"Exordium Thugs","floor":12,"turns":5},{"damage":11,"enemies":"Gremlin Gang","floor":13,"turns":4},{"damage":2,"enemies":"Large Slime","floor":14,"turns":10},{"damage":48,"enemies":"Slime Boss","floor":16,"turns":13}],"seed_played":"5640655068224758886","potions_obtained":[{"floor":6,"key":"SteroidPotion"},{"floor":8,"key":"EntropicBrew"},{"floor":10,"key":"Weak Potion"}],"is_trial":false,"path_per_floor":["M","M","?","?","?","E","R","M","T","E","R","M","M","M","R","B"],"character_chosen":"IRONCLAD","items_purchased":[],"campfire_rested":2,"item_purchase_floors":[],"current_hp_per_floor":[69,75,64,80,80,22,46,43,43,23,23,22,17,21,45,0],"gold":214,"neow_bonus":"ONE_RARE_RELIC","is_prod":false,"is_daily":false,"chose_seed":false,"campfire_upgraded":1,"win_rate":0,"timestamp":1550356633,"path_taken":["M","M","?","?","?","E","R","?","T","E","R","M","M","?","R","BOSS"],"build_version":"2019-01-23","purchased_purges":0,"victory":false,"max_hp_per_floor":[80,80,80,80,80,80,80,80,80,80,80,80,80,80,80,80],"card_choices":[{"not_picked":["Headbutt","Inflame"],"picked":"Whirlwind","floor":1},{"not_picked":["Havoc","Clothesline"],"picked":"Body Slam","floor":2},{"not_picked":["Flex","Body Slam"],"picked":"Warcry","floor":6},{"not_picked":["True Grit","Pummel"],"picked":"Shrug It Off","floor":8},{"not_picked":["Whirlwind","Perfected Strike"],"picked":"Iron Wave","floor":10},{"not_picked":["Infernal Blade","Twin Strike"],"picked":"Impervious","floor":12},{"not_picked":["Clothesline","Cleave"],"picked":"Entrench","floor":13},{"not_picked":["Feel No Pain","Whirlwind"],"picked":"Shrug It Off","floor":14}],"player_experience":193124,"relics_obtained":[{"floor":6,"key":"Smiling Mask"},{"floor":9,"key":"Orichalcum"},{"floor":10,"key":"Thread and Needle"}],"event_choices":[{"damage_healed":0,"gold_gain":75,"player_choice":"Gather Gold","damage_taken":11,"max_hp_gain":0,"max_hp_loss":0,"event_name":"World of Goop","floor":3,"gold_loss":0},{"damage_healed":20,"gold_gain":0,"player_choice":"Healed","damage_taken":0,"max_hp_gain":0,"max_hp_loss":0,"event_name":"The Cleric","floor":4,"gold_loss":35},{"damage_healed":0,"gold_gain":0,"cards_transformed":["Strike_R"],"player_choice":"Transformed","damage_taken":0,"max_hp_gain":0,"max_hp_loss":0,"event_name":"Transmorgrifier","floor":5,"gold_loss":0,"cards_obtained":["Limit Break"]}],"is_beta":false,"boss_relics":[],"items_purged_floors":[],"is_endless":false,"potions_floor_spawned":[6,8,10],"killed_by":"Slime Boss","ascension_level":12}