{"gold_per_floor":[110,110,110,110,126,126,167,231,231,231,247,265,265,296,296,389,389,404,503,503,131,156,168,221,279,291,303],"floor_reached":27,"playtime":1551,"items_purged":["Strike_B"],"score":403,"play_id":"a4fe4379-c548-4225-8a15-de8fdfa53f49","local_time":"20181117095322","is_ascension_mode":true,"campfire_choices":[{"data":"Zap","floor":6,"key":"SMITH"},{"floor":10,"key":"REST"},{"floor":13,"key":"REST"},{"floor":15,"key":"REST"},{"floor":23,"key":"REST"}],"neow_cost":"NONE","seed_source_timestamp":195655394451385,"circlet_count":0,"master_deck":["AscendersBane","Strike_B","Strike_B","Strike_B","Defend_B","Defend_B","Defend_B","Defend_B","Zap+1","Dualcast","Deep Breath","Leap","Glacier","Cold Snap","Capacitor","Compile Driver","Sunder","Creative AI","Glacier","Reboot","Go for the Eyes","Buffer"],"relics":["Cracked Core","Golden Idol","Prayer Wheel","Bird Faced Urn","Dodecahedron","Mercury Hourglass","Eternal Feather","Bronze Scales","MawBank","Omamori","PreservedInsect","Kunai"],"potions_floor_usage":[16,20],"damage_taken":[{"damage":2,"enemies":"2 Louse","floor":1,"turns":3},{"damage":12,"enemies":"Jaw Worm","floor":5,"turns":2},{"damage":14,"enemies":"3 Sentries","floor":7,"turns":11},{"damage":20,"enemies":"Lagavulin Event","floor":8,"turns":10},{"damage":4,"enemies":"Small Slimes","floor":11,"turns":5},{"damage":3,"enemies":"Blue Slaver","floor":12,"turns":5},{"damage":39,"enemies":"Gremlin Nob","floor":14,"turns":6},{"damage":25,"enemies":"Hexaghost","floor":16,"turns":12},{"damage":25,"enemies":"3 Byrds","floor":18,"turns":7},{"damage":10,"enemies":"Colosseum Slavers","floor":20,"turns":5},{"damage":10,"enemies":"Spheric Guardian","floor":22,"turns":6},{"damage":64,"enemies":"Book of Stabbing","floor":24,"turns":7},{"damage":25,"enemies":"Centurion and Healer","floor":27,"turns":9}],"seed_played":"6234835351043166160","potions_obtained":[{"floor":11,"key":"Ancient Potion"},{"floor":14,"key":"Weak Potion"},{"floor":16,"key":"AttackPotion"}],"is_trial":false,"path_per_floor":["M","?","?","?","M","R","E","?","T","R","M","M","R","E","R","B",null,"M","?","?","$","M","R","E","T","T","M"],"character_chosen":"DEFECT","items_purchased":["Bronze Scales","MawBank"],"campfire_rested":4,"item_purchase_floors":[21,21],"current_hp_per_floor":[62,62,62,67,55,55,41,21,21,43,41,40,62,25,47,40,67,48,48,42,42,34,68,10,10,10,0],"gold":303,"neow_bonus":"RANDOM_COLORLESS","is_prod":false,"is_daily":false,"chose_seed":false,"campfire_upgraded":1,"win_rate":0,"timestamp":1542416002,"path_taken":["M","?","?","?","?","R","E","?","T","R","M","M","R","E","R","BOSS","M","?","?","$","M","R","E","?","T","M"],"build_version":"2018-11-15","purchased_purges":1,"victory":false,"max_hp_per_floor":[71,71,71,76,76,76,76,76,76,76,76,76,76,76,76,76,76,76,76,76,76,76,76,76,76,76,76],"card_choices":[{"not_picked":["Streamline","Go for the Eyes"],"picked":"Leap","floor":1},{"not_picked":["Steam Power","Hologram"],"picked":"Glacier","floor":5},{"not_picked":["Consume","Hologram"],"picked":"Cold Snap","floor":7},{"not_picked":["Go for the Eyes","Beam Cell"],"picked":"Capacitor","floor":8},{"not_picked":["Steam","Static Discharge"],"picked":"Compile Driver","floor":11},{"not_picked":["Reprogram","Streamline"],"picked":"Sunder","floor":11},{"not_picked":["Consume","Compile Driver"],"picked":"Creative AI","floor":12},{"not_picked":["Streamline","Storm"],"picked":"Glacier","floor":12},{"not_picked":["Biased Cognition","Stack","Sweeping Beam"],"picked":"SKIP","floor":14},{"not_picked":["Rainbow","Thunder Strike"],"picked":"Reboot","floor":16},{"not_picked":["Coolheaded","Cold Snap"],"picked":"Go for the Eyes","floor":18},{"not_picked":["Skim","Genetic Algorithm","Barrage"],"picked":"SKIP","floor":18},{"not_picked":["Heatsinks","Consume","Genetic Algorithm+1"],"picked":"SKIP","floor":22},{"not_picked":["Hello World","Rip and Tear","All For One"],"picked":"SKIP","floor":22},{"not_picked":["Capacitor","Static Discharge"],"picked":"Buffer","floor":24}],"player_experience":516304,"relics_obtained":[{"floor":7,"key":"Prayer Wheel"},{"floor":8,"key":"Bird Faced Urn"},{"floor":9,"key":"Dodecahedron"},{"floor":14,"key":"Mercury Hourglass"},{"floor":24,"key":"Omamori"},{"floor":25,"key":"PreservedInsect"},{"floor":26,"key":"Kunai"}],"event_choices":[{"damage_healed":0,"gold_gain":0,"player_choice":"Take Wound","damage_taken":0,"relics_obtained":["Golden Idol"],"max_hp_gain":0,"max_hp_loss":0,"event_name":"Golden Idol","floor":2,"gold_loss":0,"cards_obtained":["Injury"]},{"cards_removed":["Injury"],"damage_healed":0,"gold_gain":0,"player_choice":"Forget","damage_taken":0,"max_hp_gain":0,"max_hp_loss":0,"event_name":"Living Wall","floor":3,"gold_loss":0},{"damage_healed":0,"gold_gain":0,"player_choice":"Donut","damage_taken":0,"max_hp_gain":5,"max_hp_loss":0,"event_name":"Big Fish","floor":4,"gold_loss":0},{"damage_healed":0,"gold_gain":30,"player_choice":"Searched \u00272\u0027 times","damage_taken":0,"max_hp_gain":0,"max_hp_loss":0,"event_name":"Dead Adventurer","floor":8,"gold_loss":0},{"damage_healed":0,"gold_gain":99,"player_choice":"Stole From Cult","damage_taken":0,"max_hp_gain":0,"max_hp_loss":0,"event_name":"Nest","floor":19,"gold_loss":0},{"damage_healed":0,"gold_gain":0,"player_choice":"Fight","damage_taken":0,"max_hp_gain":0,"max_hp_loss":0,"event_name":"Colosseum","floor":20,"gold_loss":0},{"damage_healed":0,"gold_gain":0,"player_choice":"Fled From Nobs","damage_taken":0,"max_hp_gain":0,"max_hp_loss":0,"event_name":"Colosseum","floor":20,"gold_loss":0}],"is_beta":false,"boss_relics":[{"not_picked":["White Beast Statue","Tiny House"],"picked":"Eternal Feather"}],"items_purged_floors":[21],"is_endless":false,"potions_floor_spawned":[11,14,16],"killed_by":"Centurion and Healer","ascension_level":14}