{"gold_per_floor":[115,128,128,188,238,271,283,55,82,114,114,129,187,187],"floor_reached":14,"playtime":530,"items_purged":["Defend_R"],"score":220,"play_id":"530f1fea-33ce-495e-99b9-4b0ee005c561","local_time":"20190211143004","is_ascension_mode":true,"campfire_choices":[{"floor":11,"key":"REST"}],"neow_cost":"NONE","seed_source_timestamp":0,"circlet_count":0,"master_deck":["AscendersBane","Strike_R","Strike_R","Strike_R","Strike_R","Strike_R","Defend_R","Defend_R","Bash","Clothesline","Headbutt","Shockwave","Power Through","Perfected Strike","Armaments","Barricade","True Grit","Perfected Strike","Flame Barrier","Perfected Strike"],"special_seed":0,"relics":["Sozu","SsserpentHead","Juzu Bracelet","Strawberry","Art of War","Tiny Chest"],"potions_floor_usage":[],"damage_taken":[{"damage":7,"enemies":"Small Slimes","floor":1,"turns":4},{"damage":0,"enemies":"Cultist","floor":2,"turns":3},{"damage":2,"enemies":"Jaw Worm","floor":4,"turns":2},{"damage":25,"enemies":"Lagavulin","floor":6,"turns":7},{"damage":11,"enemies":"Exordium Thugs","floor":7,"turns":4},{"damage":8,"enemies":"Gremlin Nob","floor":10,"turns":3},{"damage":18,"enemies":"Gremlin Gang","floor":12,"turns":4},{"damage":25,"enemies":"3 Sentries","floor":13,"turns":6},{"damage":3,"enemies":"Large Slime","floor":14,"turns":2}],"seed_played":"3698301716878721058","potions_obtained":[],"is_trial":false,"path_per_floor":["M","M","?","M","?","E","M","$","T","E","R","M","E","M"],"character_chosen":"IRONCLAD","items_purchased":["Barricade","True Grit"],"campfire_rested":1,"item_purchase_floors":[8,8],"current_hp_per_floor":[61,61,61,59,59,34,23,23,30,22,46,28,3,0],"gold":187,"neow_bonus":"BOSS_RELIC","is_prod":false,"is_daily":false,"chose_seed":false,"campfire_upgraded":0,"win_rate":0,"timestamp":1549891804,"path_taken":["M","M","?","?","?","E","M","?","T","E","R","M","E","M"],"build_version":"2019-01-23","purchased_purges":1,"victory":false,"max_hp_per_floor":[75,75,75,75,75,75,75,75,82,82,82,82,82,82],"card_choices":[{"not_picked":["Heavy Blade","Hemokinesis"],"picked":"Clothesline","floor":1},{"not_picked":["Corruption","Havoc"],"picked":"Headbutt","floor":2},{"not_picked":["Hemokinesis","Twin Strike"],"picked":"Shockwave","floor":4},{"not_picked":["Bloodletting","Blood for Blood"],"picked":"Perfected Strike","floor":6},{"not_picked":["Shrug It Off","Sword Boomerang"],"picked":"Armaments","floor":7},{"not_picked":["Carnage","Sentinel"],"picked":"Perfected Strike","floor":10},{"not_picked":["Pommel Strike","Sword Boomerang"],"picked":"Flame Barrier","floor":12},{"not_picked":["Thunderclap","Wild Strike"],"picked":"Perfected Strike","floor":13}],"player_experience":365070,"relics_obtained":[{"floor":6,"key":"Juzu Bracelet"},{"floor":9,"key":"Strawberry"},{"floor":10,"key":"Art of War"},{"floor":13,"key":"Tiny Chest"}],"event_choices":[{"damage_healed":0,"gold_gain":0,"player_choice":"Trade","damage_taken":0,"relics_obtained":["SsserpentHead"],"max_hp_gain":0,"max_hp_loss":0,"event_name":"FaceTrader","floor":3,"gold_loss":0},{"damage_healed":0,"gold_gain":0,"cards_transformed":["Defend_R"],"player_choice":"Transformed","damage_taken":0,"max_hp_gain":0,"max_hp_loss":0,"event_name":"Transmorgrifier","floor":5,"gold_loss":0,"cards_obtained":["Power Through"]}],"is_beta":false,"boss_relics":[],"items_purged_floors":[8],"is_endless":false,"potions_floor_spawned":[4,6,7,12],"killed_by":"Large Slime","ascension_level":20}