{"path_per_floor":["M","?","M","M","M","E","R","M","T","M","E","M","?","E","R","B",null,"M","?","$","M","?","E","?","R","T","R","?","M","E","M","R","B",null,"M","M","?","M","T","E","R","?","T","E","M","M","M","?","R","B"],"character_chosen":"IRONCLAD","items_purchased":["Girya"],"gold_per_floor":[119,119,131,146,158,187,187,207,207,225,251,263,291,322,322,427,427,438,363,55,69,69,103,103,103,103,103,103,117,146,162,162,258,258,271,291,0,12,64,97,97,147,147,182,197,214,231,231,231,231],"floor_reached":51,"campfire_rested":0,"playtime":2612,"current_hp_per_floor":[80,80,80,80,80,66,66,42,42,41,41,41,38,44,44,50,80,74,74,74,74,58,23,23,23,23,23,14,24,29,38,38,45,61,61,61,61,61,61,61,61,50,50,61,42,43,38,28,28,11],"items_purged":[],"gold":231,"score":944,"play_id":"a2fe4516-5da4-42ea-b1f5-1bd78a812775","local_time":"20180513213118","is_prod":false,"is_daily":false,"chose_seed":false,"is_ascension_mode":false,"campfire_upgraded":4,"timestamp":1526239878,"path_taken":["M","?","M","M","M","E","R","M","T","M","E","?","?","E","R","BOSS","M","?","$","M","?","E","?","R","T","R","?","M","E","M","R","BOSS","M","?","?","M","?","E","R","?","T","E","?","M","M","?","R","BOSS"],"build_version":"2018-05-10","seed_source_timestamp":0,"purchased_purges":0,"victory":true,"master_deck":["Defend_R","Defend_R","Defend_R","Defend_R","Bash","Pommel Strike","Shrug It Off","Pommel Strike+1","Clash","Pommel Strike","Clash","Body Slam+1","Clash","Clash","Double Tap","Pommel Strike+1","True Grit+1","Bite","Bite","Bite","Bite","Bite","Metallicize","Pommel Strike","Shrug It Off+1","Double Tap","Pommel Strike+1","Pommel Strike+1","Body Slam+1","Writhe","Writhe","Brutality","Offering+1","Body Slam+1","Clash+1","Warcry+1","Apotheosis","Flash of Steel","Jack Of All Trades"],"max_hp_per_floor":[80,80,80,80,80,80,80,80,80,80,80,80,80,80,80,80,80,80,80,80,80,80,80,56,56,56,56,61,61,61,61,61,61,61,61,61,61,61,61,61,61,61,61,61,61,61,61,61,61,61],"relics":["Burning Blood","Prayer Wheel","Paper Frog","Bottled Lightning","Happy Flower","Odd Mushroom","Champion Belt","Sozu","Girya","Enchiridion","Vajra","Pantograph","Regal Pillow","Cursed Key","Red Mask","Blood Vial","Ancient Tea Set","Charon\u0027s Ashes","Pen Nib","Anchor"],"card_choices":[{"not_picked":["Cleave","Anger"],"picked":"Pommel Strike","floor":1.0},{"not_picked":["Heavy Blade","Blood for Blood"],"picked":"Shrug It Off","floor":3.0},{"not_picked":["Infernal Blade","Cleave"],"picked":"Pommel Strike","floor":4.0},{"not_picked":["Perfected Strike","Thunderclap"],"picked":"Clash","floor":8.0},{"not_picked":["Cleave","Limit Break"],"picked":"Pommel Strike","floor":9.0},{"not_picked":["Body Slam","Cleave"],"picked":"Clash","floor":11.0},{"not_picked":["Anger","True Grit"],"picked":"Body Slam","floor":12.0},{"not_picked":["Entrench","Headbutt"],"picked":"Clash","floor":13.0},{"not_picked":["Heavy Blade","Body Slam"],"picked":"Clash","floor":14.0},{"not_picked":["Brutality","Berserk"],"picked":"Double Tap","floor":16.0},{"not_picked":["Reckless Charge","Thunderclap"],"picked":"Pommel Strike","floor":21.0},{"not_picked":["Perfected Strike","Havoc"],"picked":"True Grit","floor":23.0},{"not_picked":["Sentinel","Blood for Blood"],"picked":"Metallicize","floor":26.0},{"not_picked":["Cleave","Perfected Strike"],"picked":"Pommel Strike","floor":30.0},{"not_picked":["Exhume","Iron Wave"],"picked":"Shrug It Off","floor":31.0},{"not_picked":["Brutality","Barricade"],"picked":"Double Tap","floor":33.0},{"not_picked":["Wild Strike","Flex"],"picked":"Pommel Strike","floor":35},{"not_picked":["Headbutt","Iron Wave"],"picked":"Pommel Strike","floor":36},{"not_picked":["Carnage","Corruption"],"picked":"Body Slam","floor":38},{"not_picked":["Twin Strike","Dual Wield"],"picked":"Brutality","floor":43},{"not_picked":["Havoc","Shrug It Off"],"picked":"Offering","floor":44},{"not_picked":["Battle Trance","Flex"],"picked":"Body Slam","floor":45},{"not_picked":["Headbutt","Heavy Blade"],"picked":"Clash","floor":46},{"not_picked":["True Grit","Cleave"],"picked":"Warcry","floor":47},{"not_picked":["Panacea","Purity"],"picked":"Apotheosis","floor":48},{"not_picked":["Apotheosis","Sadistic Nature"],"picked":"Flash of Steel","floor":48},{"not_picked":["Swift Strike","Apotheosis"],"picked":"Jack Of All Trades","floor":48}],"player_experience":43910,"potions_floor_usage":[],"damage_taken":[{"damage":1.0,"enemies":"Cultist","floor":1.0,"turns":3.0},{"damage":4.0,"enemies":"2 Louse","floor":3.0,"turns":3.0},{"damage":6.0,"enemies":"Jaw Worm","floor":4.0,"turns":4.0},{"damage":0.0,"enemies":"Looter","floor":5.0,"turns":4.0},{"damage":20.0,"enemies":"3 Sentries","floor":6.0,"turns":12.0},{"damage":30.0,"enemies":"Gremlin Gang","floor":8.0,"turns":4.0},{"damage":7.0,"enemies":"Blue Slaver","floor":10.0,"turns":3.0},{"damage":6.0,"enemies":"Gremlin Nob","floor":11.0,"turns":3.0},{"damage":6.0,"enemies":"3 Louse","floor":12.0,"turns":4.0},{"damage":9.0,"enemies":"The Mushroom Lair","floor":13.0,"turns":3.0},{"damage":0.0,"enemies":"3 Sentries","floor":14.0,"turns":5.0},{"damage":0.0,"enemies":"Slime Boss","floor":16.0,"turns":6.0},{"damage":12.0,"enemies":"Chosen","floor":18.0,"turns":5.0},{"damage":6.0,"enemies":"Shell Parasite","floor":21.0,"turns":3.0},{"damage":41.0,"enemies":"Book of Stabbing","floor":23.0,"turns":5.0},{"damage":0.0,"enemies":"Snecko","floor":29.0,"turns":3.0},{"damage":11.0,"enemies":"Slavers","floor":30.0,"turns":3.0},{"damage":7.0,"enemies":"Centurion and Healer","floor":31.0,"turns":3.0},{"damage":22.0,"enemies":"Collector","floor":33.0,"turns":4.0},{"damage":8,"enemies":"Orb Walker","floor":35,"turns":2},{"damage":0,"enemies":"3 Darklings","floor":36,"turns":3},{"damage":3,"enemies":"4 Shapes","floor":38,"turns":5},{"damage":4,"enemies":"Giant Head","floor":40,"turns":5},{"damage":17,"enemies":"Mysterious Sphere","floor":42,"turns":4},{"damage":3,"enemies":"2 Orb Walkers","floor":44,"turns":3},{"damage":30,"enemies":"Sphere and 2 Shapes","floor":45,"turns":3},{"damage":23,"enemies":"Maw","floor":46,"turns":5},{"damage":19,"enemies":"4 Shapes","floor":47,"turns":3},{"damage":66,"enemies":"Donu and Deca","floor":50,"turns":7}],"event_choices":[{"event_name":"Accursed Blacksmith","player_choice":"Rummage","floor":2.0,"damage_taken":0.0},{"event_name":"Mushrooms","player_choice":"Fought Mushrooms","floor":13.0,"damage_taken":0.0},{"event_name":"Beggar","player_choice":"Gave Gold","floor":19.0,"damage_taken":0.0},{"event_name":"Cursed Tome","player_choice":"Obtained Book","floor":22.0,"damage_taken":0.0},{"event_name":"Vampires","player_choice":"Became a vampire","floor":24.0,"damage_taken":0.0},{"event_name":"Forgotten Altar","player_choice":"Shed Blood","floor":28.0,"damage_taken":0.0},{"event_name":"Tomb of Lord Red Mask","player_choice":"Paid","floor":37,"damage_taken":0},{"event_name":"Mysterious Sphere","player_choice":"Fight","floor":42,"damage_taken":0},{"event_name":"SensoryStone","player_choice":"Memory 3","floor":48,"damage_taken":0}],"boss_relics":[{"not_picked":["Velvet Choker","Calling Bell"],"picked":"Cursed Key"}],"potions_floor_spawned":[5,8,10,11,16,18,30,31,38,40,42,45,46,47],"seed_played":"1340854078896542606","ascension_level":0,"is_trial":false}