{"gold_per_floor":[114,189,189,203,203,203,241,241,309,6,50,62,74,105,117,253,265,293,329,466,493,445,457,502,514,551,586,614,640,652,678,690,702],"floor_reached":33,"playtime":6957,"items_purged":["Injury"],"score":339,"play_id":"f0895a64-7029-4e61-ad58-4ea12e1f97b6","local_time":"20181014015942","is_ascension_mode":true,"campfire_choices":[{"data":"Zap","floor":6,"key":"SMITH"},{"floor":8,"key":"REST"},{"data":"Streamline","floor":13,"key":"SMITH"},{"data":"Tempest","floor":15,"key":"SMITH"},{"floor":23,"key":"REST"},{"floor":25,"key":"REST"},{"floor":32,"key":"REST"}],"neow_cost":"","seed_source_timestamp":698443172792430,"circlet_count":0,"master_deck":["Strike_B","Strike_B","Strike_B","Strike_B","Defend_B","Defend_B","Defend_B","Defend_B","Zap+1","Dualcast","Tempest+1","Streamline+1","Sunder+1","Conserve Battery","Machine Learning","Melter","Self Repair+1","Redo","Steam Power","Core Surge","Sunder+1","Ball Lightning+1","Redo","Aggregate+1","Ball Lightning"],"relics":["Cracked Core","Golden Idol","Bottled Lightning","Gremlin Horn","Orichalcum","MawBank","Lizard Tail","Mango","Shuriken","Meat on the Bone","Regal Pillow"],"potions_floor_usage":[20,24,28,33],"damage_taken":[{"damage":0,"enemies":"Small Slimes","floor":1,"turns":3},{"damage":10,"enemies":"Cultist","floor":4,"turns":4},{"damage":31,"enemies":"3 Sentries","floor":7,"turns":6},{"damage":8,"enemies":"Gremlin Nob","floor":11,"turns":3},{"damage":0,"enemies":"Jaw Worm","floor":14,"turns":3},{"damage":18,"enemies":"The Guardian","floor":16,"turns":10},{"damage":17,"enemies":"2 Thieves","floor":18,"turns":4},{"damage":27,"enemies":"3 Byrds","floor":19,"turns":5},{"damage":36,"enemies":"Colosseum Slavers","floor":20,"turns":5},{"damage":58,"enemies":"Colosseum Nobs","floor":20,"turns":5},{"damage":10,"enemies":"Cultist and Chosen","floor":21,"turns":6},{"damage":63,"enemies":"Gremlin Leader","floor":24,"turns":8},{"damage":28,"enemies":"Chosen and Byrds","floor":27,"turns":6},{"damage":30,"enemies":"Snake Plant","floor":28,"turns":5},{"damage":6,"enemies":"3 Cultists","floor":29,"turns":3},{"damage":0,"enemies":"Sentry and Sphere","floor":31,"turns":3},{"damage":99,"enemies":"Automaton","floor":33,"turns":10}],"seed_played":"-3070788085520681066","potions_obtained":[{"floor":7,"key":"Regen Potion"},{"floor":14,"key":"Dexterity Potion"},{"floor":19,"key":"SkillPotion"},{"floor":24,"key":"Weak Potion"},{"floor":27,"key":"Block Potion"},{"floor":28,"key":"Energy Potion"}],"is_trial":false,"path_per_floor":["M","?","?","M","?","R","E","R","T","$","E","?","R","M","R","B",null,"M","M","?","M","?","R","E","R","T","M","M","M","?","M","R"],"character_chosen":"DEFECT","items_purchased":["Sunder","Orichalcum"],"campfire_rested":4,"item_purchase_floors":[10,10],"current_hp_per_floor":[75,64,69,59,59,59,28,52,52,52,44,44,44,44,44,26,80,63,36,40,40,40,68,15,43,43,37,29,45,45,57,94,0],"gold":702,"neow_bonus":"","is_prod":false,"is_daily":false,"chose_seed":false,"campfire_upgraded":3,"win_rate":0,"timestamp":1539449982,"path_taken":["M","?","?","?","?","R","E","R","T","?","E","?","R","M","R","BOSS","M","M","?","M","?","R","E","R","T","M","M","M","?","M","R","BOSS"],"build_version":"2018-10-11","purchased_purges":1,"victory":false,"max_hp_per_floor":[75,75,80,80,80,80,80,80,80,80,80,80,80,80,80,80,80,80,80,94,94,94,94,94,94,94,94,94,94,94,94,94,94],"card_choices":[{"not_picked":["Cold Snap","White Noise"],"picked":"Tempest","floor":1},{"not_picked":["Glacier","Cold Snap"],"picked":"Streamline","floor":4},{"not_picked":["Go for the Eyes","Storm","Heatsinks"],"picked":"SKIP","floor":7},{"not_picked":["Static Discharge","Defragment"],"picked":"Conserve Battery","floor":11},{"not_picked":["Undo","Steam"],"picked":"Coolheaded","floor":14},{"not_picked":["Thunder Strike","Meteor Strike"],"picked":"Machine Learning","floor":16},{"not_picked":["Turbo+1","Defragment"],"picked":"Melter","floor":18},{"not_picked":["Rip and Tear","Glacier"],"picked":"Self Repair+1","floor":19},{"not_picked":["Sweeping Beam","Barrage"],"picked":"Redo","floor":20},{"not_picked":["Consume+1","Defragment"],"picked":"Scrape+1","floor":21},{"not_picked":["White Noise","Double Energy"],"picked":"Sunder+1","floor":24},{"not_picked":["Compile Driver","Stack"],"picked":"Ball Lightning+1","floor":27},{"not_picked":["Steam+1","Consume"],"picked":"Redo","floor":28},{"not_picked":["Beam Cell+1","Undo+1"],"picked":"Aggregate+1","floor":29},{"not_picked":["Reprogram","Rebound"],"picked":"Ball Lightning","floor":31}],"player_experience":82139,"relics_obtained":[{"floor":7,"key":"Bottled Lightning"},{"floor":9,"key":"Gremlin Horn"},{"floor":11,"key":"MawBank"},{"floor":20,"key":"Mango"},{"floor":20,"key":"Shuriken"},{"floor":24,"key":"Meat on the Bone"},{"floor":26,"key":"Regal Pillow"}],"event_choices":[{"event_name":"World of Goop","player_choice":"Gather Gold","floor":2,"damage_taken":0},{"event_name":"Big Fish","player_choice":"Donut","floor":3,"damage_taken":0},{"event_name":"Golden Idol","player_choice":"Take Wound","floor":5,"damage_taken":0},{"event_name":"Living Wall","player_choice":"Grow","floor":12,"damage_taken":0},{"event_name":"Colosseum","player_choice":"Fight","floor":20,"damage_taken":0},{"event_name":"Colosseum","player_choice":"Fought Nobs","floor":20,"damage_taken":0},{"event_name":"Designer","player_choice":"Transform 2 Cards","floor":22,"damage_taken":0},{"event_name":"The Woman in Blue","player_choice":"Bought 0 Potions","floor":30,"damage_taken":0}],"is_beta":false,"boss_relics":[{"not_picked":["Calling Bell","Sozu"],"picked":"Lizard Tail"}],"items_purged_floors":[10],"is_endless":false,"potions_floor_spawned":[7,14,19,20,24,27,28],"killed_by":"Automaton","ascension_level":1}