{"gold_per_floor":[109,119,17,17,30,30,30,30,53,53,53,92,92,126,126,245,245,261,279,279,297,320,320],"floor_reached":23,"playtime":1883,"items_purged":["Strike_B"],"score":199,"play_id":"9acf72e8-52de-4a6d-8d55-f10176621097","local_time":"20190217144447","is_ascension_mode":false,"campfire_choices":[{"floor":6,"key":"REST"},{"data":"Steam","floor":8,"key":"SMITH"},{"floor":13,"key":"REST"},{"floor":15,"key":"REST"}],"neow_cost":"PERCENT_DAMAGE","seed_source_timestamp":277625282285244,"circlet_count":0,"master_deck":["Strike_B","Strike_B","Defend_B","Defend_B","Defend_B","Defend_B","Zap","Dualcast","Steam Power","Steam+1","Sweeping Beam","Glacier","Fission","Skim","Streamline+1","Go for the Eyes+1","Chill","Rebound+1","Turbo"],"relics":["Cracked Core","Mango","Golden Idol","Happy Flower","Ornamental Fan","Molten Egg 2","Orrery"],"potions_floor_usage":[5,16,21,22],"damage_taken":[{"damage":6,"enemies":"Small Slimes","floor":1,"turns":3},{"damage":8,"enemies":"Jaw Worm","floor":2,"turns":3},{"damage":5,"enemies":"2 Louse","floor":5,"turns":2},{"damage":26,"enemies":"3 Sentries","floor":12,"turns":7},{"damage":41,"enemies":"Lagavulin","floor":14,"turns":7},{"damage":35,"enemies":"Slime Boss","floor":16,"turns":13},{"damage":1,"enemies":"Chosen","floor":18,"turns":6},{"damage":20,"enemies":"2 Thieves","floor":19,"turns":4},{"damage":0,"enemies":"Snake Plant","floor":21,"turns":5},{"damage":29,"enemies":"Sentry and Sphere","floor":22,"turns":8},{"damage":44,"enemies":"Gremlin Leader","floor":23,"turns":12}],"seed_played":"8907176325185817961","potions_obtained":[{"floor":2,"key":"Regen Potion"},{"floor":14,"key":"Fire Potion"},{"floor":20,"key":"Ancient Potion"},{"floor":20,"key":"SteroidPotion"},{"floor":20,"key":"Block Potion"},{"floor":21,"key":"Poison Potion"}],"is_trial":false,"path_per_floor":["M","M","$","?","M","R","?","R","T","$","?","E","R","E","R","B",null,"M","M","?","M","M","E"],"character_chosen":"DEFECT","items_purchased":["Steam"],"campfire_rested":3,"item_purchase_floors":[3],"current_hp_per_floor":[62,54,54,32,32,58,58,58,58,58,51,25,51,10,36,1,89,88,68,68,68,39,0],"gold":320,"neow_bonus":"ONE_RARE_RELIC","is_prod":false,"is_daily":false,"chose_seed":false,"campfire_upgraded":1,"win_rate":0.0,"timestamp":1550382287,"path_taken":["M","M","$","?","M","R","?","R","T","$","?","E","R","E","R","BOSS","M","M","?","?","M","E"],"build_version":"2019-01-23","purchased_purges":1,"victory":false,"max_hp_per_floor":[89,89,89,89,89,89,89,89,89,89,89,89,89,89,89,89,89,89,89,89,89,89,89],"card_choices":[{"not_picked":["Cold Snap","Ball Lightning","Hello World"],"picked":"SKIP","floor":1},{"not_picked":["Compile Driver","Coolheaded"],"picked":"Steam Power","floor":2},{"not_picked":["Barrage","Doom and Gloom"],"picked":"Sweeping Beam","floor":5},{"not_picked":["Sweeping Beam","Undo","Redo"],"picked":"SKIP","floor":12},{"not_picked":["Consume","Reinforced Body"],"picked":"Glacier","floor":14},{"not_picked":["Creative AI","Electrodynamics"],"picked":"Fission","floor":16},{"not_picked":["Ball Lightning+1","Hello World"],"picked":"Skim","floor":17},{"not_picked":["Steam","Reinforced Body"],"picked":"Streamline+1","floor":17},{"not_picked":["Sunder+1","Streamline+1"],"picked":"Go for the Eyes+1","floor":17},{"not_picked":["Coolheaded","Stack","Blizzard+1"],"picked":"SKIP","floor":18},{"not_picked":["Conserve Battery","Cold Snap+1"],"picked":"Chill","floor":19},{"not_picked":["Undo","Loop"],"picked":"Rebound+1","floor":21},{"not_picked":["Ball Lightning+1","Doom and Gloom+1"],"picked":"Turbo","floor":22}],"player_experience":85159,"relics_obtained":[{"floor":9,"key":"Happy Flower"},{"floor":12,"key":"Ornamental Fan"},{"floor":14,"key":"Molten Egg 2"}],"event_choices":[{"damage_healed":0,"gold_gain":0,"player_choice":"Take Damage","damage_taken":22,"relics_obtained":["Golden Idol"],"max_hp_gain":0,"max_hp_loss":0,"event_name":"Golden Idol","floor":4,"gold_loss":0},{"damage_healed":0,"gold_gain":0,"player_choice":"Ignored","damage_taken":0,"max_hp_gain":0,"max_hp_loss":0,"event_name":"Shining Light","floor":7,"gold_loss":0},{"cards_removed":["Strike_B"],"damage_healed":0,"gold_gain":0,"player_choice":"Card Removal","damage_taken":7,"max_hp_gain":0,"max_hp_loss":0,"event_name":"Golden Wing","floor":11,"gold_loss":0},{"damage_healed":0,"gold_gain":0,"player_choice":"Got Potions","damage_taken":0,"max_hp_gain":0,"max_hp_loss":0,"event_name":"Lab","floor":20,"gold_loss":0}],"is_beta":false,"boss_relics":[{"not_picked":["Black Star","Velvet Choker"],"picked":"Orrery"}],"items_purged_floors":[3],"is_endless":false,"potions_floor_spawned":[2,14,21],"killed_by":"Gremlin Leader","ascension_level":0}