{"path_per_floor":["M","?","M","$","?","R","$","R","T","?","M","M","?","M","R","B",null,"M","$","M","$","M","R","M","R","T","?","M","M","R","?","R","B",null,"M","M","?","?","M","R","M","M","T","$","E","M","M","$","R"],"character_chosen":"IRONCLAD","items_purchased":["Dropkick","PowerPotion"],"gold_per_floor":[115,115,132,57,57,57,57,57,102,166,181,196,196,213,213,317,317,327,147,166,41,61,61,73,73,73,73,92,107,107,107,107,209,239,250,260,260,260,275,275,291,303,360,210,236,253,269,219,219,219],"floor_reached":50,"campfire_rested":1,"playtime":1805,"current_hp_per_floor":[78,78,75,75,75,75,75,75,82,64,64,70,62,68,68,16,69,75,75,81,81,81,81,84,84,84,84,87,87,87,87,87,65,87,92,78,78,78,89,89,81,87,87,87,53,42,32,32,61,0],"items_purged":["Regret","Entrench","Warcry","Battle Trance"],"gold":219,"score":724,"play_id":"282ac353-a80a-4c7f-8baf-8cacab1ebfa3","local_time":"20180524235528","is_prod":false,"is_daily":false,"chose_seed":false,"is_ascension_mode":true,"campfire_upgraded":8,"timestamp":1527198928,"campfire_choices":[{"data":"Flex","floor":6,"key":"SMITH"},{"data":"Double Tap","floor":8,"key":"SMITH"},{"data":"Flex","floor":15,"key":"SMITH"},{"data":"Pommel Strike","floor":23,"key":"SMITH"},{"data":"Pummel","floor":25,"key":"SMITH"},{"data":"Heavy Blade","floor":30,"key":"SMITH"},{"data":"Thunderclap","floor":32,"key":"SMITH"},{"data":"Whirlwind","floor":40,"key":"SMITH"},{"floor":49,"key":"REST"}],"path_taken":["M","?","M","$","?","R","?","R","T","?","M","M","?","M","R","BOSS","M","$","M","$","M","R","M","R","T","?","M","M","R","?","R","BOSS","M","M","?","?","M","R","M","M","T","?","E","M","M","$","R","BOSS"],"build_version":"2018-05-17","seed_source_timestamp":440155640473995,"purchased_purges":5,"victory":false,"master_deck":["AscendersBane","Flex+1","Double Tap+1","Pummel+1","Flex+1","Dropkick","Carnage","Carnage","Heavy Blade+1","Pommel Strike+1","Dropkick","Thunderclap+1","Dropkick+1","Whirlwind+1","Dual Wield+1","Shockwave+1"],"max_hp_per_floor":[80,80,80,80,80,80,80,80,87,87,87,87,87,87,87,87,87,87,87,87,87,87,87,87,87,87,87,87,87,87,87,87,87,92,92,92,92,92,97,97,97,97,97,97,97,97,97,97,97,97],"relics":["Burning Blood","Orichalcum","Strawberry","Lantern","Pandora\u0027s Box","Toolbox","Tiny House","Tiny Chest","Champion Belt"],"card_choices":[{"not_picked":["Thunderclap","Warcry"],"picked":"Flex","floor":1},{"not_picked":["Dual Wield","Flame Barrier","Warcry"],"picked":"SKIP","floor":3},{"not_picked":["Armaments","Shrug It Off"],"picked":"Pummel","floor":10},{"not_picked":["Iron Wave","Dropkick"],"picked":"Flex","floor":11},{"not_picked":["Corruption","Flex"],"picked":"Dropkick","floor":12},{"not_picked":["Body Slam","Warcry","Feel No Pain"],"picked":"SKIP","floor":14},{"not_picked":["Sever Soul","Armaments","Fire Breathing"],"picked":"SKIP","floor":18},{"not_picked":["Rage","Pommel Strike","Heavy Blade"],"picked":"SKIP","floor":20},{"not_picked":["Sword Boomerang+1","Bludgeon"],"picked":"Thunderclap","floor":22},{"not_picked":["Anger","Iron Wave"],"picked":"Dropkick","floor":24},{"not_picked":["Sword Boomerang","Body Slam+1","Armaments"],"picked":"SKIP","floor":28},{"not_picked":["Sword Boomerang","Heavy Blade+1","Armaments"],"picked":"SKIP","floor":29},{"not_picked":["Sword Boomerang","Heavy Blade+1","Armaments"],"picked":"SKIP","floor":29},{"not_picked":["Pommel Strike","Armaments"],"picked":"Whirlwind","floor":34},{"not_picked":["Seeing Red+1","Shrug It Off+1"],"picked":"Dual Wield+1","floor":35},{"not_picked":["Perfected Strike","Rampage","Clash"],"picked":"SKIP","floor":36},{"not_picked":["Inflame","Limit Break","Sword Boomerang"],"picked":"SKIP","floor":39},{"not_picked":["Body Slam","Havoc+1","Feel No Pain+1"],"picked":"SKIP","floor":41},{"not_picked":["Searing Blow","Sentinel+1","Anger+1"],"picked":"SKIP","floor":42},{"not_picked":["Perfected Strike","Sentinel","Infernal Blade"],"picked":"SKIP","floor":45},{"not_picked":["Clash","Heavy Blade","Entrench+1"],"picked":"SKIP","floor":46},{"not_picked":["Infernal Blade","Warcry+1"],"picked":"Shockwave+1","floor":47}],"player_experience":192898,"potions_floor_usage":[33,39,50,50],"damage_taken":[{"damage":0,"enemies":"Small Slimes","floor":1,"turns":3},{"damage":9,"enemies":"2 Louse","floor":3,"turns":4},{"damage":24,"enemies":"3 Sentries","floor":10,"turns":10},{"damage":6,"enemies":"Jaw Worm","floor":11,"turns":2},{"damage":0,"enemies":"Gremlin Gang","floor":12,"turns":4},{"damage":0,"enemies":"2 Fungi Beasts","floor":14,"turns":2},{"damage":58,"enemies":"The Guardian","floor":16,"turns":9},{"damage":0,"enemies":"Spheric Guardian","floor":18,"turns":1},{"damage":0,"enemies":"Chosen","floor":20,"turns":2},{"damage":6,"enemies":"3 Cultists","floor":22,"turns":3},{"damage":3,"enemies":"Centurion and Healer","floor":24,"turns":2},{"damage":0,"enemies":"Snake Plant","floor":28,"turns":1},{"damage":0,"enemies":"Cultist and Chosen","floor":29,"turns":2},{"damage":28,"enemies":"Automaton","floor":33,"turns":6},{"damage":0,"enemies":"Orb Walker","floor":35,"turns":2},{"damage":20,"enemies":"3 Shapes","floor":36,"turns":2},{"damage":0,"enemies":"3 Darklings","floor":39,"turns":1},{"damage":14,"enemies":"4 Shapes","floor":41,"turns":1},{"damage":0,"enemies":"Sphere and 2 Shapes","floor":42,"turns":1},{"damage":40,"enemies":"Nemesis","floor":45,"turns":5},{"damage":17,"enemies":"3 Darklings","floor":46,"turns":3},{"damage":16,"enemies":"4 Shapes","floor":47,"turns":1},{"damage":61,"enemies":"Time Eater","floor":50,"turns":4}],"relics_obtained":[{"floor":9,"key":"Strawberry"},{"floor":10,"key":"Lantern"},{"floor":26,"key":"Toolbox"},{"floor":43,"key":"Tiny Chest"},{"floor":45,"key":"Champion Belt"}],"event_choices":[{"event_name":"Big Fish","player_choice":"Box","floor":2,"damage_taken":0},{"event_name":"Transmorgrifier","player_choice":"Transform","floor":5,"damage_taken":0},{"event_name":"Dead Adventurer","player_choice":"Searched \u00272\u0027 times","floor":10,"damage_taken":0},{"event_name":"Wheel of Change","player_choice":"Damage","floor":13,"damage_taken":0},{"event_name":"Beggar","player_choice":"Ignored","floor":27,"damage_taken":0},{"event_name":"Back to Basics","player_choice":"Elegance","floor":31,"damage_taken":0},{"event_name":"The Lab","player_choice":"Got Potions","floor":38,"damage_taken":0}],"boss_relics":[{"not_picked":["Calling Bell","White Beast Statue"],"picked":"Pandora\u0027s Box"},{"not_picked":["Black Star","Velvet Choker"],"picked":"Tiny House"}],"potions_floor_spawned":[11,12,14,22,24,28,29,36,39,42,46],"seed_played":"2881524575821812545","killed_by":"Time Eater","ascension_level":10,"potions_obtained":[{"floor":11,"key":"Explosive Potion"},{"floor":12,"key":"SneckoOil"},{"floor":14,"key":"FearPotion"},{"floor":22,"key":"Dexterity Potion"},{"floor":28,"key":"Swift Potion"},{"floor":29,"key":"Fire Potion"},{"floor":34,"key":"PowerPotion"},{"floor":38,"key":"Fruit Juice"},{"floor":38,"key":"SteroidPotion"},{"floor":39,"key":"Weak Potion"}],"is_trial":false}