{"gold_per_floor":[118,129,177,252,252,252,283,283,283,296,34,79,91,119,131,239,251,281,307,319,125,125,125,140,140,188,203,203,222,242,242,242,337,337,356,300,313,323,37,37,55,55,134,134,167,167,167,177,177,177],"floor_reached":51,"playtime":3320,"items_purged":["Strike_B"],"score":1041,"play_id":"926e11bc-a704-40f4-9425-df422dd885b4","local_time":"20181113201508","is_ascension_mode":true,"campfire_choices":[{"data":"Dualcast","floor":6,"key":"SMITH"},{"floor":8,"key":"REST"},{"floor":13,"key":"REST"},{"data":"Darkness","floor":15,"key":"SMITH"},{"data":"Blizzard","floor":23,"key":"SMITH"},{"floor":25,"key":"REST"},{"floor":28,"key":"REST"},{"floor":32,"key":"REST"},{"floor":40,"key":"REST"},{"data":"Redo","floor":42,"key":"SMITH"},{"floor":44,"key":"REST"},{"floor":46,"key":"REST"},{"data":"Chill","floor":49,"key":"SMITH"}],"neow_cost":"NONE","seed_source_timestamp":110669930607047,"circlet_count":0,"master_deck":["AscendersBane","Strike_B+1","Defend_B+1","Defend_B+1","Defend_B+1","Defend_B+1","Zap+1","Dualcast+1","Compile Driver","Blizzard+1","Steam","Echo Form","Cold Snap","Darkness+1","FTL","Creative AI","Cold Snap","Tempest","Chill+1","Flash of Steel","Coolheaded","BootSequence","Conserve Battery","Hologram","Seek","Redo+1","Undo+1","Doubt","Lockon","Chill+1"],"relics":["FrozenCore","Bag of Marbles","Letter Opener","Matryoshka","Smiling Mask","Nloth\u0027s Gift","Regal Pillow","PreservedInsect","Cursed Key","Bronze Scales","FossilizedHelix","Omamori","Toxic Egg 2","DataDisk"],"potions_floor_usage":[7,12,16,33,33,45,50,50],"damage_taken":[{"damage":0,"enemies":"Cultist","floor":1,"turns":3},{"damage":0,"enemies":"Small Slimes","floor":2,"turns":2},{"damage":41,"enemies":"Lagavulin","floor":7,"turns":6},{"damage":1,"enemies":"2 Louse","floor":10,"turns":2},{"damage":21,"enemies":"Gremlin Nob","floor":12,"turns":5},{"damage":8,"enemies":"Lots of Slimes","floor":14,"turns":3},{"damage":8,"enemies":"The Guardian","floor":16,"turns":9},{"damage":4,"enemies":"3 Byrds","floor":18,"turns":5},{"damage":11,"enemies":"Spheric Guardian","floor":19,"turns":4},{"damage":27,"enemies":"Snake Plant","floor":24,"turns":4},{"damage":27,"enemies":"Centurion and Healer","floor":27,"turns":7},{"damage":25,"enemies":"Shelled Parasite and Fungi","floor":29,"turns":7},{"damage":23,"enemies":"Cultist and Chosen","floor":30,"turns":8},{"damage":28,"enemies":"Collector","floor":33,"turns":10},{"damage":35,"enemies":"3 Darklings","floor":35,"turns":6},{"damage":0,"enemies":"3 Shapes","floor":37,"turns":4},{"damage":4,"enemies":"3 Darklings","floor":38,"turns":5},{"damage":0,"enemies":"Maw","floor":41,"turns":9},{"damage":33,"enemies":"Giant Head","floor":45,"turns":9},{"damage":0,"enemies":"Jaw Worm Horde","floor":48,"turns":5},{"damage":25,"enemies":"Awakened One","floor":50,"turns":17}],"seed_played":"6354464403855711999","potions_obtained":[{"floor":1,"key":"Fire Potion"},{"floor":2,"key":"Fruit Juice"},{"floor":14,"key":"Ancient Potion"},{"floor":18,"key":"FocusPotion"},{"floor":38,"key":"Ancient Potion"},{"floor":41,"key":"AttackPotion"},{"floor":45,"key":"PowerPotion"}],"is_trial":false,"path_per_floor":["M","M","T","?","?","R","E","R","T","M","$","E","R","M","R","B",null,"M","M","?","$","?","R","M","R","T","M","R","M","M","?","R","B",null,"M","?","M","M","$","R","M","R","T","R","E","R","?","M","R","B",null],"character_chosen":"DEFECT","items_purchased":["Cold Snap","Regen Potion","MawBank","Chill","Flash of Steel","FossilizedHelix"],"campfire_rested":8,"item_purchase_floors":[11,11,11,21,21,39],"current_hp_per_floor":[68,68,68,57,57,57,21,45,45,44,44,37,61,53,53,45,71,67,56,56,56,56,56,29,53,53,26,65,40,17,17,56,28,67,32,32,32,28,28,67,67,67,67,80,47,80,80,80,80,55],"gold":177,"neow_bonus":"UPGRADE_CARD","is_prod":false,"is_daily":false,"chose_seed":false,"campfire_upgraded":5,"win_rate":0,"timestamp":1542107708,"path_taken":["M","M","?","?","?","R","E","R","T","?","$","E","R","M","R","BOSS","M","M","?","$","?","R","M","R","T","M","R","M","?","?","R","BOSS","M","?","M","?","$","R","M","R","T","R","E","R","?","M","R","BOSS"],"build_version":"2018-11-08","purchased_purges":1,"victory":true,"max_hp_per_floor":[75,75,75,75,75,75,80,80,80,80,80,80,80,80,80,80,80,80,80,80,80,80,80,80,80,80,80,80,80,80,80,80,80,80,80,80,80,80,80,80,80,80,80,80,80,80,80,80,80,80],"card_choices":[{"not_picked":["Rebound","Steam"],"picked":"Compile Driver","floor":1},{"not_picked":["Streamline","Steam"],"picked":"Blizzard","floor":2},{"not_picked":["Go for the Eyes","Static Discharge"],"picked":"Echo Form","floor":7},{"not_picked":["Steam","Heatsinks","Turbo"],"picked":"SKIP","floor":10},{"not_picked":["Compile Driver","Hello World"],"picked":"Darkness","floor":12},{"not_picked":["Leap","Rebound"],"picked":"FTL","floor":14},{"not_picked":["Multi-Cast","Hyperbeam"],"picked":"Creative AI","floor":16},{"not_picked":["Recycle","Ball Lightning"],"picked":"Cold Snap","floor":18},{"not_picked":["Rebound+1","Streamline"],"picked":"Tempest","floor":19},{"not_picked":["Ball Lightning","Barrage"],"picked":"Coolheaded","floor":24},{"not_picked":["Ball Lightning","Aggregate"],"picked":"BootSequence","floor":27},{"not_picked":["Ball Lightning","Redo"],"picked":"Conserve Battery","floor":29},{"not_picked":["Gash","Blizzard"],"picked":"Hologram","floor":30},{"not_picked":["Biased Cognition","Meteor Strike"],"picked":"Seek","floor":33},{"not_picked":["Streamline","Turbo"],"picked":"Redo","floor":35},{"not_picked":["Heatsinks","Turbo"],"picked":"Undo+1","floor":37},{"not_picked":["Self Repair","Aggregate","Beam Cell+1"],"picked":"SKIP","floor":38},{"not_picked":["Gash","Aggregate","Consume+1"],"picked":"SKIP","floor":41},{"not_picked":["Heatsinks","Amplify+1","Turbo+1"],"picked":"SKIP","floor":45},{"not_picked":["Gash","Doom and Gloom"],"picked":"Chill+1","floor":48}],"player_experience":480969,"relics_obtained":[{"floor":3,"key":"Bag of Marbles"},{"floor":7,"key":"Letter Opener"},{"floor":9,"key":"Matryoshka"},{"floor":12,"key":"Smiling Mask"},{"floor":26,"key":"Regal Pillow"},{"floor":26,"key":"PreservedInsect"},{"floor":43,"key":"Omamori"},{"floor":43,"key":"Toxic Egg 2"},{"floor":45,"key":"DataDisk"}],"event_choices":[{"damage_healed":0,"gold_gain":75,"player_choice":"Gather Gold","damage_taken":11,"max_hp_gain":0,"max_hp_loss":0,"event_name":"World of Goop","floor":4,"gold_loss":0},{"damage_healed":0,"gold_gain":0,"cards_transformed":["Strike_B"],"player_choice":"Transformed","damage_taken":0,"max_hp_gain":0,"max_hp_loss":0,"event_name":"Transmorgrifier","floor":5,"gold_loss":0,"cards_obtained":["Steam"]},{"damage_healed":0,"gold_gain":0,"player_choice":"Ignored","damage_taken":0,"max_hp_gain":0,"max_hp_loss":0,"event_name":"Beggar","floor":20,"gold_loss":0},{"damage_healed":0,"gold_gain":0,"player_choice":"Traded Relic","damage_taken":0,"relics_obtained":["Nloth\u0027s Gift"],"max_hp_gain":0,"max_hp_loss":0,"event_name":"N\u0027loth","floor":22,"relics_lost":["MawBank"],"gold_loss":0},{"damage_healed":0,"gold_gain":0,"player_choice":"Simplicity","damage_taken":0,"max_hp_gain":0,"max_hp_loss":0,"event_name":"Back to Basics","floor":31,"gold_loss":0,"cards_upgraded":["Strike_B","Strike_B","Defend_B","Defend_B","Defend_B","Defend_B"]},{"damage_healed":0,"gold_gain":0,"player_choice":"Paid Gold","damage_taken":0,"relics_obtained":["Bronze Scales"],"max_hp_gain":0,"max_hp_loss":0,"event_name":"WeMeetAgain","floor":36,"gold_loss":56},{"damage_healed":0,"gold_gain":0,"cards_transformed":["Strike_B"],"player_choice":"Transformed","damage_taken":0,"max_hp_gain":0,"max_hp_loss":0,"event_name":"Transmorgrifier","floor":47,"gold_loss":0,"cards_obtained":["Lockon"]}],"is_beta":false,"boss_relics":[{"not_picked":["Velvet Choker","Black Star"],"picked":"FrozenCore"},{"not_picked":["Runic Pyramid","White Beast Statue"],"picked":"Cursed Key"}],"items_purged_floors":[21],"is_endless":false,"potions_floor_spawned":[1,2,14,18,19,30,38,41,45,48],"ascension_level":12}