{"gold_per_floor":[112,128,128,148,167,195,195,214,241,260,260,274,274,302,302,403,403,418,418,418,430,455,455,473,484,484,484,504,326,326,173,173,277,277,293,1292,854,870,49,49,63,63,142,197,214,214,246,257,257,257],"floor_reached":51,"playtime":3800,"items_purged":["Strike_B+1","Normality","Normality"],"score":872,"play_id":"c4a514e4-fc75-42b2-bbd3-055a1bdc741d","local_time":"20181027192522","is_ascension_mode":true,"campfire_choices":[{"floor":7,"key":"REST"},{"floor":11,"key":"REST"},{"floor":13,"key":"REST"},{"data":"Glacier","floor":15,"key":"SMITH"},{"data":"Recycle","floor":23,"key":"SMITH"},{"floor":27,"key":"REST"},{"data":"Blizzard","floor":30,"key":"SMITH"},{"floor":32,"key":"REST"},{"data":"Defragment","floor":40,"key":"SMITH"},{"data":"Defragment","floor":42,"key":"SMITH"},{"data":"Echo Form","floor":49,"key":"SMITH"}],"neow_cost":"NONE","seed_source_timestamp":1887439040113994,"circlet_count":0,"master_deck":["Strike_B+1","Strike_B+1","Strike_B+1","Defend_B+1","Defend_B+1","Defend_B+1","Defend_B+1","Zap+1","Dualcast","Cold Snap","Capacitor","Conserve Battery","Leap+1","Cold Snap","Ball Lightning","Glacier+1","Machine Learning","Core Surge","Cold Snap","BootSequence","Redo+1","Conserve Battery","Undo","Blizzard+1","Capacitor","Cold Snap+1","Echo Form+1","Defragment+1","BootSequence","Defragment+1","FTL","Leap+1","White Noise+1","Redo+1"],"relics":["Cracked Core","NeowsBlessing","Darkstone Periapt","Vajra","Dream Catcher","Nuclear Battery","DataDisk","Bag of Preparation","Art of War","Sozu","Ice Cream","Runic Capacitor","Blood Vial","Toxic Egg 2","Pear","Pocketwatch","Orichalcum"],"potions_floor_usage":[6,10,33,44,50],"damage_taken":[{"damage":0,"enemies":"Cultist","floor":1,"turns":1},{"damage":0,"enemies":"Small Slimes","floor":2,"turns":1},{"damage":0,"enemies":"Jaw Worm","floor":4,"turns":1},{"damage":11,"enemies":"Exordium Wildlife","floor":5,"turns":6},{"damage":37,"enemies":"Lagavulin","floor":6,"turns":7},{"damage":10,"enemies":"3 Louse","floor":8,"turns":3},{"damage":7,"enemies":"Lots of Slimes","floor":10,"turns":2},{"damage":0,"enemies":"Exordium Thugs","floor":12,"turns":3},{"damage":9,"enemies":"3 Sentries","floor":14,"turns":7},{"damage":17,"enemies":"Slime Boss","floor":16,"turns":13},{"damage":12,"enemies":"Chosen","floor":18,"turns":4},{"damage":10,"enemies":"3 Byrds","floor":21,"turns":6},{"damage":9,"enemies":"Cultist and Chosen","floor":24,"turns":7},{"damage":6,"enemies":"Snecko","floor":25,"turns":6},{"damage":0,"enemies":"Snake Plant","floor":28,"turns":4},{"damage":6,"enemies":"Champ","floor":33,"turns":16},{"damage":0,"enemies":"3 Shapes","floor":35,"turns":4},{"damage":0,"enemies":"Orb Walker","floor":38,"turns":4},{"damage":4,"enemies":"Sphere and 2 Shapes","floor":41,"turns":6},{"damage":10,"enemies":"2 Orb Walkers","floor":44,"turns":6},{"damage":11,"enemies":"4 Shapes","floor":45,"turns":7},{"damage":0,"enemies":"Nemesis","floor":47,"turns":7},{"damage":0,"enemies":"Transient","floor":48,"turns":5},{"damage":32,"enemies":"Time Eater","floor":50,"turns":11}],"seed_played":"-6679648060297308686","potions_obtained":[{"floor":4,"key":"FocusPotion"},{"floor":5,"key":"AttackPotion"},{"floor":6,"key":"Explosive Potion"},{"floor":8,"key":"Weak Potion"},{"floor":21,"key":"PowerPotion"}],"is_trial":false,"path_per_floor":["M","M","?","M","M","E","R","M","T","M","R","M","R","E","R","B",null,"M","?","?","M","T","R","M","M","T","R","M","$","R","$","R","B",null,"M","?","$","M","$","R","M","R","T","?","M","?","E","M","R","B"],"character_chosen":"DEFECT","items_purchased":["Blizzard","Capacitor","Art of War","Defragment","Ice Cream","Defragment","FTL","Runic Capacitor","Blood Vial","Toxic Egg 2"],"campfire_rested":5,"item_purchase_floors":[29,29,31,37,37,39,39,39,39,39],"current_hp_per_floor":[75,75,60,60,49,12,34,24,24,17,39,39,61,52,52,35,75,63,63,63,53,53,53,44,38,38,60,60,60,60,60,75,69,75,75,87,87,87,87,87,83,83,93,85,76,76,78,80,80,50],"gold":257,"neow_bonus":"THREE_ENEMY_KILL","is_prod":false,"is_daily":false,"chose_seed":false,"campfire_upgraded":6,"win_rate":0,"timestamp":1540635922,"path_taken":["M","M","?","M","?","E","R","?","T","M","R","M","R","E","R","BOSS","M","?","?","?","?","R","M","M","T","R","M","$","R","?","R","BOSS","M","?","$","?","$","R","M","R","T","?","M","?","E","M","R","BOSS"],"build_version":"2018-10-25v2","purchased_purges":3,"victory":true,"max_hp_per_floor":[75,75,75,75,75,75,75,75,75,75,75,75,75,75,75,75,75,75,75,75,75,75,75,75,75,75,75,75,75,75,75,75,75,75,75,87,87,87,87,87,87,87,97,97,97,97,97,97,97,97],"card_choices":[{"not_picked":["Beam Cell","Compile Driver"],"picked":"Cold Snap","floor":1},{"not_picked":["BootSequence","Force Field"],"picked":"Capacitor","floor":2},{"not_picked":["Sweeping Beam","Beam Cell","Rebound"],"picked":"SKIP","floor":4},{"not_picked":["Melter","Streamline"],"picked":"Conserve Battery","floor":5},{"not_picked":["Ball Lightning","Recycle"],"picked":"Leap","floor":6},{"not_picked":["Recycle","Doom and Gloom"],"picked":"Cold Snap","floor":8},{"not_picked":["Compile Driver","Static Discharge"],"picked":"Ball Lightning","floor":10},{"not_picked":["Tempest","Aggregate"],"picked":"Glacier","floor":12},{"not_picked":["Barrage","Redo"],"picked":"Machine Learning","floor":14},{"not_picked":["Rainbow","All For One"],"picked":"Core Surge","floor":16},{"not_picked":["Fusion+1","Steam"],"picked":"Recycle","floor":18},{"not_picked":["Hello World","Streamline"],"picked":"Cold Snap","floor":21},{"not_picked":["Sweeping Beam+1","Gash"],"picked":"BootSequence","floor":24},{"not_picked":["Coolheaded+1","Rebound"],"picked":"Redo+1","floor":25},{"not_picked":["Rebound","Tempest+1"],"picked":"Conserve Battery","floor":27},{"not_picked":["Lockon","Fusion"],"picked":"Undo","floor":28},{"not_picked":["Chill","Lockon"],"picked":"Cold Snap+1","floor":32},{"not_picked":["Reboot","Rainbow"],"picked":"Echo Form","floor":33},{"not_picked":["Sweeping Beam","Stack","Rebound+1"],"picked":"SKIP","floor":35},{"not_picked":["Go for the Eyes+1","Cold Snap+1"],"picked":"BootSequence","floor":38},{"not_picked":["Steam+1","Rip and Tear"],"picked":"Leap+1","floor":41},{"not_picked":["Beam Cell","Compile Driver+1"],"picked":"White Noise+1","floor":45},{"not_picked":["Turbo+1","Rebound+1","Sweeping Beam+1"],"picked":"SKIP","floor":47},{"not_picked":["Loop+1","Barrage"],"picked":"Redo+1","floor":48}],"player_experience":248811,"relics_obtained":[{"floor":6,"key":"Darkstone Periapt"},{"floor":9,"key":"Vajra"},{"floor":14,"key":"Dream Catcher"},{"floor":22,"key":"DataDisk"},{"floor":26,"key":"Bag of Preparation"},{"floor":43,"key":"Pear"},{"floor":44,"key":"Pocketwatch"},{"floor":47,"key":"Orichalcum"}],"event_choices":[{"damage_healed":0,"gold_gain":0,"player_choice":"Entered Light","damage_taken":15,"max_hp_gain":0,"max_hp_loss":0,"event_name":"Shining Light","floor":3,"gold_loss":0,"cards_upgraded":["Defend_B","Zap"]},{"damage_healed":0,"gold_gain":0,"player_choice":"Simplicity","damage_taken":0,"max_hp_gain":0,"max_hp_loss":0,"event_name":"Back to Basics","floor":19,"gold_loss":0,"cards_upgraded":["Strike_B","Strike_B","Strike_B","Strike_B","Defend_B","Defend_B","Defend_B"]},{"damage_healed":0,"gold_gain":0,"player_choice":"Upgraded","damage_taken":0,"max_hp_gain":0,"max_hp_loss":0,"event_name":"Upgrade Shrine","floor":20,"gold_loss":0,"cards_upgraded":["Leap"]},{"damage_healed":0,"gold_gain":999,"player_choice":"Gold","damage_taken":0,"max_hp_gain":0,"max_hp_loss":0,"event_name":"MindBloom","floor":36,"gold_loss":0,"cards_obtained":["Normality","Normality"]},{"damage_healed":0,"gold_gain":0,"player_choice":"Fight","damage_taken":0,"max_hp_gain":0,"max_hp_loss":0,"event_name":"Mysterious Sphere","floor":44,"gold_loss":0},{"cards_removed":["Recycle"],"damage_healed":0,"gold_gain":0,"player_choice":"Removed Skill","damage_taken":0,"max_hp_gain":0,"max_hp_loss":0,"event_name":"Falling","floor":46,"gold_loss":0}],"is_beta":false,"boss_relics":[{"not_picked":["Eternal Feather","Black Star"],"picked":"Nuclear Battery"},{"not_picked":["White Beast Statue","Lizard Tail"],"picked":"Sozu"}],"items_purged_floors":[29,37,39],"is_endless":false,"potions_floor_spawned":[4,5,6,8,21,25,41,47],"ascension_level":4}