{"path_per_floor":["M","?","M","?","M","E","M","R","T","?","M","?","?","$","R","B",null,"M","?","$","M"],"character_chosen":"IRONCLAD","items_purchased":["Mercury Hourglass"],"gold_per_floor":[118,118,131,131,142,168,180,180,227,227,239,239,331,12,12,110,110,122,122,22,41,41],"floor_reached":22,"campfire_rested":1,"playtime":1011,"item_purchase_floors":[14],"current_hp_per_floor":[65,49,41,34,40,30,30,30,30,30,31,31,25,25,49,15,64,62,68,68,37,0],"items_purged":["Strike_R","Writhe"],"gold":41,"score":276,"play_id":"e7e88a53-bf7c-43ea-93d7-99cdb5adae46","local_time":"20180527204820","is_prod":false,"is_daily":false,"chose_seed":false,"is_ascension_mode":true,"campfire_upgraded":1,"win_rate":0,"timestamp":1527446900,"campfire_choices":[{"data":"Dark Embrace","floor":8,"key":"SMITH"},{"floor":15,"key":"REST"}],"path_taken":["M","?","M","?","?","E","M","R","T","?","M","?","?","$","R","BOSS","M","?","$","?","M"],"build_version":"2018-05-24","seed_source_timestamp":688926403598197,"purchased_purges":2,"victory":false,"master_deck":["Strike_R","Strike_R","Strike_R+1","Defend_R","Defend_R","Defend_R","Defend_R","Bash+1","AscendersBane","Headbutt","Thunderclap","True Grit","Dark Embrace+1","Corruption+1","True Grit","Fiend Fire","Clash+1","Feel No Pain+1"],"max_hp_per_floor":[80,80,80,80,80,80,80,80,80,80,80,80,80,80,80,80,80,80,86,86,86,86],"relics":["Burning Blood","Gremlin Horn","Happy Flower","Tiny Chest","Mercury Hourglass","Runic Pyramid","Darkstone Periapt"],"card_choices":[{"not_picked":["Cleave","Twin Strike"],"picked":"Headbutt","floor":1},{"not_picked":["Flame Barrier","Reckless Charge"],"picked":"Thunderclap","floor":3},{"not_picked":["Reckless Charge","Blood for Blood"],"picked":"True Grit","floor":5},{"not_picked":["Dark Embrace","Infernal Blade","Clothesline"],"picked":"SKIP","floor":6},{"not_picked":["Infernal Blade","Clothesline"],"picked":"Dark Embrace","floor":6},{"not_picked":["Whirlwind","Iron Wave"],"picked":"Corruption","floor":7},{"not_picked":["Rage","Pommel Strike"],"picked":"True Grit","floor":11},{"not_picked":["Limit Break","Barricade"],"picked":"Fiend Fire","floor":16},{"not_picked":["Combust","Iron Wave"],"picked":"Clash+1","floor":18},{"not_picked":["Flex+1","Entrench"],"picked":"Feel No Pain+1","floor":21}],"player_experience":200308,"potions_floor_usage":[6],"damage_taken":[{"damage":13,"enemies":"2 Louse","floor":1,"turns":3},{"damage":14,"enemies":"Jaw Worm","floor":3,"turns":3},{"damage":0,"enemies":"Small Slimes","floor":5,"turns":2},{"damage":16,"enemies":"Gremlin Nob","floor":6,"turns":3},{"damage":6,"enemies":"Exordium Wildlife","floor":7,"turns":5},{"damage":5,"enemies":"2 Fungi Beasts","floor":11,"turns":4},{"damage":12,"enemies":"3 Sentries","floor":13,"turns":7},{"damage":40,"enemies":"Slime Boss","floor":16,"turns":9},{"damage":8,"enemies":"Chosen","floor":18,"turns":4},{"damage":37,"enemies":"Shell Parasite","floor":21,"turns":6},{"damage":60,"enemies":"Chosen and Byrds","floor":22,"turns":6}],"relics_obtained":[{"floor":6,"key":"Gremlin Horn"},{"floor":9,"key":"Happy Flower"},{"floor":13,"key":"Tiny Chest"}],"event_choices":[{"event_name":"Shining Light","player_choice":"Entered Light","floor":2,"damage_taken":0},{"event_name":"Golden Wing","player_choice":"Card Removal","floor":4,"damage_taken":0},{"event_name":"The Woman in Blue","player_choice":"Bought 0 Potions","floor":10,"damage_taken":0},{"event_name":"Upgrade Shrine","player_choice":"Upgraded","floor":12,"damage_taken":0},{"event_name":"Dead Adventurer","player_choice":"Searched \u00272\u0027 times","floor":13,"damage_taken":0},{"event_name":"The Mausoleum","player_choice":"Yes","floor":19,"damage_taken":0}],"boss_relics":[{"not_picked":["White Beast Statue","Astrolabe"],"picked":"Runic Pyramid"}],"items_purged_floors":[14,20],"potions_floor_spawned":[3,5,7,13,18],"seed_played":"-1242713200188941097","killed_by":"Chosen and Byrds","ascension_level":10,"potions_obtained":[{"floor":3,"key":"Ancient Potion"},{"floor":5,"key":"SkillPotion"},{"floor":7,"key":"SpeedPotion"},{"floor":13,"key":"Dexterity Potion"},{"floor":18,"key":"FairyPotion"}],"is_trial":false}