{"gold_per_floor":[212,162,177,187,262,262,292,292,318,318,330,346,374,394,394,497,497,509,523,523,523,25,25],"floor_reached":23,"playtime":1344,"items_purged":["Defend_B"],"score":306,"play_id":"eb8b43c1-75c1-4e49-adcd-b070f719dd09","local_time":"20181112195456","is_ascension_mode":true,"campfire_choices":[{"floor":6,"key":"REST"},{"floor":8,"key":"REST"},{"floor":15,"key":"REST"}],"neow_cost":"NONE","seed_source_timestamp":25048062669909,"circlet_count":0,"master_deck":["AscendersBane","Strike_B","Defend_B","Defend_B","Defend_B","Zap","Dualcast","Gash","Cold Snap","Cold Snap","Leap","Seek","Steam","Compile Driver","Reboot","Conserve Battery","White Noise","Auto Shields"],"relics":["Cracked Core","Vajra","Centennial Puzzle","Odd Mushroom","Eternal Feather","Bag of Preparation","Toy Ornithopter"],"potions_floor_usage":[12,16,19,23],"damage_taken":[{"damage":0,"enemies":"Small Slimes","floor":1,"turns":3},{"damage":9,"enemies":"2 Louse","floor":3,"turns":3},{"damage":6,"enemies":"Jaw Worm","floor":4,"turns":4},{"damage":40,"enemies":"Gremlin Nob","floor":7,"turns":5},{"damage":6,"enemies":"Blue Slaver","floor":11,"turns":2},{"damage":3,"enemies":"Large Slime","floor":12,"turns":4},{"damage":2,"enemies":"The Mushroom Lair","floor":13,"turns":5},{"damage":11,"enemies":"Lots of Slimes","floor":14,"turns":4},{"damage":18,"enemies":"Slime Boss","floor":16,"turns":11},{"damage":23,"enemies":"Spheric Guardian","floor":18,"turns":6},{"damage":13,"enemies":"Shell Parasite","floor":19,"turns":10},{"damage":54,"enemies":"Gremlin Leader","floor":23,"turns":10}],"seed_played":"953047344817507474","potions_obtained":[{"floor":4,"key":"SpeedPotion"},{"floor":7,"key":"AttackPotion"},{"floor":11,"key":"Poison Potion"},{"floor":13,"key":"Ancient Potion"},{"floor":18,"key":"Fruit Juice"}],"is_trial":false,"path_per_floor":["M","?","M","M","?","R","E","R","T","?","M","M","?","M","R","B",null,"M","M","?","?","$","E"],"character_chosen":"DEFECT","items_purchased":["EssenceOfSteel","Bag of Preparation","Toy Ornithopter"],"campfire_rested":3,"item_purchase_floors":[22,22,22],"current_hp_per_floor":[68,68,59,53,42,64,24,46,46,71,65,62,60,49,71,53,70,47,39,39,39,39,0],"gold":25,"neow_bonus":"HUNDRED_GOLD","is_prod":false,"is_daily":false,"chose_seed":false,"campfire_upgraded":0,"win_rate":0,"timestamp":1542020096,"path_taken":["M","?","M","M","?","R","E","R","T","?","M","M","?","M","R","BOSS","M","M","?","?","$","E"],"build_version":"2018-11-08","purchased_purges":1,"victory":false,"max_hp_per_floor":[75,75,75,75,75,75,75,75,75,75,75,75,75,75,75,75,75,75,80,80,80,80,80],"card_choices":[{"not_picked":["Darkness","Barrage"],"picked":"Gash","floor":1},{"not_picked":["Lockon","Streamline","Barrage"],"picked":"SKIP","floor":3},{"not_picked":["Fusion","Storm"],"picked":"Cold Snap","floor":4},{"not_picked":["Sweeping Beam","Static Discharge"],"picked":"Cold Snap","floor":7},{"not_picked":["Storm","Cold Snap"],"picked":"Leap","floor":11},{"not_picked":["Beam Cell","Coolheaded"],"picked":"Seek","floor":12},{"not_picked":["Heatsinks","Steam Power"],"picked":"Steam","floor":13},{"not_picked":["Beam Cell","Thunder Strike"],"picked":"Compile Driver","floor":14},{"not_picked":["Amplify","Electrodynamics"],"picked":"Reboot","floor":16},{"not_picked":["Rip and Tear","Rebound"],"picked":"Conserve Battery","floor":18},{"not_picked":["Streamline","Compile Driver","Steam"],"picked":"SKIP","floor":19}],"player_experience":474410,"relics_obtained":[{"floor":7,"key":"Vajra"},{"floor":9,"key":"Centennial Puzzle"},{"floor":13,"key":"Odd Mushroom"}],"event_choices":[{"cards_removed":["Strike_B"],"damage_healed":0,"gold_gain":0,"player_choice":"Card Removal","damage_taken":0,"max_hp_gain":0,"max_hp_loss":0,"event_name":"The Cleric","floor":2,"gold_loss":50},{"damage_healed":0,"gold_gain":75,"player_choice":"Gather Gold","damage_taken":11,"max_hp_gain":0,"max_hp_loss":0,"event_name":"World of Goop","floor":5,"gold_loss":0},{"damage_healed":25,"gold_gain":0,"player_choice":"Banana","damage_taken":0,"max_hp_gain":0,"max_hp_loss":0,"event_name":"Big Fish","floor":10,"gold_loss":0},{"damage_healed":0,"gold_gain":0,"player_choice":"Fought Mushrooms","damage_taken":0,"max_hp_gain":0,"max_hp_loss":0,"event_name":"Mushrooms","floor":13,"gold_loss":0},{"damage_healed":0,"gold_gain":0,"cards_transformed":["Strike_B","Strike_B"],"player_choice":"Became Test Subject","damage_taken":0,"max_hp_gain":0,"max_hp_loss":0,"event_name":"Drug Dealer","floor":20,"gold_loss":0,"cards_obtained":["White Noise","Auto Shields"]},{"damage_healed":0,"gold_gain":0,"player_choice":"Ignored","damage_taken":0,"max_hp_gain":0,"max_hp_loss":0,"event_name":"Ghosts","floor":21,"gold_loss":0}],"is_beta":false,"boss_relics":[{"not_picked":["White Beast Statue","Empty Cage"],"picked":"Eternal Feather"}],"items_purged_floors":[22],"is_endless":false,"potions_floor_spawned":[4,7,11,13,18],"killed_by":"Gremlin Leader","ascension_level":12}