{"gold_per_floor":[113,131,50,0,0,31,43,66,104,116,143,8,18,36,36,132,132,142,142,157,157,157],"floor_reached":22,"playtime":982,"items_purged":["Strike_B"],"score":211,"play_id":"57270165-c6f5-4cec-a535-714756d8bdee","local_time":"20190219024142","is_ascension_mode":false,"campfire_choices":[{"data":"Blizzard","floor":7,"key":"SMITH"},{"data":"Defragment","floor":10,"key":"SMITH"},{"floor":15,"key":"REST"}],"neow_cost":"NONE","seed_source_timestamp":407944284641757,"circlet_count":0,"master_deck":["Strike_B","Defend_B","Defend_B","Defend_B","Defend_B","Zap","Dualcast","Blizzard+1","Defragment+1","Barrage","Blizzard","Sunder","Defragment"],"relics":["Cracked Core","NeowsBlessing","MawBank","Bronze Scales","Velvet Choker","Ginger"],"potions_floor_usage":[16,16,16,22],"damage_taken":[{"damage":0,"enemies":"Jaw Worm","floor":1,"turns":1},{"damage":0,"enemies":"Small Slimes","floor":2,"turns":1},{"damage":0,"enemies":"Lagavulin","floor":6,"turns":1},{"damage":1,"enemies":"Cultist","floor":8,"turns":3},{"damage":1,"enemies":"2 Fungi Beasts","floor":11,"turns":4},{"damage":4,"enemies":"Blue Slaver","floor":13,"turns":4},{"damage":10,"enemies":"Looter","floor":14,"turns":3},{"damage":40,"enemies":"The Guardian","floor":16,"turns":10},{"damage":18,"enemies":"3 Byrds","floor":18,"turns":3},{"damage":0,"enemies":"Chosen","floor":20,"turns":4},{"damage":59,"enemies":"Shelled Parasite and Fungi","floor":22,"turns":7}],"seed_played":"3594394746656290734","potions_obtained":[{"floor":11,"key":"Dexterity Potion"},{"floor":13,"key":"Regen Potion"},{"floor":14,"key":"SteroidPotion"},{"floor":20,"key":"Poison Potion"}],"is_trial":false,"path_per_floor":["M","M","$","?","?","E","R","M","T","R","M","$","M","M","R","B",null,"M","T","M","$","M"],"character_chosen":"DEFECT","items_purchased":["Defragment","Blizzard"],"campfire_rested":1,"item_purchase_floors":[3,12],"current_hp_per_floor":[75,75,75,75,75,75,75,74,74,74,73,73,69,59,75,45,75,57,57,57,57,0],"gold":157,"neow_bonus":"THREE_ENEMY_KILL","is_prod":false,"is_daily":false,"chose_seed":false,"campfire_upgraded":2,"win_rate":0.0,"timestamp":1550511702,"path_taken":["M","M","$","?","?","E","R","M","T","R","M","?","M","M","R","BOSS","M","?","M","$","M"],"build_version":"2019-01-23","purchased_purges":1,"victory":false,"max_hp_per_floor":[75,75,75,75,75,75,75,75,75,75,75,75,75,75,75,75,75,75,75,75,75,75],"card_choices":[{"not_picked":["Stack","Heatsinks","Compile Driver"],"picked":"SKIP","floor":1},{"not_picked":["Ball Lightning","Gash"],"picked":"Blizzard","floor":2},{"not_picked":["White Noise","Reinforced Body","Consume"],"picked":"SKIP","floor":6},{"not_picked":["Go for the Eyes","Beam Cell","BootSequence"],"picked":"SKIP","floor":8},{"not_picked":["Turbo","Rebound"],"picked":"Barrage","floor":11},{"not_picked":["Rebound","Hologram","Ball Lightning"],"picked":"SKIP","floor":13},{"not_picked":["Stack","Undo","Reinforced Body"],"picked":"SKIP","floor":14},{"not_picked":["Hologram","Barrage+1"],"picked":"Sunder","floor":18},{"not_picked":["Chaos+1","Darkness"],"picked":"Defragment","floor":20}],"player_experience":128654,"relics_obtained":[{"floor":6,"key":"MawBank"},{"floor":9,"key":"Bronze Scales"},{"floor":19,"key":"Ginger"}],"event_choices":[{"cards_removed":["Strike_B"],"damage_healed":0,"gold_gain":0,"player_choice":"Card Removal","damage_taken":0,"max_hp_gain":0,"max_hp_loss":0,"event_name":"The Cleric","floor":4,"gold_loss":50},{"cards_removed":["Strike_B"],"damage_healed":0,"gold_gain":0,"player_choice":"Forget","damage_taken":0,"max_hp_gain":0,"max_hp_loss":0,"event_name":"Living Wall","floor":5,"gold_loss":0}],"is_beta":false,"boss_relics":[{"not_picked":["Cursed Key","Coffee Dripper"],"picked":"Velvet Choker"}],"items_purged_floors":[12],"is_endless":false,"potions_floor_spawned":[11,13,14,20],"killed_by":"Shelled Parasite and Fungi","ascension_level":0}