{"gold_per_floor":[114,22,22,37,52,52,82,82,132,147,162,162,192,207,207,307,307,322,322,322,31,46,46],"floor_reached":23,"playtime":1387,"items_purged":[],"score":201,"play_id":"465dc4db-453f-44e4-96bd-d9849f54d942","local_time":"20190114220830","daily_mods":["Heirloom","Diverse","Night Terrors"],"is_ascension_mode":false,"campfire_choices":[{"data":"Redo","floor":6,"key":"SMITH"},{"data":"Redo","floor":8,"key":"SMITH"},{"floor":15,"key":"REST"}],"neow_cost":"","seed_source_timestamp":467576582294658,"circlet_count":0,"master_deck":["Strike_B","Strike_B","Strike_B","Defend_B","Defend_B","Defend_B","Defend_B","Zap+1","Dualcast","Gash","Deadly Poison","Cold Snap","Redo+1","Redo+1","Ball Lightning","Genetic Algorithm","Second Wind","Catalyst","Feed","Dodge and Roll","Armaments","Feel No Pain","Beam Cell"],"special_seed":17910,"relics":["Cracked Core","Dead Branch","Emotion Chip","Smiling Mask","Cables","Fusion Hammer","Matryoshka"],"potions_floor_usage":[13,23,23],"damage_taken":[{"damage":4,"enemies":"Cultist","floor":1,"turns":4},{"damage":4,"enemies":"Jaw Worm","floor":4,"turns":3},{"damage":1,"enemies":"2 Louse","floor":5,"turns":2},{"damage":24,"enemies":"3 Sentries","floor":7,"turns":7},{"damage":1,"enemies":"Red Slaver","floor":10,"turns":2},{"damage":4,"enemies":"3 Louse","floor":11,"turns":3},{"damage":20,"enemies":"Lagavulin","floor":13,"turns":5},{"damage":4,"enemies":"Blue Slaver","floor":14,"turns":3},{"damage":23,"enemies":"Hexaghost","floor":16,"turns":8},{"damage":6,"enemies":"3 Byrds","floor":18,"turns":4},{"damage":23,"enemies":"Colosseum Slavers","floor":20,"turns":4},{"damage":4,"enemies":"Shell Parasite","floor":22,"turns":6},{"damage":44,"enemies":"Gremlin Leader","floor":23,"turns":7}],"seed_played":"-1411169466540276601","potions_obtained":[{"floor":5,"key":"Poison Potion"},{"floor":7,"key":"Block Potion"},{"floor":11,"key":"GamblersBrew"},{"floor":14,"key":"Block Potion"},{"floor":22,"key":"EssenceOfSteel"}],"is_trial":false,"path_per_floor":["M","$","?","M","M","R","E","R","T","M","M","?","E","M","R","B",null,"M","?","?","$","M","E"],"character_chosen":"DEFECT","items_purchased":["Deadly Poison","Cold Snap","Matryoshka","Feel No Pain"],"campfire_rested":1,"item_purchase_floors":[2,2,21,21],"current_hp_per_floor":[71,71,71,67,66,66,42,42,42,41,37,37,17,13,70,47,70,64,64,41,41,37,0],"gold":46,"neow_bonus":"","is_prod":false,"is_daily":true,"chose_seed":false,"campfire_upgraded":2,"win_rate":0,"timestamp":1547496510,"path_taken":["M","?","?","M","M","R","E","R","T","?","M","?","E","M","R","BOSS","M","?","?","$","M","E"],"build_version":"2019-01-10","purchased_purges":0,"victory":false,"max_hp_per_floor":[75,75,75,75,75,75,75,75,75,75,75,75,75,75,70,70,70,70,70,70,70,70,70],"card_choices":[{"not_picked":["Hologram","Ball Lightning"],"picked":"Gash","floor":1},{"not_picked":["Coolheaded","Conserve Battery"],"picked":"Redo","floor":4},{"not_picked":["Headbutt","Armaments"],"picked":"Redo","floor":5},{"not_picked":["Heavy Blade","Undo"],"picked":"Ball Lightning","floor":7},{"not_picked":["Caltrops","Dagger Throw"],"picked":"Genetic Algorithm","floor":10},{"not_picked":["Rebound","Double Tap"],"picked":"Second Wind","floor":11},{"not_picked":["Blade Dance","Flying Knee"],"picked":"Catalyst","floor":13},{"not_picked":["Havoc","Cloak And Dagger","Backflip"],"picked":"SKIP","floor":14},{"not_picked":["Berserk","Thunder Strike"],"picked":"Feed","floor":16},{"not_picked":["Ball Lightning","Poisoned Stab"],"picked":"Dodge and Roll","floor":18},{"not_picked":["Clash+1","Blood for Blood"],"picked":"Beam Cell","floor":22}],"player_experience":108694,"relics_obtained":[{"floor":7,"key":"Emotion Chip"},{"floor":9,"key":"Smiling Mask"},{"floor":13,"key":"Cables"}],"event_choices":[{"damage_healed":0,"gold_gain":0,"player_choice":"Forge","damage_taken":0,"max_hp_gain":0,"max_hp_loss":0,"event_name":"Accursed Blacksmith","floor":3,"gold_loss":0,"cards_upgraded":["Zap"]},{"cards_removed":["Strike_B"],"damage_healed":0,"gold_gain":0,"player_choice":"Purged","damage_taken":0,"max_hp_gain":0,"max_hp_loss":0,"event_name":"Purifier","floor":12,"gold_loss":0},{"damage_healed":0,"gold_gain":0,"player_choice":"Read","damage_taken":0,"max_hp_gain":0,"max_hp_loss":0,"event_name":"The Library","floor":19,"gold_loss":0,"cards_obtained":["Armaments"]},{"damage_healed":0,"gold_gain":0,"player_choice":"Fight","damage_taken":0,"max_hp_gain":0,"max_hp_loss":0,"event_name":"Colosseum","floor":20,"gold_loss":0},{"damage_healed":0,"gold_gain":0,"player_choice":"Fled From Nobs","damage_taken":0,"max_hp_gain":0,"max_hp_loss":0,"event_name":"Colosseum","floor":20,"gold_loss":0}],"is_beta":false,"boss_relics":[{"not_picked":["Runic Pyramid","Snecko Eye"],"picked":"Fusion Hammer"}],"items_purged_floors":[],"is_endless":false,"potions_floor_spawned":[5,7,11,14,22],"killed_by":"Gremlin Leader","ascension_level":0}