{"gold_per_floor":[113,113,113,124,142,142,174,186,211,211,57,57,68,68,68,169,169,139,167,67,84,84],"floor_reached":22,"playtime":2378,"items_purged":["Strike_G","Eviscerate+1"],"score":184,"play_id":"455b8406-1ac6-4455-bcdd-6bb3e30adc6b","local_time":"20190216224430","is_ascension_mode":false,"campfire_choices":[{"data":"Neutralize","floor":6,"key":"SMITH"},{"data":"Strike_G","floor":10,"key":"SMITH"},{"data":"Noxious Fumes","floor":12,"key":"SMITH"},{"floor":15,"key":"REST"}],"neow_cost":"NONE","seed_source_timestamp":219512118871843,"circlet_count":0,"master_deck":["Defend_G","Defend_G","Defend_G","Defend_G","Survivor","Neutralize+1","Escape Plan","Blur","Noxious Fumes+1","Outmaneuver","After Image","Bullet Time+1","Underhanded Strike+1","Escape Plan","Calculated Gamble+1"],"relics":["Ring of the Snake","Snake Skull","Oddly Smooth Stone","Astrolabe","Red Mask"],"potions_floor_usage":[7,7,16],"damage_taken":[{"damage":2,"enemies":"Small Slimes","floor":1,"turns":4},{"damage":8,"enemies":"Cultist","floor":4,"turns":5},{"damage":1,"enemies":"Jaw Worm","floor":5,"turns":7},{"damage":14,"enemies":"3 Sentries","floor":7,"turns":9},{"damage":7,"enemies":"3 Louse","floor":8,"turns":8},{"damage":0,"enemies":"Blue Slaver","floor":13,"turns":6},{"damage":7,"enemies":"Slime Boss","floor":16,"turns":13},{"damage":12,"enemies":"2 Thieves","floor":18,"turns":5},{"damage":42,"enemies":"Masked Bandits","floor":19,"turns":6},{"damage":19,"enemies":"Chosen","floor":21,"turns":8},{"damage":11,"enemies":"3 Cultists","floor":22,"turns":4}],"seed_played":"4828091198157765185","potions_obtained":[{"floor":4,"key":"PowerPotion"},{"floor":5,"key":"GamblersBrew"},{"floor":13,"key":"Dexterity Potion"}],"is_trial":false,"path_per_floor":["M","?","?","M","M","R","E","M","T","R","$","R","M","?","R","B",null,"M","?","$","M","M"],"character_chosen":"THE_SILENT","items_purchased":["Noxious Fumes"],"campfire_rested":1,"item_purchase_floors":[11],"current_hp_per_floor":[75,80,80,72,71,71,57,50,50,50,50,50,50,43,67,60,82,70,28,28,9,0],"gold":84,"neow_bonus":"TEN_PERCENT_HP_BONUS","is_prod":false,"is_daily":false,"chose_seed":false,"campfire_upgraded":3,"win_rate":0.0,"timestamp":1550324670,"path_taken":["M","?","?","M","M","R","E","?","T","R","$","R","M","?","R","BOSS","M","?","$","M","M"],"build_version":"2019-01-23","purchased_purges":2,"victory":false,"max_hp_per_floor":[77,82,82,82,82,82,82,82,82,82,82,82,82,82,82,82,82,82,82,82,82,82],"card_choices":[{"not_picked":["Deadly Poison","Masterful Stab","PiercingWail"],"picked":"SKIP","floor":1},{"not_picked":["Sucker Punch","Poisoned Stab"],"picked":"Escape Plan","floor":4},{"not_picked":["Acrobatics","Flying Knee"],"picked":"Blur","floor":5},{"not_picked":["Expertise","Unload","Poisoned Stab"],"picked":"SKIP","floor":7},{"not_picked":["Flying Knee","Dagger Spray","Quick Slash"],"picked":"SKIP","floor":8},{"not_picked":["Quick Slash","Blade Dance"],"picked":"Outmaneuver","floor":13},{"not_picked":["Glass Knife","Malaise"],"picked":"After Image","floor":16},{"not_picked":["Backflip+1","PiercingWail"],"picked":"Escape Plan","floor":18},{"not_picked":["Sucker Punch","Dagger Throw+1"],"picked":"Calculated Gamble+1","floor":21}],"player_experience":66668,"relics_obtained":[{"floor":7,"key":"Snake Skull"},{"floor":9,"key":"Oddly Smooth Stone"},{"floor":19,"key":"Red Mask"}],"event_choices":[{"damage_healed":0,"gold_gain":0,"player_choice":"Donut","damage_taken":0,"max_hp_gain":5,"max_hp_loss":0,"event_name":"Big Fish","floor":2,"gold_loss":0},{"cards_removed":["Strike_G"],"damage_healed":0,"gold_gain":0,"player_choice":"Offered Basic","damage_taken":0,"max_hp_gain":0,"max_hp_loss":0,"event_name":"Bonfire Elementals","floor":3,"gold_loss":0},{"cards_removed":["Strike_G"],"damage_healed":0,"gold_gain":0,"player_choice":"Card Removal","damage_taken":7,"max_hp_gain":0,"max_hp_loss":0,"event_name":"Golden Wing","floor":14,"gold_loss":0},{"damage_healed":0,"gold_gain":0,"player_choice":"Fought Bandits","damage_taken":0,"max_hp_gain":0,"max_hp_loss":0,"event_name":"Masked Bandits","floor":19,"gold_loss":0}],"is_beta":false,"boss_relics":[{"not_picked":["Velvet Choker","Cursed Key"],"picked":"Astrolabe"}],"items_purged_floors":[11,20],"is_endless":false,"potions_floor_spawned":[4,5,13],"killed_by":"3 Cultists","ascension_level":0}