{"gold_per_floor":[119,129,144,114,125,150,150,165,165,198,212,225,260,275,275,372,372,388,403,415,317,342,368,378,378,378,392,392,410,420,74,74,178,178,188,2,2,17,1016,1016,1034,1034,1034,1049,198,211,241,257,257,257],"floor_reached":51,"playtime":3621,"items_purged":[],"score":827,"play_id":"8035eb55-c9f5-45c2-ace0-832c06deccd1","local_time":"20190221030922","is_ascension_mode":false,"campfire_choices":[{"data":"Redo","floor":7,"key":"SMITH"},{"data":"Hello World","floor":15,"key":"SMITH"},{"floor":25,"key":"REST"},{"data":"Multi-Cast","floor":28,"key":"SMITH"},{"floor":32,"key":"REST"},{"data":"Normality","floor":40,"key":"PURGE"},{"data":"Normality","floor":42,"key":"PURGE"},{"floor":49,"key":"REST"}],"neow_cost":"","seed_source_timestamp":0,"circlet_count":0,"master_deck":["Strike_B","Strike_B","Strike_B","Strike_B","Defend_B","Defend_B","Defend_B","Defend_B","Zap","Dualcast","Redo+1","Conserve Battery","Rebound","Turbo","Streamline","Stack","Hologram","Hello World+1","Conserve Battery","Stack","Go for the Eyes","Multi-Cast+1","Go for the Eyes+1","BootSequence+1","Loop","Stack","Undo","Steam","Hologram","Rebound+1","Meteor Strike","Conserve Battery","Hologram","Machine Learning","Chaos+1","Doom and Gloom","Hello World","Skim","Sunder+1","Conserve Battery+1","Aggregate","Hello World","Secret Weapon","Steam","Consume","Gash","Cold Snap","Blind","Doom and Gloom","Stack","Steam Power+1"],"relics":["Cracked Core","Bag of Preparation","Calipers","Peace Pipe","Thread and Needle","Lizard Tail","Oddly Smooth Stone","DataDisk","Bottled Lightning","Ice Cream","Runic Dome","Girya","Happy Flower","Boot","Bottled Flame"],"potions_floor_usage":[6,13,16,18,19,29,29,29,46,47,50,50],"damage_taken":[{"damage":0,"enemies":"Small Slimes","floor":1,"turns":2},{"damage":1,"enemies":"Cultist","floor":2,"turns":3},{"damage":0,"enemies":"Jaw Worm","floor":3,"turns":3},{"damage":5,"enemies":"Looter","floor":5,"turns":3},{"damage":18,"enemies":"Lagavulin","floor":6,"turns":8},{"damage":0,"enemies":"Large Slime","floor":8,"turns":4},{"damage":9,"enemies":"3 Sentries","floor":10,"turns":7},{"damage":4,"enemies":"Blue Slaver","floor":11,"turns":3},{"damage":0,"enemies":"2 Fungi Beasts","floor":12,"turns":2},{"damage":19,"enemies":"Gremlin Nob","floor":13,"turns":4},{"damage":1,"enemies":"Red Slaver","floor":14,"turns":3},{"damage":31,"enemies":"The Guardian","floor":16,"turns":11},{"damage":0,"enemies":"Spheric Guardian","floor":18,"turns":5},{"damage":0,"enemies":"3 Byrds","floor":19,"turns":3},{"damage":2,"enemies":"Sentry and Sphere","floor":20,"turns":6},{"damage":39,"enemies":"Slavers","floor":23,"turns":10},{"damage":3,"enemies":"Centurion and Healer","floor":24,"turns":8},{"damage":0,"enemies":"Chosen and Byrds","floor":27,"turns":5},{"damage":18,"enemies":"3 Cultists","floor":29,"turns":7},{"damage":0,"enemies":"Centurion and Healer","floor":30,"turns":11},{"damage":44,"enemies":"Automaton","floor":33,"turns":18},{"damage":3,"enemies":"3 Darklings","floor":35,"turns":6},{"damage":0,"enemies":"3 Shapes","floor":38,"turns":5},{"damage":10,"enemies":"Spire Growth","floor":41,"turns":6},{"damage":5,"enemies":"Sphere and 2 Shapes","floor":44,"turns":6},{"damage":0,"enemies":"Transient","floor":46,"turns":5},{"damage":23,"enemies":"Nemesis","floor":47,"turns":5},{"damage":10,"enemies":"Jaw Worm Horde","floor":48,"turns":3},{"damage":23,"enemies":"Awakened One","floor":50,"turns":21}],"seed_played":"-7554730940685468872","potions_obtained":[{"floor":1,"key":"Regen Potion"},{"floor":4,"key":"GamblersBrew"},{"floor":4,"key":"FairyPotion"},{"floor":10,"key":"Energy Potion"},{"floor":14,"key":"LiquidBronze"},{"floor":16,"key":"GamblersBrew"},{"floor":19,"key":"FocusPotion"},{"floor":24,"key":"Block Potion"},{"floor":27,"key":"Fire Potion"},{"floor":29,"key":"Swift Potion"},{"floor":30,"key":"Fire Potion"},{"floor":38,"key":"Strength Potion"},{"floor":46,"key":"SkillPotion"},{"floor":48,"key":"Energy Potion"}],"is_trial":true,"path_per_floor":["M","M","M","?","M","E","R","M","T","E","M","M","E","M","R","B",null,"M","M","M","$","T","E","M","R","T","M","R","M","M","$","R","B",null,"M","$","?","M","?","R","M","R","T","M","$","M","E","M","R","B",null],"character_chosen":"DEFECT","items_purchased":["Stack","Undo","Ice Cream","Hologram","Doom and Gloom","Hello World","Skim","Hello World","Secret Weapon","Steam","Consume","Gash","Cold Snap","Blind","Happy Flower","Boot"],"campfire_rested":3,"item_purchase_floors":[21,21,31,31,36,36,36,45,45,45,45,45,45,45,45,45],"current_hp_per_floor":[75,74,74,74,69,63,63,63,63,54,50,50,31,30,30,7,75,75,75,73,73,73,34,31,53,53,53,53,35,35,35,57,13,75,72,72,72,72,72,72,62,62,62,57,57,57,34,24,46,23],"gold":257,"neow_bonus":"","is_prod":false,"is_daily":false,"chose_seed":true,"campfire_upgraded":3,"win_rate":0,"timestamp":1550686162,"path_taken":["M","M","M","?","M","E","R","M","T","E","M","M","E","M","R","BOSS","M","M","M","$","?","E","M","R","T","M","R","M","M","$","R","BOSS","M","$","?","M","?","R","M","R","T","M","$","M","E","M","R","BOSS"],"build_version":"2019-01-23","purchased_purges":0,"victory":true,"max_hp_per_floor":[75,75,75,75,75,75,75,75,75,75,75,75,75,75,75,75,75,75,75,75,75,75,75,75,75,75,75,75,75,75,75,75,75,75,75,75,75,75,75,75,75,75,75,75,75,75,75,75,75,75],"card_choices":[{"not_picked":["Rebound","FTL"],"picked":"Redo","floor":1},{"not_picked":["Leap","Steam"],"picked":"Conserve Battery","floor":2},{"not_picked":["Beam Cell","Double Energy"],"picked":"Rebound","floor":3},{"not_picked":["Conserve Battery","Go for the Eyes"],"picked":"Turbo","floor":5},{"not_picked":["Coolheaded","Beam Cell"],"picked":"Streamline","floor":6},{"not_picked":["Melter","Biased Cognition"],"picked":"Stack","floor":8},{"not_picked":["Creative AI","Loop"],"picked":"Hologram","floor":10},{"not_picked":["Rebound","Fusion"],"picked":"Hello World","floor":11},{"not_picked":["Coolheaded","Storm"],"picked":"Conserve Battery","floor":12},{"not_picked":["Gash","Thunder Strike"],"picked":"Stack","floor":13},{"not_picked":["Genetic Algorithm","Storm"],"picked":"Go for the Eyes","floor":14},{"not_picked":["Core Surge","Machine Learning"],"picked":"Multi-Cast","floor":16},{"not_picked":["Steam+1","Recycle"],"picked":"Go for the Eyes+1","floor":18},{"not_picked":["Barrage","Cold Snap"],"picked":"BootSequence+1","floor":19},{"not_picked":["Barrage+1","Steam Power"],"picked":"Loop","floor":20},{"not_picked":["Thunder Strike","Cold Snap+1"],"picked":"Steam","floor":23},{"not_picked":["Ball Lightning","Genetic Algorithm"],"picked":"Hologram","floor":24},{"not_picked":["Go for the Eyes","Glacier+1"],"picked":"Rebound+1","floor":27},{"not_picked":["Rebound","Gash"],"picked":"Meteor Strike","floor":29},{"not_picked":["Coolheaded+1","Cold Snap"],"picked":"Conserve Battery","floor":30},{"not_picked":["Electrodynamics","Echo Form"],"picked":"Machine Learning","floor":33},{"not_picked":["Melter","Compile Driver"],"picked":"Chaos+1","floor":35},{"not_picked":["Blizzard+1","Beam Cell"],"picked":"Sunder+1","floor":38},{"not_picked":["Static Discharge+1","Beam Cell"],"picked":"Conserve Battery+1","floor":41},{"not_picked":["Compile Driver+1","Streamline"],"picked":"Aggregate","floor":44},{"not_picked":["Gash+1","Steam+1"],"picked":"Doom and Gloom","floor":46},{"not_picked":["Electrodynamics","Streamline+1"],"picked":"Stack","floor":47},{"not_picked":["Rebound","Cold Snap+1"],"picked":"Steam Power+1","floor":48}],"player_experience":1095044,"relics_obtained":[{"floor":6,"key":"Bag of Preparation"},{"floor":9,"key":"Calipers"},{"floor":10,"key":"Peace Pipe"},{"floor":13,"key":"Thread and Needle"},{"floor":22,"key":"Oddly Smooth Stone"},{"floor":23,"key":"DataDisk"},{"floor":26,"key":"Bottled Lightning"},{"floor":43,"key":"Girya"},{"floor":47,"key":"Bottled Flame"}],"event_choices":[{"damage_healed":0,"gold_gain":0,"player_choice":"Bought 2 Potions","damage_taken":0,"max_hp_gain":0,"max_hp_loss":0,"event_name":"The Woman in Blue","floor":4,"gold_loss":0},{"damage_healed":0,"gold_gain":0,"player_choice":"Ignored","damage_taken":0,"max_hp_gain":0,"max_hp_loss":0,"event_name":"Mysterious Sphere","floor":37,"gold_loss":0},{"damage_healed":0,"gold_gain":999,"player_choice":"Gold","damage_taken":0,"max_hp_gain":0,"max_hp_loss":0,"event_name":"MindBloom","floor":39,"gold_loss":0,"cards_obtained":["Normality","Normality"]}],"is_beta":false,"boss_relics":[{"not_picked":["White Beast Statue","Fusion Hammer"],"picked":"Lizard Tail"},{"not_picked":["Philosopher\u0027s Stone","Tiny House"],"picked":"Runic Dome"}],"items_purged_floors":[],"is_endless":false,"potions_floor_spawned":[1,10,12,14,16,19,24,27,29,30,38,44,46,48],"ascension_level":0}