{"gold_per_floor":[119,137,155,7,20,55,70,82,155,174,174],"floor_reached":11,"playtime":868,"items_purged":[],"score":83,"play_id":"87a1e081-48d1-49b0-9239-0bcc07d0a34b","local_time":"20181024191105","is_ascension_mode":true,"campfire_choices":[],"neow_cost":"NONE","seed_source_timestamp":162770595302154,"circlet_count":0,"master_deck":["Defend_G","Defend_G","Defend_G","Defend_G","Defend_G","Strike_G","Strike_G","Strike_G","Strike_G","Strike_G","Survivor","Neutralize","Distraction","Dagger Throw","Backflip","Poisoned Stab","Burst","Terror","Deadly Poison","Footwork"],"relics":["Ring of the Snake","NeowsBlessing","Oddly Smooth Stone","Potion Belt","Paper Crane"],"potions_floor_usage":[6,8,11],"damage_taken":[{"damage":0,"enemies":"2 Louse","floor":1,"turns":1},{"damage":0,"enemies":"Small Slimes","floor":2,"turns":1},{"damage":0,"enemies":"Jaw Worm","floor":3,"turns":1},{"damage":1,"enemies":"Blue Slaver","floor":5,"turns":5},{"damage":14,"enemies":"Lagavulin","floor":6,"turns":8},{"damage":3,"enemies":"Exordium Wildlife","floor":7,"turns":3},{"damage":4,"enemies":"Gremlin Gang","floor":8,"turns":6},{"damage":16,"enemies":"Lots of Slimes","floor":10,"turns":5},{"damage":38,"enemies":"Gremlin Nob","floor":11,"turns":4}],"seed_played":"-3547712908555971736","potions_obtained":[{"floor":1,"key":"Explosive Potion"},{"floor":3,"key":"SkillPotion"},{"floor":8,"key":"GamblersBrew"}],"is_trial":false,"path_per_floor":["M","M","M","$","M","E","M","M","T","M"],"character_chosen":"THE_SILENT","items_purchased":["Oddly Smooth Stone"],"campfire_rested":0,"item_purchase_floors":[4],"current_hp_per_floor":[70,70,70,70,69,55,52,48,48,32,0],"gold":174,"neow_bonus":"THREE_ENEMY_KILL","is_prod":false,"is_daily":false,"chose_seed":false,"campfire_upgraded":0,"win_rate":0,"timestamp":1540433465,"path_taken":["M","M","M","$","M","E","M","M","T","M","E"],"build_version":"2018-10-18","purchased_purges":0,"victory":false,"max_hp_per_floor":[70,70,70,70,70,70,70,70,70,70,70],"card_choices":[{"not_picked":["Tactician","Underhanded Strike"],"picked":"Distraction","floor":1},{"not_picked":["Acrobatics","Underhanded Strike"],"picked":"Dagger Throw","floor":2},{"not_picked":["Deflect","Prepared"],"picked":"Backflip","floor":3},{"not_picked":["Deflect","Blade Dance"],"picked":"Poisoned Stab","floor":5},{"not_picked":["Deadly Poison","Bouncing Flask"],"picked":"Burst","floor":6},{"not_picked":["Eviscerate","Choke"],"picked":"Terror","floor":7},{"not_picked":["Reflex","Prepared"],"picked":"Deadly Poison","floor":8},{"not_picked":["Flying Knee","Choke"],"picked":"Footwork","floor":10}],"player_experience":341323,"relics_obtained":[{"floor":6,"key":"Potion Belt"},{"floor":9,"key":"Paper Crane"}],"event_choices":[],"is_beta":false,"boss_relics":[],"items_purged_floors":[],"is_endless":false,"potions_floor_spawned":[1,3,8],"killed_by":"Gremlin Nob","ascension_level":1}