{"gold_per_floor":[115,134,134,149,216,216,247,247,270,283,283,283,97,115,115,219,219,231,242,242,257,172,184,207,219,256,6,6,6,6,6,6,110,110,125,125,135,149,149],"floor_reached":39,"playtime":1848,"items_purged":[],"score":379,"play_id":"2690481d-270a-468d-90f4-6d0e1e860749","local_time":"20181013144844","is_ascension_mode":false,"campfire_choices":[{"data":"Sunder","floor":6,"key":"SMITH"},{"data":"Redo","floor":8,"key":"SMITH"},{"floor":11,"key":"REST"},{"floor":15,"key":"REST"},{"floor":23,"key":"REST"},{"data":"Loop","floor":25,"key":"SMITH"},{"floor":28,"key":"REST"},{"data":"Stack","floor":32,"key":"SMITH"}],"neow_cost":"","seed_source_timestamp":663287912473013,"circlet_count":0,"master_deck":["Strike_B+1","Strike_B","Strike_B+1","Defend_B","Defend_B","Defend_B","Defend_B","Zap+1","Redo+1","Rebound","Sunder+1","Sweeping Beam","Coolheaded","Self Repair","Streamline","Electrodynamics","Stack+1","Stack","Loop+1","Compile Driver","FTL","Master of Strategy","Buffer","Compile Driver","Swift Strike","Go for the Eyes","Redo+1"],"relics":["Cracked Core","Whetstone","Omamori","Bronze Scales","Vajra","Black Star","Dodecahedron","MawBank","Lantern","Inserter"],"potions_floor_usage":[39],"damage_taken":[{"damage":8,"enemies":"2 Louse","floor":1,"turns":3},{"damage":1,"enemies":"Cultist","floor":2,"turns":4},{"damage":5,"enemies":"Small Slimes","floor":4,"turns":2},{"damage":21,"enemies":"Lagavulin","floor":7,"turns":5},{"damage":18,"enemies":"Exordium Wildlife","floor":10,"turns":3},{"damage":0,"enemies":"Looter","floor":14,"turns":2},{"damage":55,"enemies":"Hexaghost","floor":16,"turns":9},{"damage":17,"enemies":"3 Byrds","floor":18,"turns":3},{"damage":31,"enemies":"2 Thieves","floor":19,"turns":5},{"damage":32,"enemies":"Snake Plant","floor":21,"turns":4},{"damage":15,"enemies":"Cultist and Chosen","floor":24,"turns":5},{"damage":37,"enemies":"Collector","floor":33,"turns":10},{"damage":0,"enemies":"3 Shapes","floor":35,"turns":4},{"damage":32,"enemies":"3 Darklings","floor":37,"turns":4},{"damage":13,"enemies":"Sphere and 2 Shapes","floor":38,"turns":4},{"damage":49,"enemies":"Spire Growth","floor":39,"turns":5}],"seed_played":"-8039870247443825465","potions_obtained":[{"floor":1,"key":"Swift Potion"},{"floor":7,"key":"PowerPotion"},{"floor":16,"key":"Regen Potion"},{"floor":19,"key":"FairyPotion"},{"floor":38,"key":"Fire Potion"}],"is_trial":false,"path_per_floor":["M","M","?","M","?","R","E","R","T","M","R","?","$","M","R","B",null,"M","M","?","M","?","R","M","R","T","$","R","?","?","$","R","B",null,"M","?","M","M"],"character_chosen":"DEFECT","items_purchased":["Self Repair","Vajra","FTL","Master of Strategy"],"campfire_rested":4,"item_purchase_floors":[13,13,27,27],"current_hp_per_floor":[67,66,66,61,61,61,40,40,40,22,44,32,32,39,61,13,75,65,41,41,16,16,38,30,30,30,30,52,52,52,52,52,22,75,75,75,43,30,0],"gold":149,"neow_bonus":"","is_prod":false,"is_daily":false,"chose_seed":false,"campfire_upgraded":4,"win_rate":0,"timestamp":1539409724,"path_taken":["M","M","?","M","?","R","E","R","T","M","R","?","$","M","R","BOSS","M","M","?","M","?","R","M","R","T","?","R","?","?","?","R","BOSS","M","?","M","M","M"],"build_version":"2018-10-11","purchased_purges":0,"victory":false,"max_hp_per_floor":[75,75,75,75,75,75,75,75,75,75,75,75,75,75,75,75,75,75,75,75,75,75,75,75,75,75,75,75,75,75,75,75,75,75,75,75,75,75,75],"card_choices":[{"not_picked":["Glacier","Turbo"],"picked":"Redo","floor":1},{"not_picked":["Stack","Undo"],"picked":"Rebound","floor":2},{"not_picked":["Stack","Lockon"],"picked":"Sunder","floor":4},{"not_picked":["Beam Cell","Rainbow"],"picked":"Sweeping Beam","floor":7},{"not_picked":["Leap","Barrage"],"picked":"Coolheaded","floor":10},{"not_picked":["Rip and Tear","Capacitor"],"picked":"Streamline","floor":14},{"not_picked":["Hyperbeam","Thunder Strike"],"picked":"Electrodynamics","floor":16},{"not_picked":["Gash","Reprogram"],"picked":"Stack","floor":18},{"not_picked":["Cold Snap","Turbo"],"picked":"Stack","floor":19},{"not_picked":["Biased Cognition","Go for the Eyes+1"],"picked":"Loop","floor":21},{"not_picked":["Turbo+1","Heatsinks"],"picked":"Compile Driver","floor":24},{"not_picked":["Rainbow","Fission"],"picked":"Buffer","floor":33},{"not_picked":["Go for the Eyes","Coolheaded+1"],"picked":"Compile Driver","floor":35},{"not_picked":["PanicButton","Trip"],"picked":"Swift Strike","floor":36},{"not_picked":["Tempest+1","Undo"],"picked":"Go for the Eyes","floor":37},{"not_picked":["Cold Snap+1","Ball Lightning"],"picked":"Redo+1","floor":38}],"player_experience":66774,"relics_obtained":[{"floor":7,"key":"Whetstone"},{"floor":9,"key":"Omamori"},{"floor":26,"key":"Lantern"}],"event_choices":[{"event_name":"Purifier","player_choice":"One Purge","floor":3,"damage_taken":0},{"event_name":"Golden Wing","player_choice":"Gained Gold","floor":5,"damage_taken":0},{"event_name":"Scrap Ooze","player_choice":"success","floor":12,"damage_taken":12},{"event_name":"The Mausoleum","player_choice":"Yes","floor":20,"damage_taken":0},{"event_name":"Addict","player_choice":"Obtained Relic","floor":22,"damage_taken":0},{"event_name":"Purifier","player_choice":"One Purge","floor":29,"damage_taken":0},{"event_name":"Upgrade Shrine","player_choice":"Upgraded","floor":30,"damage_taken":0},{"event_name":"SensoryStone","player_choice":"Memory 1","floor":36,"damage_taken":0}],"is_beta":false,"boss_relics":[{"not_picked":["Ectoplasm","Busted Crown"],"picked":"Black Star"},{"not_picked":["Pandora\u0027s Box","Orrery"],"picked":"Inserter"}],"items_purged_floors":[],"is_endless":false,"potions_floor_spawned":[1,7,16,19,21,38],"killed_by":"Spire Growth","ascension_level":0}