{"gold_per_floor":[112,24,24,24,24,24,58,85,110,110,124,124,144,194,194,267,267,285,299,72,72,91,91,117,117,168,168,194,36,36,36,36,110,110,120,171,7,7,25,25,25],"floor_reached":41,"playtime":1740,"items_purged":[],"score":892,"play_id":"7022567c-0724-452e-8af1-e02b8ec81a4e","local_time":"20190219061701","is_ascension_mode":true,"campfire_choices":[{"data":"Noxious Fumes","floor":6,"key":"SMITH"},{"data":"Masterful Stab","floor":10,"key":"SMITH"},{"data":"Neutralize","floor":12,"key":"SMITH"},{"data":"Footwork","floor":15,"key":"SMITH"},{"floor":23,"key":"REST"},{"data":"Malaise","floor":27,"key":"SMITH"},{"data":"Crippling Poison","floor":30,"key":"SMITH"},{"floor":32,"key":"REST"},{"data":"Wraith Form v2","floor":40,"key":"SMITH"}],"neow_cost":"NONE","seed_source_timestamp":495462711956200,"circlet_count":0,"master_deck":["AscendersBane","Survivor","Neutralize+1","Flying Knee","Noxious Fumes+1","Masterful Stab+1","Escape Plan+1","Footwork+1","Malaise+1","Blur","Dodge and Roll+1","Crippling Poison+1","Distraction","Corpse Explosion","PiercingWail+1","Crippling Poison","Night Terror","Venomology","Tactician","All Out Attack","Tools of the Trade","Wraith Form v2+1","Grand Finale","Wraith Form v2","Backflip+1"],"relics":["Ring of the Snake","NeowsBlessing","Vajra","Centennial Puzzle","PreservedInsect","Philosopher\u0027s Stone","OrangePellets","War Paint","Ancient Tea Set","Strawberry","Lantern","Pandora\u0027s Box","Unceasing Top","Oddly Smooth Stone"],"potions_floor_usage":[24,33,39,41,41],"damage_taken":[{"damage":0,"enemies":"2 Louse","floor":1,"turns":1},{"damage":0,"enemies":"Gremlin Nob","floor":7,"turns":1},{"damage":0,"enemies":"Jaw Worm","floor":11,"turns":1},{"damage":0,"enemies":"Small Slimes","floor":13,"turns":3},{"damage":27,"enemies":"The Guardian","floor":16,"turns":12},{"damage":24,"enemies":"3 Byrds","floor":18,"turns":6},{"damage":6,"enemies":"Spheric Guardian","floor":19,"turns":5},{"damage":0,"enemies":"Centurion and Healer","floor":22,"turns":8},{"damage":2,"enemies":"Slavers","floor":24,"turns":3},{"damage":11,"enemies":"Colosseum Slavers","floor":25,"turns":6},{"damage":10,"enemies":"Gremlin Leader","floor":28,"turns":4},{"damage":44,"enemies":"Collector","floor":33,"turns":10},{"damage":5,"enemies":"3 Darklings","floor":35,"turns":3},{"damage":32,"enemies":"2 Orb Walkers","floor":36,"turns":6},{"damage":0,"enemies":"3 Shapes","floor":39,"turns":5},{"damage":24,"enemies":"Nemesis","floor":41,"turns":9}],"seed_played":"3092615995835827861","potions_obtained":[{"floor":1,"key":"SteroidPotion"},{"floor":11,"key":"Strength Potion"},{"floor":19,"key":"Block Potion"},{"floor":22,"key":"SpeedPotion"},{"floor":33,"key":"Ancient Potion"},{"floor":36,"key":"LiquidBronze"},{"floor":38,"key":"SkillPotion"},{"floor":38,"key":"SkillPotion"},{"floor":39,"key":"Weak Potion"}],"is_trial":false,"path_per_floor":["M","$","?","?","?","R","E","T","T","R","M","R","M","?","R","B",null,"M","M","$","?","M","R","E","?","T","R","E","$","R","?","R","B",null,"M","?","$","?","M","R","E"],"character_chosen":"THE_SILENT","items_purchased":["Noxious Fumes","OrangePellets","Lantern","Oddly Smooth Stone"],"campfire_rested":2,"item_purchase_floors":[2,20,29,37],"current_hp_per_floor":[59,59,59,52,52,52,52,52,52,52,52,52,52,52,52,25,56,32,26,26,26,26,45,43,32,32,32,29,29,29,29,50,6,56,51,19,19,19,19,19,0],"gold":25,"neow_bonus":"THREE_ENEMY_KILL","is_prod":false,"is_daily":false,"chose_seed":false,"campfire_upgraded":7,"win_rate":0,"timestamp":1550553421,"path_taken":["M","$","?","?","?","R","E","?","T","R","M","R","M","?","R","BOSS","M","?","$","?","M","R","E","?","T","R","E","$","R","?","R","BOSS","M","?","$","?","M","R","E"],"build_version":"2019-01-23","purchased_purges":0,"victory":false,"max_hp_per_floor":[66,66,66,66,66,66,66,66,66,66,66,66,66,66,66,66,66,66,66,66,66,66,66,66,66,66,66,73,73,73,73,73,73,73,73,73,73,73,73,73,73],"card_choices":[{"not_picked":["Reflex","Calculated Gamble"],"picked":"Flying Knee","floor":1},{"not_picked":["Bane","Phantasmal Killer"],"picked":"Masterful Stab","floor":7},{"not_picked":["Eviscerate","Setup"],"picked":"Escape Plan","floor":11},{"not_picked":["PiercingWail","Blur"],"picked":"Footwork","floor":13},{"not_picked":["Die Die Die","Grand Finale"],"picked":"Malaise","floor":16},{"not_picked":["Riddle With Holes","All Out Attack"],"picked":"Blur","floor":18},{"not_picked":["Deadly Poison","Flying Knee"],"picked":"Dodge and Roll+1","floor":19},{"not_picked":["Underhanded Strike+1","Outmaneuver"],"picked":"Corpse Explosion","floor":22},{"not_picked":["Terror","Backstab","Choke"],"picked":"SKIP","floor":24},{"not_picked":["Acrobatics","Footwork"],"picked":"PiercingWail+1","floor":28},{"not_picked":["Bullet Time","Adrenaline"],"picked":"Night Terror","floor":33},{"not_picked":["Backstab+1","Choke","Riddle With Holes+1"],"picked":"SKIP","floor":35},{"not_picked":["Slice","Blade Dance"],"picked":"Backflip+1","floor":36},{"not_picked":["Bane","Deadly Poison","Choke"],"picked":"SKIP","floor":39}],"player_experience":509392,"relics_obtained":[{"floor":7,"key":"Vajra"},{"floor":8,"key":"Centennial Puzzle"},{"floor":9,"key":"PreservedInsect"},{"floor":24,"key":"War Paint"},{"floor":26,"key":"Ancient Tea Set"},{"floor":28,"key":"Strawberry"},{"floor":36,"key":"Unceasing Top"}],"event_choices":[{"damage_healed":0,"gold_gain":0,"player_choice":"Leave","damage_taken":0,"max_hp_gain":0,"max_hp_loss":0,"event_name":"The Cleric","floor":3,"gold_loss":0},{"cards_removed":["Strike_G"],"damage_healed":0,"gold_gain":0,"player_choice":"Card Removal","damage_taken":7,"max_hp_gain":0,"max_hp_loss":0,"event_name":"Golden Wing","floor":4,"gold_loss":0},{"damage_healed":0,"gold_gain":0,"player_choice":"Ignored","damage_taken":0,"max_hp_gain":0,"max_hp_loss":0,"event_name":"Liars Game","floor":5,"gold_loss":0},{"damage_healed":0,"gold_gain":50,"player_choice":"Pray","damage_taken":0,"max_hp_gain":0,"max_hp_loss":0,"event_name":"Golden Shrine","floor":14,"gold_loss":0},{"damage_healed":0,"gold_gain":0,"cards_transformed":["Strike_G","Strike_G"],"player_choice":"Became Test Subject","damage_taken":0,"max_hp_gain":0,"max_hp_loss":0,"event_name":"Drug Dealer","floor":21,"gold_loss":0,"cards_obtained":["Crippling Poison","Distraction"]},{"damage_healed":0,"gold_gain":0,"player_choice":"Fight","damage_taken":0,"max_hp_gain":0,"max_hp_loss":0,"event_name":"Colosseum","floor":25,"gold_loss":0},{"damage_healed":0,"gold_gain":0,"player_choice":"Fled From Nobs","damage_taken":0,"max_hp_gain":0,"max_hp_loss":0,"event_name":"Colosseum","floor":25,"gold_loss":0},{"damage_healed":0,"gold_gain":0,"player_choice":"Read","damage_taken":0,"max_hp_gain":0,"max_hp_loss":0,"event_name":"The Library","floor":31,"gold_loss":0,"cards_obtained":["Crippling Poison"]},{"damage_healed":0,"gold_gain":0,"player_choice":"Fight","damage_taken":0,"max_hp_gain":0,"max_hp_loss":0,"event_name":"Mysterious Sphere","floor":36,"gold_loss":0},{"damage_healed":0,"gold_gain":0,"player_choice":"Got Potions","damage_taken":0,"max_hp_gain":0,"max_hp_loss":0,"event_name":"Lab","floor":38,"gold_loss":0}],"is_beta":false,"boss_relics":[{"not_picked":["Ring of the Serpent","Busted Crown"],"picked":"Philosopher\u0027s Stone"},{"not_picked":["White Beast Statue","HoveringKite"],"picked":"Pandora\u0027s Box"}],"items_purged_floors":[],"is_endless":false,"potions_floor_spawned":[1,11,19,22,25,33,36,39],"killed_by":"Nemesis","ascension_level":20}