{"gold_per_floor":[116,130,130,143,64,64,8,85,85,30,59,59,69,88,88,164,164,179,179,192,192,208,208],"floor_reached":23,"playtime":676,"items_purged":[],"score":371,"play_id":"d0ff4548-85cf-413f-b87f-714f7393c56e","local_time":"20190208021733","is_ascension_mode":true,"campfire_choices":[{"data":"Uppercut","floor":6,"key":"SMITH"},{"data":"Armaments","floor":12,"key":"SMITH"},{"data":"Havoc","floor":15,"key":"SMITH"}],"neow_cost":"NONE","seed_source_timestamp":111850018005800,"circlet_count":0,"master_deck":["AscendersBane","Strike_R","Strike_R","Strike_R","Strike_R","Strike_R","Defend_R","Defend_R","Defend_R","Defend_R","Bash","Clothesline","Uppercut+1","Juggernaut","Clash","Perfected Strike","Perfected Strike","Shrug It Off","Headbutt","Armaments+1","Iron Wave","Havoc+1","Perfected Strike","Pommel Strike","Fiend Fire","Metallicize","Carnage","Shrug It Off","Shrug It Off"],"relics":["Burning Blood","NeowsBlessing","Bronze Scales","Prayer Wheel","Black Star","Juzu Bracelet","Spirit Poop"],"potions_floor_usage":[16,20,23],"damage_taken":[{"damage":0,"enemies":"Cultist","floor":1,"turns":1},{"damage":0,"enemies":"Small Slimes","floor":2,"turns":1},{"damage":0,"enemies":"2 Louse","floor":4,"turns":1},{"damage":8,"enemies":"Gremlin Nob","floor":11,"turns":3},{"damage":3,"enemies":"Blue Slaver","floor":13,"turns":1},{"damage":3,"enemies":"Exordium Thugs","floor":14,"turns":4},{"damage":43,"enemies":"Hexaghost","floor":16,"turns":6},{"damage":45,"enemies":"Shell Parasite","floor":18,"turns":5},{"damage":6,"enemies":"3 Byrds","floor":20,"turns":3},{"damage":26,"enemies":"Snake Plant","floor":22,"turns":3},{"damage":17,"enemies":"Book of Stabbing","floor":23,"turns":4}],"seed_played":"-7248531328699461313","potions_obtained":[{"floor":1,"key":"BloodPotion"},{"floor":16,"key":"GamblersBrew"}],"is_trial":false,"path_per_floor":["M","M","?","M","$","R","$","?","T","$","E","R","M","M","R","B",null,"M","?","M","?","M","E"],"character_chosen":"IRONCLAD","items_purchased":["Perfected Strike","Shrug It Off","Headbutt","AttackPotion"],"campfire_rested":0,"item_purchase_floors":[5,5,7,10],"current_hp_per_floor":[74,75,75,75,75,75,75,75,75,75,73,73,75,75,75,38,66,27,27,34,34,14,0],"gold":208,"neow_bonus":"THREE_ENEMY_KILL","is_prod":false,"is_daily":false,"chose_seed":false,"campfire_upgraded":3,"win_rate":0,"timestamp":1549588653,"path_taken":["M","?","?","?","$","R","$","?","T","$","E","R","M","M","R","BOSS","M","?","M","?","M","E"],"build_version":"2019-01-23","purchased_purges":0,"victory":false,"max_hp_per_floor":[75,75,75,75,75,75,75,75,75,75,75,75,75,75,75,75,75,75,75,75,75,75,75],"card_choices":[{"not_picked":["Blood for Blood","Iron Wave"],"picked":"Clothesline","floor":1},{"not_picked":["Twin Strike","Spot Weakness"],"picked":"Uppercut","floor":2},{"not_picked":["Combust","Havoc"],"picked":"Perfected Strike","floor":4},{"not_picked":["Disarm","Anger"],"picked":"Armaments","floor":11},{"not_picked":["Headbutt","Corruption"],"picked":"Iron Wave","floor":13},{"not_picked":["Bloodletting","Cleave"],"picked":"Havoc","floor":13},{"not_picked":["Corruption","Pommel Strike"],"picked":"Perfected Strike","floor":14},{"not_picked":["Clothesline","Sever Soul"],"picked":"Pommel Strike","floor":14},{"not_picked":["Brutality","Demon Form"],"picked":"Fiend Fire","floor":16},{"not_picked":["Entrench","Fire Breathing"],"picked":"Metallicize","floor":18},{"not_picked":["Heavy Blade","Sword Boomerang","Pummel"],"picked":"SKIP","floor":18},{"not_picked":["Spot Weakness","Body Slam"],"picked":"Carnage","floor":20},{"not_picked":["Burning Pact","Bloodletting","Corruption+1"],"picked":"SKIP","floor":20},{"not_picked":["Cleave","Ghostly Armor"],"picked":"Shrug It Off","floor":22},{"not_picked":["Dropkick","Clash"],"picked":"Shrug It Off","floor":22}],"player_experience":345294,"relics_obtained":[{"floor":9,"key":"Bronze Scales"},{"floor":11,"key":"Prayer Wheel"}],"event_choices":[{"damage_healed":0,"gold_gain":0,"player_choice":"2 cards matched","damage_taken":0,"max_hp_gain":0,"max_hp_loss":0,"event_name":"Match and Keep!","floor":3,"gold_loss":0,"cards_obtained":["Juggernaut","Clash"]},{"damage_healed":0,"gold_gain":77,"player_choice":"Gained Gold","damage_taken":0,"max_hp_gain":0,"max_hp_loss":0,"event_name":"Golden Wing","floor":8,"gold_loss":0},{"damage_healed":0,"gold_gain":0,"player_choice":"Opened","damage_taken":0,"relics_obtained":["Juzu Bracelet"],"max_hp_gain":0,"max_hp_loss":0,"event_name":"The Mausoleum","floor":19,"gold_loss":0,"cards_obtained":["Writhe"]},{"cards_removed":["Writhe"],"damage_healed":0,"gold_gain":0,"player_choice":"Offered Curse","damage_taken":0,"relics_obtained":["Spirit Poop"],"max_hp_gain":0,"max_hp_loss":0,"event_name":"Bonfire Elementals","floor":21,"gold_loss":0}],"is_beta":false,"boss_relics":[{"not_picked":["Tiny House","Orrery"],"picked":"Black Star"}],"items_purged_floors":[],"is_endless":false,"potions_floor_spawned":[1,11,14,16,18],"killed_by":"Book of Stabbing","ascension_level":19}