{"gold_per_floor":[111,61,139,42,61,61,95,95,140,140,160,192,192,247,247,351,351,361,38,49,65,65,65],"floor_reached":23,"playtime":1538,"items_purged":[],"score":217,"play_id":"defc1a25-343d-4113-8ce1-b8b0bdea1cdd","local_time":"20181225151342","is_ascension_mode":true,"campfire_choices":[{"data":"Sword Boomerang","floor":6,"key":"SMITH"},{"data":"Heavy Blade","floor":8,"key":"SMITH"},{"data":"Headbutt","floor":10,"key":"SMITH"},{"floor":15,"key":"REST"}],"neow_cost":"NONE","seed_source_timestamp":5624256978159,"circlet_count":0,"master_deck":["Strike_R","Strike_R","Defend_R","Defend_R","Defend_R","Defend_R","Bash","Headbutt+1","Sword Boomerang+1","Heavy Blade+1","Armaments","Body Slam","Spot Weakness+1","Limit Break+1","Flex+1","Metamorphosis+1","Impervious+1","Flame Barrier+1","Shrug It Off+1"],"relics":["Burning Blood","Ornamental Fan","PreservedInsect","Potion Belt","Toxic Egg 2","Tiny Chest","Empty Cage"],"potions_floor_usage":[18,23,23],"damage_taken":[{"damage":7,"enemies":"Small Slimes","floor":1,"turns":5},{"damage":8,"enemies":"Jaw Worm","floor":5,"turns":4},{"damage":24,"enemies":"Gremlin Nob","floor":7,"turns":4},{"damage":0,"enemies":"2 Louse","floor":11,"turns":1},{"damage":23,"enemies":"Lagavulin","floor":12,"turns":5},{"damage":21,"enemies":"Gremlin Nob","floor":14,"turns":4},{"damage":49,"enemies":"The Guardian","floor":16,"turns":8},{"damage":20,"enemies":"Spheric Guardian","floor":18,"turns":4},{"damage":38,"enemies":"Shell Parasite","floor":20,"turns":6},{"damage":26,"enemies":"3 Cultists","floor":21,"turns":5},{"damage":26,"enemies":"Slavers","floor":23,"turns":4}],"seed_played":"5519055052793798068","potions_obtained":[{"floor":1,"key":"Ancient Potion"},{"floor":5,"key":"FearPotion"},{"floor":14,"key":"Dexterity Potion"},{"floor":16,"key":"Poison Potion"},{"floor":18,"key":"Swift Potion"}],"is_trial":false,"path_per_floor":["M","?","T","$","M","R","E","R","T","R","M","E","?","E","R","B",null,"M","$","M","M","?","E"],"character_chosen":"IRONCLAD","items_purchased":["Sword Boomerang","PowerPotion","Metamorphosis+1","Impervious+1"],"campfire_rested":1,"item_purchase_floors":[4,4,19,19],"current_hp_per_floor":[87,87,87,87,85,85,67,67,67,67,73,56,56,41,67,24,88,74,74,42,22,22,0],"gold":65,"neow_bonus":"TEN_PERCENT_HP_BONUS","is_prod":false,"is_daily":false,"chose_seed":false,"campfire_upgraded":3,"win_rate":0,"timestamp":1545743622,"path_taken":["M","?","?","?","M","R","E","R","T","R","M","E","?","E","R","BOSS","M","$","M","M","?","E"],"build_version":"2018-12-20","purchased_purges":0,"victory":false,"max_hp_per_floor":[88,88,88,88,88,88,88,88,88,88,88,88,88,88,88,88,88,88,88,88,88,88,88],"card_choices":[{"not_picked":["Carnage","Thunderclap"],"picked":"Headbutt","floor":1},{"not_picked":["Fire Breathing","Perfected Strike","Rupture"],"picked":"SKIP","floor":5},{"not_picked":["Disarm","Dropkick"],"picked":"Heavy Blade","floor":7},{"not_picked":["Iron Wave","True Grit"],"picked":"Armaments","floor":11},{"not_picked":["Perfected Strike","Heavy Blade"],"picked":"Body Slam","floor":12},{"not_picked":["Brutality","True Grit+1"],"picked":"Spot Weakness+1","floor":14},{"not_picked":["Berserk","Bludgeon"],"picked":"Limit Break+1","floor":16},{"not_picked":["Shrug It Off+1","Battle Trance+1"],"picked":"Flex+1","floor":18},{"not_picked":["Body Slam","Headbutt"],"picked":"Flame Barrier+1","floor":20},{"not_picked":["True Grit+1","Clothesline+1"],"picked":"Shrug It Off+1","floor":21}],"player_experience":29443,"relics_obtained":[{"floor":3,"key":"Ornamental Fan"},{"floor":7,"key":"PreservedInsect"},{"floor":9,"key":"Potion Belt"},{"floor":12,"key":"Toxic Egg 2"},{"floor":14,"key":"Tiny Chest"}],"event_choices":[{"cards_removed":["Strike_R"],"damage_healed":0,"gold_gain":0,"player_choice":"Card Removal","damage_taken":0,"max_hp_gain":0,"max_hp_loss":0,"event_name":"The Cleric","floor":2,"gold_loss":50},{"damage_healed":0,"gold_gain":0,"player_choice":"Ignored","damage_taken":0,"max_hp_gain":0,"max_hp_loss":0,"event_name":"Shining Light","floor":13,"gold_loss":0},{"damage_healed":0,"gold_gain":0,"player_choice":"Ignored","damage_taken":0,"max_hp_gain":0,"max_hp_loss":0,"event_name":"Ghosts","floor":22,"gold_loss":0}],"is_beta":false,"boss_relics":[{"not_picked":["Velvet Choker","Philosopher\u0027s Stone"],"picked":"Empty Cage"}],"items_purged_floors":[],"is_endless":false,"potions_floor_spawned":[1,5,14,16,18,20,21],"killed_by":"Slavers","ascension_level":1}