{"path_per_floor":["M","?","$","?","M","E","R","E","T","?","M","?","M","$","R","B",null,"M","?","?","M","M","E","M","M","T","M"],"character_chosen":"THE_SILENT","items_purchased":["Poisoned Stab","Acrobatics","Ancient Tea Set"],"gold_per_floor":[112,112,67,67,83,110,110,144,144,166,183,183,198,21,21,117,117,135,85,85,104,120,149,162,181,181,192],"floor_reached":28,"campfire_rested":1,"playtime":2025,"current_hp_per_floor":[65,65,65,65,63,47,47,31,31,18,18,41,41,41,62,33,70,60,60,60,60,51,51,11,10,10,8],"items_purged":[],"gold":192,"play_id":"1ad5df96-6dc7-4b2a-9237-6e6108dc38a1","is_prod":false,"is_daily":false,"campfire_rituals":0,"campfire_upgraded":1,"is_hardmode":false,"path_taken":["M","?","$","?","M","E","R","E","T","?","M","?","M","$","R","BOSS","M","?","?","M","M","E","M","M","T","M","M"],"build_version":"2018-01-11-PROD1","purchased_purges":0,"victory":false,"master_deck":["Defend_G","Defend_G","Defend_G","Defend_G","Defend_G","Strike_G","Strike_G","Strike_G","Strike_G","Strike_G","Survivor","Neutralize","Heel Hook","Poisoned Stab","Envenom","Flying Knee","Prepared","Calculated Gamble","Calculated Gamble","Dagger Throw","Acrobatics","Tools of the Trade","Endless Agony","Backflip","All Out Attack","Sucker Punch","Dagger Throw","Flying Knee","Dagger Spray"],"max_hp_per_floor":[70,70,70,70,70,70,70,70,70,70,70,70,70,70,70,70,70,70,70,70,70,70,70,70,70,70,70],"relics":["Ring of the Snake","Bronze Scales","Tingsha","Gambling Chip","Odd Mushroom","Ancient Tea Set","Sozu","War Paint","Oddly Smooth Stone"],"campfire_meditates":0,"card_choices":[{"not_picked":["Flechettes","Infinite Blades"],"picked":"Heel Hook"},{"not_picked":["Flechettes","Deflect"],"picked":"Envenom"},{"not_picked":["Slice","Deadly Poison"],"picked":"Flying Knee"},{"not_picked":["Envenom","Flechettes"],"picked":"Prepared"},{"not_picked":["Heel Hook","Outmaneuver"],"picked":"Calculated Gamble"},{"not_picked":["Infinite Blades","Outmaneuver"],"picked":"Calculated Gamble"},{"not_picked":["Deadly Poison","Caltrops"],"picked":"Dagger Throw"},{"not_picked":["Phantasmal Killer","Adrenaline"],"picked":"Tools of the Trade"},{"not_picked":["Slice","Noxious Fumes"],"picked":"Endless Agony"},{"not_picked":["Quick Slash","Dagger Spray"],"picked":"Backflip"},{"not_picked":["PiercingWail","Skewer"],"picked":"All Out Attack"},{"not_picked":["Doppelganger","Prepared"],"picked":"Sucker Punch"},{"not_picked":["Dodge and Roll","Deflect"],"picked":"Dagger Throw"},{"not_picked":["Slice","Backflip"],"picked":"Flying Knee"},{"not_picked":["Infinite Blades","Acrobatics"],"picked":"Dagger Spray"}],"player_experience":1949,"potions_floor_usage":[6,6,6],"damage_taken":[{"damage":5,"enemies":"Cultist","floor":1,"turns":5},{"damage":2,"enemies":"Blue Slaver","floor":5,"turns":4},{"damage":16,"enemies":"3 Sentries","floor":6,"turns":4},{"damage":16,"enemies":"Lagavulin","floor":8,"turns":5},{"damage":13,"enemies":"The Mushroom Lair","floor":10,"turns":3},{"damage":0,"enemies":"Small Slimes","floor":11,"turns":1},{"damage":0,"enemies":"3 Louse","floor":13,"turns":1},{"damage":29,"enemies":"Hexaghost","floor":16,"turns":6},{"damage":10,"enemies":"Spheric Guardian","floor":18,"turns":3},{"damage":0,"enemies":"Chosen","floor":21,"turns":3},{"damage":9,"enemies":"Snake Plant","floor":22,"turns":2},{"damage":0,"enemies":"Gremlin Leader","floor":23,"turns":6},{"damage":40,"enemies":"Slaver and Parasite","floor":24,"turns":5},{"damage":1,"enemies":"3 Cultists","floor":25,"turns":4},{"damage":2,"enemies":"Snecko","floor":27,"turns":3},{"damage":12,"enemies":"Centurion and Healer","floor":28,"turns":2}],"event_choices":[{"event_name":"The Lab","player_choice":"Got Potions","floor":2,"damage_taken":0},{"event_name":"Liars Game","player_choice":"disagreed","floor":4,"damage_taken":0},{"event_name":"Mushrooms","player_choice":"Fought Mushrooms","floor":10,"damage_taken":0},{"event_name":"Big Fish","player_choice":"Banana","floor":12,"damage_taken":0},{"event_name":"The Joust","player_choice":"Bet on Owner","floor":19,"damage_taken":0},{"event_name":"Drug Dealer","player_choice":"Ignored","floor":20,"damage_taken":0}],"boss_relics":[{"not_picked":["Cursed Key","Ectoplasm"],"picked":"Sozu"}],"potions_floor_spawned":[1,5,11,13,16,23,25,27],"seed_played":"-5662202921425573396","killed_by":"Centurion and Healer","is_trial":false}