{"gold_per_floor":[112,112,187,203,222,263,281,281,307,321,321,321,342,342],"floor_reached":14,"playtime":349,"items_purged":[],"score":175,"play_id":"5475fa55-25e2-4954-b3d2-795769217a7a","local_time":"20190202214738","is_ascension_mode":true,"campfire_choices":[{"data":"Corruption","floor":8,"key":"SMITH"}],"neow_cost":"NONE","seed_source_timestamp":446975154475400,"circlet_count":0,"master_deck":["AscendersBane","Bash","Sword Boomerang","Immolate","Havoc","Brutality","Sword Boomerang","Feel No Pain","Blood for Blood","Anger","Cleave","Shrug It Off","Corruption+1","Dark Embrace","Shrug It Off","Regret","Shrug It Off"],"relics":["Pandora\u0027s Box","Golden Idol","Potion Belt","Bag of Preparation","Red Skull"],"potions_floor_usage":[],"damage_taken":[{"damage":0,"enemies":"Small Slimes","floor":1,"turns":1},{"damage":12,"enemies":"Jaw Worm","floor":4,"turns":2},{"damage":0,"enemies":"Cultist","floor":5,"turns":2},{"damage":29,"enemies":"Lagavulin","floor":6,"turns":6},{"damage":0,"enemies":"3 Louse","floor":7,"turns":1},{"damage":10,"enemies":"Large Slime","floor":10,"turns":4},{"damage":16,"enemies":"Looter","floor":13,"turns":2},{"damage":8,"enemies":"3 Sentries","floor":14,"turns":2}],"seed_played":"-3101901062852766616","potions_obtained":[{"floor":4,"key":"Weak Potion"},{"floor":6,"key":"Weak Potion"},{"floor":10,"key":"FairyPotion"}],"is_trial":false,"path_per_floor":["M","?","?","M","M","E","M","R","T","M","$","?","M","E"],"character_chosen":"IRONCLAD","items_purchased":[],"campfire_rested":0,"item_purchase_floors":[],"current_hp_per_floor":[68,68,57,45,45,16,16,16,16,6,6,6,6,0],"gold":342,"neow_bonus":"BOSS_RELIC","is_prod":false,"is_daily":false,"chose_seed":false,"campfire_upgraded":1,"win_rate":0,"timestamp":1549140458,"path_taken":["M","?","?","M","M","E","M","R","T","M","$","?","?","E"],"build_version":"2019-01-23","purchased_purges":0,"victory":false,"max_hp_per_floor":[75,68,68,68,68,68,68,68,68,68,68,68,68,68],"card_choices":[{"not_picked":["Flex","Twin Strike"],"picked":"Shrug It Off","floor":1},{"not_picked":["Disarm","Flex","Clothesline"],"picked":"SKIP","floor":4},{"not_picked":["Perfected Strike","Body Slam"],"picked":"Corruption","floor":5},{"not_picked":["Blood for Blood","Rupture"],"picked":"Dark Embrace","floor":6},{"not_picked":["Sword Boomerang","Anger"],"picked":"Shrug It Off","floor":7},{"not_picked":["Warcry","Headbutt","Dual Wield"],"picked":"SKIP","floor":10},{"not_picked":["Sword Boomerang","Twin Strike"],"picked":"Shrug It Off","floor":13}],"player_experience":315144,"relics_obtained":[{"floor":6,"key":"Potion Belt"},{"floor":9,"key":"Bag of Preparation"}],"event_choices":[{"damage_healed":0,"gold_gain":0,"player_choice":"Lose Max HP","damage_taken":0,"relics_obtained":["Golden Idol"],"max_hp_gain":0,"max_hp_loss":7,"event_name":"Golden Idol","floor":2,"gold_loss":0},{"damage_healed":0,"gold_gain":75,"player_choice":"Gather Gold","damage_taken":11,"max_hp_gain":0,"max_hp_loss":0,"event_name":"World of Goop","floor":3,"gold_loss":0},{"damage_healed":0,"gold_gain":0,"player_choice":"Box","damage_taken":0,"relics_obtained":["Red Skull"],"max_hp_gain":0,"max_hp_loss":0,"event_name":"Big Fish","floor":12,"gold_loss":0,"cards_obtained":["Regret"]}],"is_beta":false,"boss_relics":[],"items_purged_floors":[],"is_endless":false,"potions_floor_spawned":[4,6,10],"killed_by":"3 Sentries","ascension_level":18}