{"gold_per_floor":[111,165,165,240,240,240,250,267,317,317,337,337,357,369,369,468,468,478,492,46,46,46,79,79,113,167,167,180,190,253,265,265,363,363,380,430,480,498,548,548,562,575,627,643,654,279,279,347,347,347],"floor_reached":50,"playtime":3124,"items_purged":[],"score":553,"play_id":"88cb65d8-7015-4b5e-a676-e8edb7006d36","local_time":"20190103011742","is_ascension_mode":false,"campfire_choices":[{"data":"Zap","floor":6,"key":"SMITH"},{"floor":10,"key":"REST"},{"data":"Sunder","floor":12,"key":"SMITH"},{"data":"Force Field","floor":15,"key":"SMITH"},{"data":"Storm","floor":24,"key":"SMITH"},{"floor":32,"key":"REST"},{"data":"Static Discharge","floor":40,"key":"SMITH"},{"data":"Metamorphosis","floor":47,"key":"SMITH"},{"data":"Creative AI","floor":49,"key":"SMITH"}],"neow_cost":"NONE","seed_source_timestamp":125867469528212,"circlet_count":0,"master_deck":["Defend_B","Defend_B+1","Defend_B","Defend_B+1","Zap+1","Dualcast","Doom and Gloom","Regret","Sunder+1","Coolheaded","Streamline+1","Defragment","Force Field+1","Creative AI+1","Ball Lightning","Storm+1","The Bomb","Tempest","Scrape","Bite","Bite","Bite","Bite","Beam Cell","Self Repair+1","Buffer","Force Field","Doom and Gloom+1","Tempest+1","Rainbow","Static Discharge+1","Cold Snap","Madness","Madness","Undo+1","Rebound","Redo+1","Glacier+1","Metamorphosis+1","Mind Blast","Conserve Battery"],"relics":["Philosopher\u0027s Stone","Bird Faced Urn","Happy Flower","Nuclear Battery","Vajra","Centennial Puzzle","Mummified Hand","Whetstone","War Paint","SsserpentHead","Lizard Tail","Oddly Smooth Stone","Anchor"],"potions_floor_usage":[19,44,45,45,48],"damage_taken":[{"damage":0,"enemies":"2 Louse","floor":1,"turns":2},{"damage":0,"enemies":"Small Slimes","floor":7,"turns":2},{"damage":14,"enemies":"Jaw Worm","floor":8,"turns":2},{"damage":3,"enemies":"Looter","floor":11,"turns":2},{"damage":3,"enemies":"2 Fungi Beasts","floor":13,"turns":2},{"damage":13,"enemies":"Lots of Slimes","floor":14,"turns":3},{"damage":14,"enemies":"Slime Boss","floor":16,"turns":7},{"damage":14,"enemies":"Chosen","floor":18,"turns":6},{"damage":17,"enemies":"Shell Parasite","floor":19,"turns":3},{"damage":23,"enemies":"Gremlin Leader","floor":23,"turns":4},{"damage":40,"enemies":"Book of Stabbing","floor":25,"turns":4},{"damage":23,"enemies":"Shelled Parasite and Fungi","floor":28,"turns":5},{"damage":28,"enemies":"Centurion and Healer","floor":29,"turns":4},{"damage":0,"enemies":"Cultist and Chosen","floor":30,"turns":4},{"damage":20,"enemies":"Snake Plant","floor":31,"turns":3},{"damage":38,"enemies":"Collector","floor":33,"turns":9},{"damage":31,"enemies":"3 Darklings","floor":35,"turns":5},{"damage":6,"enemies":"Orb Walker","floor":38,"turns":3},{"damage":28,"enemies":"Transient","floor":41,"turns":5},{"damage":44,"enemies":"Jaw Worm Horde","floor":42,"turns":4},{"damage":45,"enemies":"Spire Growth","floor":44,"turns":4},{"damage":8,"enemies":"Transient","floor":45,"turns":5},{"damage":15,"enemies":"3 Darklings","floor":48,"turns":4},{"damage":60,"enemies":"Awakened One","floor":50,"turns":4}],"seed_played":"-5031787561128970848","potions_obtained":[{"floor":8,"key":"SpeedPotion"},{"floor":11,"key":"FocusPotion"},{"floor":16,"key":"LiquidBronze"},{"floor":18,"key":"Fire Potion"},{"floor":25,"key":"FearPotion"},{"floor":33,"key":"Regen Potion"},{"floor":35,"key":"PowerPotion"},{"floor":44,"key":"Regen Potion"}],"is_trial":false,"path_per_floor":["M","?","?","?","?","R","M","M","T","R","M","R","M","M","R","B",null,"M","M","$","?","?","E","R","E","T","?","M","M","M","M","R","B",null,"M","?","?","M","?","R","M","M","T","M","M","$","R","M","R","B"],"character_chosen":"DEFECT","items_purchased":["The Bomb","Vajra","Tempest","Scrape","Metamorphosis","Anchor","Mind Blast"],"campfire_rested":2,"item_purchase_floors":[20,20,20,20,46,46,46],"current_hp_per_floor":[75,75,75,64,49,49,49,35,35,57,54,54,51,40,40,28,75,67,52,52,52,52,43,43,17,17,17,19,9,36,29,44,43,52,43,43,43,52,45,45,43,9,9,14,49,49,49,46,46,0],"gold":347,"neow_bonus":"BOSS_RELIC","is_prod":false,"is_daily":false,"chose_seed":false,"campfire_upgraded":7,"win_rate":0.0,"timestamp":1546507062,"path_taken":["M","?","?","?","?","R","M","M","T","R","M","R","?","M","R","BOSS","M","M","$","?","?","E","R","E","T","?","M","M","?","M","R","BOSS","M","?","?","M","?","R","M","M","T","M","M","?","R","?","R","BOSS"],"build_version":"2018-12-20","purchased_purges":0,"victory":false,"max_hp_per_floor":[75,75,75,75,75,75,75,75,75,75,75,75,75,75,75,75,75,75,75,75,75,52,52,52,52,52,52,52,52,52,52,52,52,52,52,52,52,52,52,52,52,52,52,52,52,52,52,52,52,52],"card_choices":[{"not_picked":["Hologram","Cold Snap"],"picked":"Doom and Gloom","floor":1},{"not_picked":["Leap","Compile Driver"],"picked":"Sunder","floor":7},{"not_picked":["Reinforced Body","Go for the Eyes"],"picked":"Coolheaded","floor":8},{"not_picked":["Reprogram","Rebound"],"picked":"Streamline","floor":11},{"not_picked":["Double Energy","Lockon"],"picked":"Defragment","floor":13},{"not_picked":["Sweeping Beam","Go for the Eyes"],"picked":"Force Field","floor":14},{"not_picked":["Machine Learning","Reboot"],"picked":"Creative AI","floor":16},{"not_picked":["Steam","Darkness"],"picked":"Ball Lightning","floor":18},{"not_picked":["Barrage+1","Ball Lightning"],"picked":"Storm","floor":19},{"not_picked":["Streamline","Gash"],"picked":"Beam Cell","floor":23},{"not_picked":["Rebound+1","Leap"],"picked":"Self Repair+1","floor":25},{"not_picked":["Steam","Leap"],"picked":"Buffer","floor":28},{"not_picked":["Gash","Hologram"],"picked":"Force Field","floor":29},{"not_picked":["Cold Snap","Streamline"],"picked":"Doom and Gloom+1","floor":30},{"not_picked":["Gash","Leap"],"picked":"Tempest+1","floor":31},{"not_picked":["Fission","Seek"],"picked":"Rainbow","floor":33},{"not_picked":["Hologram","Compile Driver+1"],"picked":"Static Discharge","floor":35},{"not_picked":["Beam Cell+1","Recycle"],"picked":"Cold Snap","floor":38},{"not_picked":["Steam+1","Gash"],"picked":"Undo+1","floor":41},{"not_picked":["Creative AI","Beam Cell"],"picked":"Rebound","floor":42},{"not_picked":["Heatsinks","Ball Lightning+1"],"picked":"Redo+1","floor":44},{"not_picked":["Beam Cell+1","Turbo+1"],"picked":"Glacier+1","floor":45},{"not_picked":["All For One","Redo"],"picked":"Conserve Battery","floor":48}],"player_experience":36404,"relics_obtained":[{"floor":9,"key":"Happy Flower"},{"floor":23,"key":"Mummified Hand"},{"floor":25,"key":"Whetstone"},{"floor":26,"key":"War Paint"},{"floor":43,"key":"Oddly Smooth Stone"}],"event_choices":[{"damage_healed":0,"gold_gain":54,"player_choice":"Gained Gold","damage_taken":0,"max_hp_gain":0,"max_hp_loss":0,"event_name":"Golden Wing","floor":2,"gold_loss":0},{"damage_healed":0,"gold_gain":0,"player_choice":"Box","damage_taken":0,"relics_obtained":["Bird Faced Urn"],"max_hp_gain":0,"max_hp_loss":0,"event_name":"Big Fish","floor":3,"gold_loss":0,"cards_obtained":["Regret"]},{"damage_healed":0,"gold_gain":75,"player_choice":"Gather Gold","damage_taken":11,"max_hp_gain":0,"max_hp_loss":0,"event_name":"World of Goop","floor":4,"gold_loss":0},{"damage_healed":0,"gold_gain":0,"player_choice":"Entered Light","damage_taken":15,"max_hp_gain":0,"max_hp_loss":0,"event_name":"Shining Light","floor":5,"gold_loss":0,"cards_upgraded":["Strike_B","Strike_B"]},{"damage_healed":0,"gold_gain":0,"player_choice":"Opened","damage_taken":0,"relics_obtained":["Centennial Puzzle"],"max_hp_gain":0,"max_hp_loss":0,"event_name":"The Mausoleum","floor":21,"gold_loss":0},{"damage_healed":0,"gold_gain":0,"player_choice":"Became a vampire","damage_taken":0,"max_hp_gain":0,"max_hp_loss":23,"event_name":"Vampires","floor":22,"gold_loss":0,"cards_obtained":["Bite","Bite","Bite","Bite","Bite"]},{"damage_healed":0,"gold_gain":0,"player_choice":"Trade","damage_taken":0,"relics_obtained":["SsserpentHead"],"max_hp_gain":0,"max_hp_loss":0,"event_name":"FaceTrader","floor":27,"gold_loss":0},{"cards_removed":["Bite"],"damage_healed":0,"gold_gain":0,"player_choice":"Removed Attack","damage_taken":0,"max_hp_gain":0,"max_hp_loss":0,"event_name":"Falling","floor":36,"gold_loss":0},{"damage_healed":0,"gold_gain":0,"player_choice":"Ignored","damage_taken":0,"max_hp_gain":0,"max_hp_loss":0,"event_name":"Tomb of Lord Red Mask","floor":37,"gold_loss":0},{"damage_healed":0,"gold_gain":0,"player_choice":"Embrace Madness","damage_taken":7,"max_hp_gain":0,"max_hp_loss":0,"event_name":"Winding Halls","floor":39,"gold_loss":0,"cards_obtained":["Madness","Madness"]}],"is_beta":false,"boss_relics":[{"not_picked":["Cursed Key","Fusion Hammer"],"picked":"Nuclear Battery"},{"not_picked":["Snecko Eye","White Beast Statue"],"picked":"Lizard Tail"}],"items_purged_floors":[],"is_endless":false,"potions_floor_spawned":[8,11,16,18,25,33,35,42,44],"killed_by":"Awakened One","ascension_level":0}