{"gold_per_floor":[114,114,189,189,189,189,203,238,276,311,323,351,393,423,435,547,559,554,566,578,590,622,634,676,688,700,811,823,845,874,918,930,942],"floor_reached":33,"playtime":1519,"items_purged":[],"score":378,"play_id":"d8a4aee5-ed35-4002-b593-7095564861c3","local_time":"20181028191836","is_ascension_mode":true,"campfire_choices":[{"data":"Gash","floor":6,"key":"SMITH"},{"data":"Genetic Algorithm","floor":11,"key":"SMITH"},{"data":"Glacier","floor":15,"key":"SMITH"},{"floor":23,"key":"REST"},{"floor":25,"key":"REST"},{"data":"Buffer","floor":28,"key":"SMITH"},{"floor":32,"key":"REST"}],"neow_cost":"NONE","seed_source_timestamp":1975823513840624,"circlet_count":0,"master_deck":["Strike_B","Strike_B","Strike_B","Strike_B","Defend_B","Defend_B","Defend_B","Defend_B+1","Zap+1","Dualcast","Gash+1","Genetic Algorithm+1","Coolheaded","Glacier+1","Leap","Seek+1","Gash","All For One","FTL","Buffer+1","Glacier"],"relics":["Cracked Core","PreservedInsect","MawBank","Bag of Marbles","Vajra","DataDisk","Black Star","Strawberry","Art of War","Kunai","Omamori","Pen Nib"],"potions_floor_usage":[13,30,30,33],"damage_taken":[{"damage":0,"enemies":"Cultist","floor":1,"turns":4},{"damage":2,"enemies":"Jaw Worm","floor":7,"turns":3},{"damage":4,"enemies":"Gremlin Nob","floor":8,"turns":3},{"damage":0,"enemies":"Small Slimes","floor":12,"turns":2},{"damage":6,"enemies":"3 Sentries","floor":13,"turns":5},{"damage":3,"enemies":"Blue Slaver","floor":14,"turns":3},{"damage":34,"enemies":"Slime Boss","floor":16,"turns":17},{"damage":20,"enemies":"2 Thieves","floor":18,"turns":4},{"damage":0,"enemies":"Chosen","floor":22,"turns":3},{"damage":35,"enemies":"Book of Stabbing","floor":24,"turns":5},{"damage":0,"enemies":"Snecko","floor":29,"turns":4},{"damage":1,"enemies":"Centurion and Healer","floor":30,"turns":5},{"damage":46,"enemies":"Slavers","floor":31,"turns":6},{"damage":64,"enemies":"Champ","floor":33,"turns":16}],"seed_played":"20905597303723009","potions_obtained":[{"floor":7,"key":"FocusPotion"},{"floor":8,"key":"AttackPotion"},{"floor":24,"key":"SkillPotion"},{"floor":29,"key":"Explosive Potion"}],"is_trial":false,"path_per_floor":["M","?","?","?","T","R","M","E","T","T","R","M","E","M","R","B",null,"M","?","?","?","M","R","E","R","T","?","R","M","M","E","R"],"character_chosen":"DEFECT","items_purchased":[],"campfire_rested":3,"item_purchase_floors":[],"current_hp_per_floor":[75,59,48,75,75,75,73,69,69,69,69,69,63,60,60,26,68,48,48,48,48,48,72,44,70,70,70,70,70,69,23,49,0],"gold":942,"neow_bonus":"TEN_PERCENT_HP_BONUS","is_prod":false,"is_daily":false,"chose_seed":false,"campfire_upgraded":4,"win_rate":0,"timestamp":1540721916,"path_taken":["M","?","?","?","?","R","?","E","T","?","R","M","E","M","R","BOSS","M","?","?","?","M","R","E","R","T","?","R","M","M","E","R","BOSS"],"build_version":"2018-10-25v2","purchased_purges":0,"victory":false,"max_hp_per_floor":[82,82,82,82,82,82,82,82,82,82,82,82,82,82,82,82,82,82,82,82,82,82,82,89,89,89,89,89,89,89,89,89,89],"card_choices":[{"not_picked":["Beam Cell","Turbo"],"picked":"Gash","floor":1},{"not_picked":["Turbo","Stack"],"picked":"Genetic Algorithm","floor":7},{"not_picked":["Steam","Streamline","Beam Cell"],"picked":"SKIP","floor":8},{"not_picked":["Stack","Sweeping Beam"],"picked":"Coolheaded","floor":12},{"not_picked":["Turbo","Hologram"],"picked":"Glacier","floor":13},{"not_picked":["Beam Cell","Ball Lightning"],"picked":"Leap","floor":14},{"not_picked":["Biased Cognition","Multi-Cast"],"picked":"Seek","floor":16},{"not_picked":["BootSequence","Go for the Eyes+1"],"picked":"Gash","floor":18},{"not_picked":["Sweeping Beam+1","Storm"],"picked":"FTL","floor":22},{"not_picked":["Reprogram","Loop+1"],"picked":"Buffer","floor":24},{"not_picked":["Hologram","Compile Driver"],"picked":"Glacier","floor":29},{"not_picked":["Reprogram+1","Compile Driver","Loop"],"picked":"SKIP","floor":30},{"not_picked":["Rebound","Hello World","Force Field"],"picked":"SKIP","floor":31}],"player_experience":274114,"relics_obtained":[{"floor":5,"key":"PreservedInsect"},{"floor":8,"key":"MawBank"},{"floor":9,"key":"Bag of Marbles"},{"floor":10,"key":"Vajra"},{"floor":13,"key":"DataDisk"},{"floor":24,"key":"Strawberry"},{"floor":24,"key":"Art of War"},{"floor":26,"key":"Kunai"},{"floor":31,"key":"Omamori"},{"floor":31,"key":"Pen Nib"}],"event_choices":[{"damage_healed":0,"gold_gain":0,"player_choice":"Entered Light","damage_taken":16,"max_hp_gain":0,"max_hp_loss":0,"event_name":"Shining Light","floor":2,"gold_loss":0,"cards_upgraded":["Zap","Defend_B"]},{"damage_healed":0,"gold_gain":75,"player_choice":"Gather Gold","damage_taken":11,"max_hp_gain":0,"max_hp_loss":0,"event_name":"World of Goop","floor":3,"gold_loss":0},{"damage_healed":27,"gold_gain":0,"player_choice":"Banana","damage_taken":0,"max_hp_gain":0,"max_hp_loss":0,"event_name":"Big Fish","floor":4,"gold_loss":0},{"damage_healed":0,"gold_gain":0,"player_choice":"1 cards matched","damage_taken":0,"max_hp_gain":0,"max_hp_loss":0,"event_name":"Match and Keep!","floor":19,"gold_loss":0,"cards_obtained":["All For One"]},{"damage_healed":0,"gold_gain":0,"player_choice":"Forge","damage_taken":0,"max_hp_gain":0,"max_hp_loss":0,"event_name":"Accursed Blacksmith","floor":20,"gold_loss":0,"cards_upgraded":["Seek"]},{"damage_healed":0,"gold_gain":0,"player_choice":"Ignored","damage_taken":0,"max_hp_gain":0,"max_hp_loss":0,"event_name":"Ghosts","floor":21,"gold_loss":0},{"damage_healed":0,"gold_gain":99,"player_choice":"Stole From Cult","damage_taken":0,"max_hp_gain":0,"max_hp_loss":0,"event_name":"Nest","floor":27,"gold_loss":0}],"is_beta":false,"boss_relics":[{"not_picked":["Busted Crown","Calling Bell"],"picked":"Black Star"}],"items_purged_floors":[],"is_endless":false,"potions_floor_spawned":[7,8,24,29],"killed_by":"Champ","ascension_level":6}