{"path_per_floor":["M","?","$","M","M","M","M","?","T","M","?","$","M","M","R","B",null,"M","?","?","?","?","E","R","$","T","?","M","M","E","?","R"],"character_chosen":"IRONCLAD","items_purchased":["Gremlin Horn"],"gold_per_floor":[112,112,37,50,61,73,93,93,118,131,131,31,43,58,58,161,161,181,207,207,457,380,406,406,27,27,27,38,50,76,76,76,76],"floor_reached":33,"campfire_rested":1,"playtime":1050,"item_purchase_floors":[25],"current_hp_per_floor":[72,72,72,72,72,61,56,56,56,56,49,49,50,55,55,41,68,66,28,80,80,80,62,62,62,62,62,51,57,40,24,48,0],"items_purged":["Regret","Defend_R","Regret"],"gold":76,"score":416,"play_id":"8b2f91e0-4ba5-40cd-ad6c-b78135b1d349","local_time":"20180527200528","is_prod":false,"is_daily":false,"chose_seed":false,"is_ascension_mode":true,"campfire_upgraded":2,"win_rate":0,"timestamp":1527444328,"campfire_choices":[{"data":"Spot Weakness","floor":15,"key":"SMITH"},{"data":"Flex","floor":24,"key":"SMITH"},{"floor":32,"key":"REST"}],"path_taken":["M","?","$","?","M","M","M","?","T","M","?","?","M","M","R","BOSS","M","?","?","?","?","E","R","$","T","?","M","M","E","?","R","BOSS"],"build_version":"2018-05-24","seed_source_timestamp":686316128867148,"purchased_purges":3,"victory":false,"master_deck":["Strike_R","Strike_R","Strike_R","Strike_R","Strike_R","Defend_R","Defend_R","Defend_R","Bash","AscendersBane","Thunderclap","Spot Weakness+1","Twin Strike","Double Tap+1","Sword Boomerang","Pummel","Feed","Cleave","Flex+1","J.A.X.","Pummel","Writhe","Thunderclap","Warcry+1","Inflame+1"],"max_hp_per_floor":[72,72,72,72,72,72,72,72,72,72,72,72,77,77,77,77,77,80,80,80,80,80,80,80,80,80,80,80,80,80,80,80,80],"relics":["Burning Blood","Champion Belt","Bag of Marbles","Juzu Bracelet","Runic Cube","Red Mask","Art of War","Gremlin Horn","Dream Catcher","Boot","Frozen Egg 2","Enchiridion"],"card_choices":[{"not_picked":["Pommel Strike","True Grit"],"picked":"Thunderclap","floor":1},{"not_picked":["Inflame","Clothesline"],"picked":"Spot Weakness","floor":4},{"not_picked":["Anger","Entrench"],"picked":"Twin Strike","floor":5},{"not_picked":["Perfected Strike","Flame Barrier","Power Through"],"picked":"SKIP","floor":6},{"not_picked":["Clash","Flex"],"picked":"Double Tap","floor":7},{"not_picked":["Havoc","Rupture","Anger"],"picked":"SKIP","floor":10},{"not_picked":["Warcry","Clash"],"picked":"Sword Boomerang","floor":13},{"not_picked":["Wild Strike","Clothesline"],"picked":"Pummel","floor":14},{"not_picked":["Berserk","Exhume"],"picked":"Feed","floor":16},{"not_picked":["Clash+1","Perfected Strike"],"picked":"Cleave","floor":18},{"not_picked":["Headbutt+1","Clash+1"],"picked":"Flex","floor":19},{"not_picked":["Havoc","Intimidate"],"picked":"Pummel","floor":23},{"not_picked":["Havoc","Anger"],"picked":"Thunderclap","floor":28},{"not_picked":["Thunderclap","Rage"],"picked":"Warcry+1","floor":29},{"not_picked":["Warcry","Clothesline"],"picked":"Inflame","floor":30}],"player_experience":199046,"potions_floor_usage":[13,28,33],"damage_taken":[{"damage":5,"enemies":"Small Slimes","floor":1,"turns":4},{"damage":0,"enemies":"2 Louse","floor":4,"turns":2},{"damage":0,"enemies":"Cultist","floor":5,"turns":4},{"damage":17,"enemies":"Lots of Slimes","floor":6,"turns":5},{"damage":11,"enemies":"Looter","floor":7,"turns":3},{"damage":6,"enemies":"Exordium Wildlife","floor":10,"turns":3},{"damage":10,"enemies":"Red Slaver","floor":13,"turns":2},{"damage":1,"enemies":"Blue Slaver","floor":14,"turns":3},{"damage":20,"enemies":"Slime Boss","floor":16,"turns":7},{"damage":11,"enemies":"Spheric Guardian","floor":18,"turns":3},{"damage":44,"enemies":"Masked Bandits","floor":19,"turns":4},{"damage":24,"enemies":"Slavers","floor":23,"turns":2},{"damage":17,"enemies":"2 Thieves","floor":28,"turns":3},{"damage":0,"enemies":"3 Cultists","floor":29,"turns":2},{"damage":23,"enemies":"Book of Stabbing","floor":30,"turns":3},{"damage":62,"enemies":"Collector","floor":33,"turns":5}],"relics_obtained":[{"floor":9,"key":"Juzu Bracelet"},{"floor":19,"key":"Red Mask"},{"floor":23,"key":"Art of War"},{"floor":26,"key":"Dream Catcher"},{"floor":30,"key":"Frozen Egg 2"},{"floor":31,"key":"Enchiridion"}],"event_choices":[{"event_name":"Big Fish","player_choice":"Box","floor":2,"damage_taken":0},{"event_name":"Accursed Blacksmith","player_choice":"Forge","floor":8,"damage_taken":0},{"event_name":"Golden Wing","player_choice":"Card Removal","floor":11,"damage_taken":0},{"event_name":"Masked Bandits","player_choice":"Fought over 181 gold","floor":19,"damage_taken":0},{"event_name":"Wheel of Change","player_choice":"Full Heal","floor":20,"damage_taken":0},{"event_name":"Golden Shrine","player_choice":"Desecrate","floor":21,"damage_taken":0},{"event_name":"Drug Dealer","player_choice":"Got JAXXED","floor":22,"damage_taken":0},{"event_name":"The Mausoleum","player_choice":"Yes","floor":27,"damage_taken":0},{"event_name":"Cursed Tome","player_choice":"Obtained Book","floor":31,"damage_taken":0}],"boss_relics":[{"not_picked":["Black Blood","Mark of Pain"],"picked":"Runic Cube"}],"items_purged_floors":[3,12,25],"potions_floor_spawned":[4,7,10,16,19],"seed_played":"1221333276629623725","killed_by":"Collector","ascension_level":10,"potions_obtained":[{"floor":4,"key":"Swift Potion"},{"floor":7,"key":"LiquidBronze"},{"floor":10,"key":"Fruit Juice"},{"floor":16,"key":"SpeedPotion"},{"floor":19,"key":"AttackPotion"}],"is_trial":false}