{"path_per_floor":["M","?","T","M","?","R","M","R","T","$","R","M","E","M","R","B",null,"M","$","M","$","M","E","M","E","T"],"character_chosen":"IRONCLAD","items_purchased":["Meat on the Bone"],"gold_per_floor":[113,288,288,302,302,302,314,314,337,84,84,97,130,148,148,244,244,256,176,195,95,113,148,160,195,195,195],"floor_reached":27,"campfire_rested":0,"playtime":853,"current_hp_per_floor":[61,61,61,60,65,65,71,71,71,71,71,71,49,55,55,43,75,77,77,76,76,74,60,55,23,23,0],"items_purged":["Doubt","Defend_R","Defend_R"],"gold":195,"score":354,"play_id":"a626c358-79ba-4574-bf3d-be6ab8f118b6","local_time":"20180519200600","is_prod":false,"is_daily":false,"chose_seed":false,"is_ascension_mode":true,"campfire_upgraded":4,"timestamp":1526753160,"campfire_choices":[{"data":"Whirlwind","floor":6,"key":"SMITH"},{"data":"Seeing Red","floor":8,"key":"SMITH"},{"data":"Bash","floor":11,"key":"SMITH"},{"data":"Strike_R","floor":15,"key":"SMITH"}],"path_taken":["M","?","?","?","?","R","M","R","T","$","R","M","E","M","R","BOSS","M","$","M","$","M","E","?","E","T","M"],"build_version":"2018-05-17","seed_source_timestamp":498979247980249,"purchased_purges":3,"victory":false,"master_deck":["Strike_R","Strike_R","Strike_R","Strike_R","Strike_R+1","Defend_R","Defend_R","Bash+1","Whirlwind+1","Seeing Red+1","Offering","Thunderclap","Exhume","Thunderclap+1","Inflame"],"max_hp_per_floor":[80,80,80,80,85,85,85,85,85,85,85,85,85,85,85,85,85,85,85,85,85,85,85,85,85,85,85],"relics":["Burning Blood","Pen Nib","The Courier","Orichalcum","Meat on the Bone","Bronze Scales","Orrery","Omamori","Ornamental Fan","Bottled Lightning"],"card_choices":[{"not_picked":["Wild Strike","Disarm"],"picked":"Whirlwind","floor":1},{"not_picked":["Rupture","Havoc"],"picked":"Seeing Red","floor":4},{"not_picked":["Warcry","Headbutt","Blood for Blood"],"picked":"SKIP","floor":7},{"not_picked":["Heavy Blade","Pummel","Armaments"],"picked":"SKIP","floor":12},{"not_picked":["Blood for Blood","Body Slam","Reckless Charge"],"picked":"SKIP","floor":13},{"not_picked":["Sword Boomerang","Feel No Pain","Battle Trance"],"picked":"SKIP","floor":14},{"not_picked":["Brutality","Fiend Fire"],"picked":"Offering","floor":16},{"not_picked":["True Grit","Warcry"],"picked":"Thunderclap","floor":17},{"not_picked":["Body Slam","Rage"],"picked":"Exhume","floor":18},{"not_picked":["Sword Boomerang","Twin Strike"],"picked":"Thunderclap+1","floor":20},{"not_picked":["Flame Barrier","Clothesline","Headbutt"],"picked":"SKIP","floor":22},{"not_picked":["Flame Barrier","Clothesline","Headbutt"],"picked":"SKIP","floor":22},{"not_picked":["Iron Wave","Sword Boomerang+1","Heavy Blade"],"picked":"SKIP","floor":23},{"not_picked":["Armaments","Intimidate"],"picked":"Inflame","floor":24},{"not_picked":["Anger","Rupture","Impervious"],"picked":"SKIP","floor":25}],"player_experience":115669,"potions_floor_usage":[16,18],"damage_taken":[{"damage":17,"enemies":"Small Slimes","floor":1,"turns":4},{"damage":7,"enemies":"Jaw Worm","floor":4,"turns":3},{"damage":0,"enemies":"Cultist","floor":7,"turns":2},{"damage":6,"enemies":"Looter","floor":12,"turns":2},{"damage":40,"enemies":"Lagavulin","floor":13,"turns":6},{"damage":0,"enemies":"2 Fungi Beasts","floor":14,"turns":2},{"damage":30,"enemies":"Hexaghost","floor":16,"turns":6},{"damage":4,"enemies":"Chosen","floor":18,"turns":2},{"damage":7,"enemies":"3 Byrds","floor":20,"turns":2},{"damage":8,"enemies":"Sentry and Sphere","floor":22,"turns":2},{"damage":20,"enemies":"Gremlin Leader","floor":23,"turns":5},{"damage":23,"enemies":"Centurion and Healer","floor":24,"turns":3},{"damage":50,"enemies":"Book of Stabbing","floor":25,"turns":4},{"damage":24,"enemies":"Snake Plant","floor":27,"turns":1}],"relics_obtained":[{"floor":3,"key":"The Courier"},{"floor":9,"key":"Orichalcum"},{"floor":13,"key":"Bronze Scales"},{"floor":23,"key":"Omamori"},{"floor":25,"key":"Ornamental Fan"},{"floor":26,"key":"Bottled Lightning"}],"event_choices":[{"event_name":"Liars Game","player_choice":"agreed","floor":2,"damage_taken":0},{"event_name":"Big Fish","player_choice":"Donut","floor":5,"damage_taken":0}],"boss_relics":[{"not_picked":["Black Star","Calling Bell"],"picked":"Orrery"}],"potions_floor_spawned":[1,4,13,16,23,25],"seed_played":"4775040688913605562","killed_by":"Snake Plant","ascension_level":8,"potions_obtained":[{"floor":1,"key":"AttackPotion"},{"floor":4,"key":"Fire Potion"},{"floor":13,"key":"Dexterity Potion"},{"floor":16,"key":"Poison Potion"},{"floor":23,"key":"FearPotion"}],"is_trial":false}