{"gold_per_floor":[113,133,133,185,205,205,221,221,221,221,235,235,49,68,68,68],"floor_reached":16,"playtime":434,"items_purged":[],"score":175,"play_id":"451e4ada-16e4-4bfd-afef-f073410aea3e","local_time":"20190203145410","is_ascension_mode":true,"campfire_choices":[{"floor":6,"key":"REST"},{"floor":10,"key":"REST"},{"data":"Uppercut","floor":15,"key":"SMITH"}],"neow_cost":"NONE","seed_source_timestamp":508484685073100,"circlet_count":0,"master_deck":["AscendersBane","Strike_R","Strike_R","Strike_R+1","Strike_R","Defend_R","Defend_R","Defend_R","Defend_R","Bash","Headbutt","Clash","Ghostly Armor","Thunderclap+1","Shrug It Off","Headbutt","Uppercut+1","Pommel Strike","Dark Embrace","Iron Wave","Master of Strategy","Juggernaut"],"relics":["Orrery","Matryoshka"],"potions_floor_usage":[],"damage_taken":[{"damage":12,"enemies":"Jaw Worm","floor":1,"turns":3},{"damage":0,"enemies":"Small Slimes","floor":2,"turns":2},{"damage":8,"enemies":"2 Louse","floor":5,"turns":2},{"damage":5,"enemies":"Gremlin Gang","floor":7,"turns":5},{"damage":4,"enemies":"3 Louse","floor":11,"turns":3},{"damage":21,"enemies":"Exordium Thugs","floor":14,"turns":3},{"damage":36,"enemies":"The Guardian","floor":16,"turns":8}],"seed_played":"7937503861398230328","potions_obtained":[{"floor":2,"key":"EssenceOfSteel"},{"floor":7,"key":"Swift Potion"}],"is_trial":false,"path_per_floor":["M","M","?","?","M","R","M","?","T","R","M","?","$","M","R","B"],"character_chosen":"IRONCLAD","items_purchased":["Master of Strategy"],"campfire_rested":2,"item_purchase_floors":[13],"current_hp_per_floor":[56,56,33,33,25,47,42,42,42,64,60,56,56,35,35,0],"gold":68,"neow_bonus":"BOSS_RELIC","is_prod":false,"is_daily":false,"chose_seed":false,"campfire_upgraded":1,"win_rate":0,"timestamp":1549202050,"path_taken":["M","M","?","?","M","R","M","?","T","R","M","?","$","?","R","BOSS"],"build_version":"2019-01-23","purchased_purges":0,"victory":false,"max_hp_per_floor":[75,75,75,75,75,75,75,75,75,75,75,75,75,75,75,75],"card_choices":[{"not_picked":["Warcry","Armaments"],"picked":"Headbutt","floor":0},{"not_picked":["Heavy Blade","Sever Soul"],"picked":"Clash","floor":0},{"not_picked":["Warcry","Sword Boomerang"],"picked":"Ghostly Armor","floor":0},{"not_picked":["Rupture","Rampage"],"picked":"Thunderclap","floor":0},{"not_picked":["Heavy Blade","Twin Strike"],"picked":"Shrug It Off","floor":0},{"not_picked":["Power Through","Brutality"],"picked":"Headbutt","floor":1},{"not_picked":["Iron Wave","Headbutt"],"picked":"Uppercut","floor":2},{"not_picked":["Perfected Strike","Clash"],"picked":"Pommel Strike","floor":5},{"not_picked":["Anger","Rupture","Corruption"],"picked":"SKIP","floor":7},{"not_picked":["Feel No Pain","Blood for Blood"],"picked":"Iron Wave","floor":11},{"not_picked":["Second Wind","Dual Wield"],"picked":"Juggernaut","floor":14}],"player_experience":322918,"relics_obtained":[{"floor":9,"key":"Matryoshka"}],"event_choices":[{"damage_healed":0,"gold_gain":0,"player_choice":"Entered Light","damage_taken":23,"max_hp_gain":0,"max_hp_loss":0,"event_name":"Shining Light","floor":3,"gold_loss":0,"cards_upgraded":["Thunderclap","Strike_R"]},{"damage_healed":0,"gold_gain":52,"player_choice":"Gained Gold","damage_taken":0,"max_hp_gain":0,"max_hp_loss":0,"event_name":"Golden Wing","floor":4,"gold_loss":0},{"damage_healed":0,"gold_gain":0,"cards_transformed":["Strike_R"],"player_choice":"Change","damage_taken":0,"max_hp_gain":0,"max_hp_loss":0,"event_name":"Living Wall","floor":8,"gold_loss":0,"cards_obtained":["Dark Embrace"]},{"damage_healed":0,"gold_gain":0,"player_choice":"Bought 0 Potions","damage_taken":0,"max_hp_gain":0,"max_hp_loss":0,"event_name":"The Woman in Blue","floor":12,"gold_loss":0}],"is_beta":false,"boss_relics":[],"items_purged_floors":[],"is_endless":false,"potions_floor_spawned":[2,7],"killed_by":"The Guardian","ascension_level":18}