{"gold_per_floor":[117,135,148,148,158,191,191,204,228,240],"floor_reached":10,"playtime":335,"items_purged":[],"score":74,"play_id":"edd19aac-bfb1-49d7-b479-daaf85d47d9c","local_time":"20190212172544","is_ascension_mode":true,"campfire_choices":[{"data":"Cloak And Dagger","floor":7,"key":"SMITH"}],"neow_cost":"NONE","seed_source_timestamp":512292213537800,"circlet_count":0,"master_deck":["Defend_G","Defend_G","Defend_G","Defend_G","Defend_G","Strike_G","Strike_G","Strike_G","Strike_G","Survivor","Neutralize","Skewer","Acrobatics","Cloak And Dagger+1","All Out Attack","Distraction","Calculated Gamble"],"relics":["Ring of the Snake","NeowsBlessing","Potion Belt","MawBank"],"potions_floor_usage":[10],"damage_taken":[{"damage":0,"enemies":"Jaw Worm","floor":1,"turns":1},{"damage":0,"enemies":"Cultist","floor":2,"turns":1},{"damage":0,"enemies":"2 Louse","floor":3,"turns":1},{"damage":8,"enemies":"Gremlin Gang","floor":5,"turns":3},{"damage":43,"enemies":"3 Sentries","floor":6,"turns":8},{"damage":0,"enemies":"Exordium Wildlife","floor":8,"turns":4},{"damage":19,"enemies":"Gremlin Nob","floor":10,"turns":3}],"seed_played":"3248781646472555625","potions_obtained":[{"floor":1,"key":"GamblersBrew"},{"floor":8,"key":"SpeedPotion"}],"is_trial":false,"path_per_floor":["M","M","M","?","M","E","R","M","T","E"],"character_chosen":"THE_SILENT","items_purchased":[],"campfire_rested":0,"item_purchase_floors":[],"current_hp_per_floor":[70,70,70,70,62,19,19,19,19,0],"gold":240,"neow_bonus":"THREE_ENEMY_KILL","is_prod":false,"is_daily":false,"chose_seed":false,"campfire_upgraded":1,"win_rate":0,"timestamp":1549988744,"path_taken":["M","M","M","?","M","E","R","M","T","E"],"build_version":"2019-01-23","purchased_purges":0,"victory":false,"max_hp_per_floor":[70,70,70,70,70,70,70,70,70,70],"card_choices":[{"not_picked":["Setup","Tactician"],"picked":"Skewer","floor":1},{"not_picked":["Deflect","Slice"],"picked":"Acrobatics","floor":2},{"not_picked":["Masterful Stab","Quick Slash"],"picked":"Cloak And Dagger","floor":3},{"not_picked":["Sucker Punch","Endless Agony"],"picked":"Distraction","floor":5},{"not_picked":["Eviscerate","Acrobatics","Outmaneuver"],"picked":"SKIP","floor":6},{"not_picked":["Choke","Sucker Punch"],"picked":"Calculated Gamble","floor":8}],"player_experience":378425,"relics_obtained":[{"floor":6,"key":"Potion Belt"},{"floor":9,"key":"MawBank"}],"event_choices":[{"damage_healed":0,"gold_gain":0,"cards_transformed":["Strike_G"],"player_choice":"Transformed","damage_taken":0,"max_hp_gain":0,"max_hp_loss":0,"event_name":"Transmorgrifier","floor":4,"gold_loss":0,"cards_obtained":["All Out Attack"]}],"is_beta":false,"boss_relics":[],"items_purged_floors":[],"is_endless":false,"potions_floor_spawned":[1,8],"killed_by":"Gremlin Nob","ascension_level":1}