{"gold_per_floor":[113,128,53,67,67,100,100,129,129,146,204,204,214,289,289,386,386,375,150,150,26,40,65,65,94,117,117,127,127,143,163,163,263,263,274,320,320,146,159,159,194,194,194,211,211,231,231,331,331,331],"floor_reached":51,"playtime":1927,"items_purged":["Strike_R","Strike_R","Clumsy"],"score":1006,"play_id":"ddc194c1-b1ca-449d-a103-acb08bf61a79","local_time":"20190128000249","is_ascension_mode":true,"campfire_choices":[{"data":"Inflame","floor":7,"key":"SMITH"},{"floor":12,"key":"REST"},{"data":"Armaments","floor":15,"key":"SMITH"},{"floor":24,"key":"REST"},{"data":"True Grit","floor":27,"key":"SMITH"},{"floor":29,"key":"REST"},{"data":"Metallicize","floor":32,"key":"SMITH"},{"floor":40,"key":"REST"},{"floor":42,"key":"REST"},{"floor":45,"key":"REST"},{"floor":49,"key":"REST"}],"neow_cost":"NONE","seed_source_timestamp":190310275773862,"circlet_count":0,"master_deck":["Strike_R","Strike_R","Defend_R","Defend_R","Defend_R","Defend_R","Body Slam","Inflame+1","Inflame","Armaments+1","Thunderclap","Ghostly Armor","Bludgeon","Reaper","True Grit+1","Seeing Red","RitualDagger","Metallicize+1","Shrug It Off","Inflame+1","Battle Trance","Heavy Blade+1","Whirlwind+1","Metallicize+1","Juggernaut","Warcry","Sentinel+1","Entrench+1","Normality","Dual Wield+1","Warcry","True Grit+1"],"relics":["Burning Blood","NeowsBlessing","Ancient Tea Set","Oddly Smooth Stone","Tiny Chest","Philosopher\u0027s Stone","Orichalcum","Shuriken","Anchor","Cursed Key","Blood Vial","Magic Flower","Self Forming Clay","Torii"],"potions_floor_usage":[11,11,11,16,23,25,33,41,50,50],"damage_taken":[{"damage":0,"enemies":"Cultist","floor":1,"turns":1},{"damage":0,"enemies":"2 Louse","floor":2,"turns":1},{"damage":0,"enemies":"Small Slimes","floor":4,"turns":1},{"damage":37,"enemies":"Gremlin Nob","floor":6,"turns":5},{"damage":30,"enemies":"3 Sentries","floor":8,"turns":8},{"damage":11,"enemies":"Exordium Thugs","floor":10,"turns":6},{"damage":8,"enemies":"Gremlin Nob","floor":11,"turns":3},{"damage":9,"enemies":"Gremlin Gang","floor":13,"turns":5},{"damage":18,"enemies":"Slime Boss","floor":16,"turns":7},{"damage":12,"enemies":"2 Thieves","floor":18,"turns":4},{"damage":21,"enemies":"Chosen","floor":22,"turns":6},{"damage":40,"enemies":"Gremlin Leader","floor":23,"turns":7},{"damage":53,"enemies":"Slavers","floor":25,"turns":8},{"damage":23,"enemies":"Snecko","floor":28,"turns":6},{"damage":13,"enemies":"Snake Plant","floor":30,"turns":4},{"damage":4,"enemies":"Cultist and Chosen","floor":31,"turns":4},{"damage":66,"enemies":"Automaton","floor":33,"turns":8},{"damage":30,"enemies":"3 Shapes","floor":35,"turns":3},{"damage":6,"enemies":"3 Darklings","floor":39,"turns":2},{"damage":45,"enemies":"Giant Head","floor":41,"turns":8},{"damage":42,"enemies":"Transient","floor":44,"turns":5},{"damage":3,"enemies":"Sphere and 2 Shapes","floor":46,"turns":4},{"damage":11,"enemies":"Mind Bloom Boss Battle","floor":48,"turns":6},{"damage":59,"enemies":"Donu and Deca","floor":50,"turns":9}],"seed_played":"-3587855946734093153","potions_obtained":[{"floor":2,"key":"SteroidPotion"},{"floor":4,"key":"GamblersBrew"},{"floor":10,"key":"Fire Potion"},{"floor":13,"key":"Swift Potion"},{"floor":16,"key":"Fruit Juice"},{"floor":23,"key":"EssenceOfSteel"},{"floor":31,"key":"GamblersBrew"},{"floor":39,"key":"SkillPotion"},{"floor":44,"key":"Block Potion"}],"is_trial":false,"path_per_floor":["M","M","$","M","?","E","R","E","T","M","E","R","M","?","R","B",null,"M","$","?","$","M","E","R","E","T","R","M","R","M","M","R","B",null,"M","T","?","$","M","R","E","R","T","M","R","M","?","?","R","B",null],"character_chosen":"IRONCLAD","items_purchased":["True Grit","Seeing Red","Metallicize","Shrug It Off","PowerPotion"],"campfire_rested":7,"item_purchase_floors":[19,19,21,21,38],"current_hp_per_floor":[78,80,80,80,73,42,42,18,18,13,11,35,32,21,21,14,67,70,70,64,64,54,48,73,44,44,44,27,52,45,47,47,23,70,46,46,46,46,48,73,36,61,61,31,56,65,65,66,85,50],"gold":331,"neow_bonus":"THREE_ENEMY_KILL","is_prod":false,"is_daily":false,"chose_seed":false,"campfire_upgraded":4,"win_rate":0,"timestamp":1548626569,"path_taken":["M","M","$","?","?","E","R","E","T","M","E","R","M","?","R","BOSS","M","$","?","?","M","E","R","E","T","R","?","R","M","M","R","BOSS","M","?","?","$","M","R","E","R","T","M","R","M","?","?","R","BOSS"],"build_version":"2019-01-23","purchased_purges":3,"victory":true,"max_hp_per_floor":[80,80,80,80,80,80,80,80,80,80,80,80,80,80,80,85,85,85,85,85,85,85,85,85,85,85,85,85,85,85,85,85,85,85,85,85,85,85,85,85,85,85,85,85,85,85,85,85,85,85],"card_choices":[{"not_picked":["Warcry","Havoc"],"picked":"Body Slam","floor":1},{"not_picked":["Pommel Strike","Heavy Blade","Combust"],"picked":"SKIP","floor":2},{"not_picked":["Perfected Strike","Infernal Blade"],"picked":"Inflame","floor":4},{"not_picked":["Thunderclap","Fire Breathing"],"picked":"Inflame","floor":6},{"not_picked":["Thunderclap","Rupture"],"picked":"Armaments","floor":8},{"not_picked":["Twin Strike","Anger"],"picked":"Thunderclap","floor":10},{"not_picked":["Flex","Cleave"],"picked":"Ghostly Armor","floor":11},{"not_picked":["Iron Wave","Combust"],"picked":"Bludgeon","floor":13},{"not_picked":["Berserk","Immolate"],"picked":"Reaper","floor":16},{"not_picked":["Flex","Clash","Thunderclap"],"picked":"SKIP","floor":18},{"not_picked":["Entrench","Havoc+1"],"picked":"Inflame+1","floor":22},{"not_picked":["Sever Soul","Power Through+1"],"picked":"Battle Trance","floor":23},{"not_picked":["Twin Strike+1","Perfected Strike+1","Corruption"],"picked":"SKIP","floor":25},{"not_picked":["Blood for Blood","Perfected Strike"],"picked":"Heavy Blade+1","floor":28},{"not_picked":["Warcry","Power Through+1"],"picked":"Whirlwind+1","floor":30},{"not_picked":["Armaments+1","Heavy Blade+1"],"picked":"Metallicize+1","floor":31},{"not_picked":["Reaper","Fiend Fire"],"picked":"Juggernaut","floor":33},{"not_picked":["Cleave+1","Pommel Strike"],"picked":"Warcry","floor":35},{"not_picked":["Rage","Wild Strike+1"],"picked":"Sentinel+1","floor":39},{"not_picked":["Carnage","Dark Embrace"],"picked":"Entrench+1","floor":41},{"not_picked":["Sword Boomerang+1","Cleave"],"picked":"Dual Wield+1","floor":44},{"not_picked":["Sword Boomerang","Armaments+1"],"picked":"Warcry","floor":46},{"not_picked":["Sentinel+1","Body Slam+1"],"picked":"True Grit+1","floor":48}],"player_experience":154677,"relics_obtained":[{"floor":6,"key":"Ancient Tea Set"},{"floor":9,"key":"Oddly Smooth Stone"},{"floor":11,"key":"Tiny Chest"},{"floor":23,"key":"Orichalcum"},{"floor":25,"key":"Shuriken"},{"floor":26,"key":"Anchor"},{"floor":36,"key":"Blood Vial"},{"floor":41,"key":"Magic Flower"},{"floor":43,"key":"Self Forming Clay"},{"floor":48,"key":"Torii"}],"event_choices":[{"cards_removed":["Bash"],"damage_healed":0,"gold_gain":0,"player_choice":"Card Removal","damage_taken":7,"max_hp_gain":0,"max_hp_loss":0,"event_name":"Golden Wing","floor":5,"gold_loss":0},{"damage_healed":0,"gold_gain":75,"player_choice":"Gather Gold","damage_taken":11,"max_hp_gain":0,"max_hp_loss":0,"event_name":"World of Goop","floor":14,"gold_loss":0},{"damage_healed":0,"gold_gain":0,"player_choice":"Joined the Cult","damage_taken":6,"max_hp_gain":0,"max_hp_loss":0,"event_name":"Nest","floor":20,"gold_loss":0,"cards_obtained":["RitualDagger"]},{"damage_healed":0,"gold_gain":0,"player_choice":"Ignored","damage_taken":0,"max_hp_gain":0,"max_hp_loss":0,"event_name":"Tomb of Lord Red Mask","floor":37,"gold_loss":0},{"cards_removed":["Strike_R"],"damage_healed":0,"gold_gain":0,"player_choice":"Removed Attack","damage_taken":0,"max_hp_gain":0,"max_hp_loss":0,"event_name":"Falling","floor":47,"gold_loss":0},{"damage_healed":0,"gold_gain":0,"player_choice":"Fight","damage_taken":0,"max_hp_gain":0,"max_hp_loss":0,"event_name":"MindBloom","floor":48,"gold_loss":0}],"is_beta":false,"boss_relics":[{"not_picked":["Calling Bell","Coffee Dripper"],"picked":"Philosopher\u0027s Stone"},{"not_picked":["Pandora\u0027s Box","White Beast Statue"],"picked":"Cursed Key"}],"items_purged_floors":[3,19,38],"is_endless":false,"potions_floor_spawned":[2,4,10,13,16,23,31,39,44],"ascension_level":8}