{"gold_per_floor":[111,111,61,75,75,75,100,100,154,166,179,179,27,40,40,143,143,159,159,59,158,174,174,209,219,219,237,257,257,357,373,373,373],"floor_reached":33,"playtime":1671,"items_purged":["Defend_R","Writhe"],"score":317,"play_id":"dbb48df4-7242-47d8-a452-511fb646c059","local_time":"20190215041150","is_ascension_mode":false,"campfire_choices":[{"data":"Perfected Strike","floor":6,"key":"SMITH"},{"floor":12,"key":"REST"},{"data":"Perfected Strike","floor":15,"key":"SMITH"},{"floor":23,"key":"REST"},{"floor":29,"key":"REST"},{"floor":32,"key":"REST"}],"neow_cost":"NONE","seed_source_timestamp":67052090335626,"circlet_count":0,"master_deck":["Strike_R","Strike_R","Strike_R","Strike_R","Strike_R","Defend_R","Defend_R","Bash","Warcry","Headbutt","Perfected Strike+1","Cleave","Wild Strike","Perfected Strike+1","Dual Wield","Pommel Strike","Limit Break","Pommel Strike","Clash","Perfected Strike","Twin Strike","Whirlwind+1","Shrug It Off","Rampage","Clash","Dual Wield+1","Twin Strike+1"],"relics":["Burning Blood","Dream Catcher","Question Card","Blood Vial","Sozu","Oddly Smooth Stone","Mummified Hand","Bird Faced Urn","Charon\u0027s Ashes","Bottled Flame"],"potions_floor_usage":[16,16,16,31],"damage_taken":[{"damage":11,"enemies":"2 Louse","floor":1,"turns":4},{"damage":4,"enemies":"Small Slimes","floor":4,"turns":4},{"damage":24,"enemies":"Gremlin Nob","floor":7,"turns":4},{"damage":6,"enemies":"Jaw Worm","floor":10,"turns":3},{"damage":13,"enemies":"2 Fungi Beasts","floor":11,"turns":3},{"damage":5,"enemies":"Large Slime","floor":14,"turns":4},{"damage":0,"enemies":"Slime Boss","floor":16,"turns":5},{"damage":23,"enemies":"Shell Parasite","floor":18,"turns":3},{"damage":0,"enemies":"Spheric Guardian","floor":22,"turns":1},{"damage":39,"enemies":"Book of Stabbing","floor":24,"turns":4},{"damage":0,"enemies":"Snake Plant","floor":25,"turns":2},{"damage":9,"enemies":"3 Cultists","floor":27,"turns":4},{"damage":22,"enemies":"Centurion and Healer","floor":28,"turns":5},{"damage":10,"enemies":"Colosseum Slavers","floor":30,"turns":3},{"damage":14,"enemies":"Colosseum Nobs","floor":30,"turns":3},{"damage":15,"enemies":"Snecko","floor":31,"turns":3},{"damage":108,"enemies":"Champ","floor":33,"turns":7}],"seed_played":"-5430183793512985824","potions_obtained":[{"floor":7,"key":"SteroidPotion"},{"floor":11,"key":"Dexterity Potion"},{"floor":14,"key":"Ancient Potion"},{"floor":16,"key":"BloodPotion"}],"is_trial":false,"path_per_floor":["M","?","$","M","?","R","E","?","T","M","M","R","$","M","R","B",null,"M","?","$","?","M","R","E","M","T","M","M","R","?","M","R","B"],"character_chosen":"IRONCLAD","items_purchased":["Headbutt","Dual Wield"],"campfire_rested":4,"item_purchase_floors":[3,13],"current_hp_per_floor":[75,80,80,82,82,82,64,61,61,63,58,83,83,85,85,85,85,68,68,68,68,76,85,52,60,60,59,45,70,62,63,85,0],"gold":373,"neow_bonus":"REMOVE_CARD","is_prod":false,"is_daily":false,"chose_seed":false,"campfire_upgraded":2,"win_rate":0.0,"timestamp":1550171510,"path_taken":["M","?","$","M","?","R","E","?","T","M","M","R","$","?","R","BOSS","M","?","$","?","M","R","E","M","T","M","M","R","?","M","R","BOSS"],"build_version":"2019-01-23","purchased_purges":2,"victory":false,"max_hp_per_floor":[80,85,85,85,85,85,85,85,85,85,85,85,85,85,85,85,85,85,85,85,85,85,85,85,85,85,85,85,85,85,85,85,85],"card_choices":[{"not_picked":["Iron Wave","Spot Weakness"],"picked":"Warcry","floor":1},{"not_picked":["Twin Strike","Wild Strike"],"picked":"Perfected Strike","floor":4},{"not_picked":["Ghostly Armor","Disarm","Armaments"],"picked":"SKIP","floor":7},{"not_picked":["Burning Pact","True Grit","Headbutt"],"picked":"Cleave","floor":10},{"not_picked":["Uppercut","True Grit","Hemokinesis"],"picked":"Wild Strike","floor":11},{"not_picked":["Clothesline","Iron Wave","Shrug It Off"],"picked":"Perfected Strike","floor":12},{"not_picked":["Anger","Rampage","Immolate"],"picked":"Pommel Strike","floor":14},{"not_picked":["Fiend Fire","Dark Embrace","Offering"],"picked":"Limit Break","floor":16},{"not_picked":["Wild Strike+1","True Grit","Armaments"],"picked":"Pommel Strike","floor":18},{"not_picked":["Body Slam","Sword Boomerang","Armaments","Iron Wave"],"picked":"SKIP","floor":22},{"not_picked":["Carnage","Armaments","Body Slam"],"picked":"Clash","floor":23},{"not_picked":["Barricade","Clothesline","Limit Break"],"picked":"Perfected Strike","floor":24},{"not_picked":["Thunderclap","Armaments","Cleave"],"picked":"Twin Strike","floor":25},{"not_picked":["Metallicize","Heavy Blade+1","Anger"],"picked":"Whirlwind+1","floor":27},{"not_picked":["Burning Pact","Clothesline","Spot Weakness+1"],"picked":"Shrug It Off","floor":28},{"not_picked":["Iron Wave+1","Warcry","Heavy Blade+1"],"picked":"Rampage","floor":29},{"not_picked":["Intimidate","Thunderclap","Clothesline"],"picked":"Clash","floor":30},{"not_picked":["Sever Soul","Shockwave","Offering"],"picked":"Dual Wield+1","floor":31},{"not_picked":["Body Slam","Dual Wield","Anger"],"picked":"Twin Strike+1","floor":32}],"player_experience":22358,"relics_obtained":[{"floor":7,"key":"Dream Catcher"},{"floor":9,"key":"Blood Vial"},{"floor":24,"key":"Mummified Hand"},{"floor":26,"key":"Bird Faced Urn"},{"floor":30,"key":"Charon\u0027s Ashes"},{"floor":30,"key":"Bottled Flame"}],"event_choices":[{"damage_healed":0,"gold_gain":0,"player_choice":"Donut","damage_taken":0,"max_hp_gain":5,"max_hp_loss":0,"event_name":"Big Fish","floor":2,"gold_loss":0},{"damage_healed":0,"gold_gain":0,"player_choice":"Ignored","damage_taken":0,"max_hp_gain":0,"max_hp_loss":0,"event_name":"Liars Game","floor":5,"gold_loss":0},{"damage_healed":0,"gold_gain":0,"player_choice":"Success","damage_taken":3,"relics_obtained":["Question Card"],"max_hp_gain":0,"max_hp_loss":0,"event_name":"Scrap Ooze","floor":8,"gold_loss":0},{"damage_healed":0,"gold_gain":0,"player_choice":"Opened","damage_taken":0,"relics_obtained":["Oddly Smooth Stone"],"max_hp_gain":0,"max_hp_loss":0,"event_name":"The Mausoleum","floor":19,"gold_loss":0,"cards_obtained":["Writhe"]},{"damage_healed":0,"gold_gain":99,"player_choice":"Stole From Cult","damage_taken":0,"max_hp_gain":0,"max_hp_loss":0,"event_name":"Nest","floor":21,"gold_loss":0},{"damage_healed":0,"gold_gain":0,"player_choice":"Fight","damage_taken":0,"max_hp_gain":0,"max_hp_loss":0,"event_name":"Colosseum","floor":30,"gold_loss":0},{"damage_healed":0,"gold_gain":0,"player_choice":"Fought Nobs","damage_taken":0,"max_hp_gain":0,"max_hp_loss":0,"event_name":"Colosseum","floor":30,"gold_loss":0}],"is_beta":false,"boss_relics":[{"not_picked":["Fusion Hammer","Philosopher\u0027s Stone"],"picked":"Sozu"}],"items_purged_floors":[13,20],"is_endless":false,"potions_floor_spawned":[7,11,14,16,18,22,27,30],"killed_by":"Champ","ascension_level":0}