{"path_per_floor":["M","?","?","M","$","R","E","M","T","M","M","E","R","?","R","B",null,"M","?","T","?","?"],"character_chosen":"THE_SILENT","items_purchased":["Apotheosis"],"gold_per_floor":[410,410,585,603,317,317,349,365,446,463,477,505,505,505,505,606,606,622,622,670,670,670,670],"floor_reached":23,"campfire_rested":0,"playtime":1296,"current_hp_per_floor":[69,62,62,60,60,60,43,43,43,43,43,41,41,41,41,15,70,60,47,47,31,31,0],"items_purged":["Doubt"],"gold":670,"score":222,"play_id":"734d14d3-71fc-4835-b5ea-560da8b7cb58","local_time":"20180513215657","is_prod":false,"is_daily":false,"chose_seed":false,"is_ascension_mode":false,"campfire_upgraded":3,"timestamp":1526241417,"path_taken":["M","?","?","M","$","R","E","M","T","M","M","E","R","?","R","BOSS","M","?","?","?","?","E"],"build_version":"2018-05-10","seed_source_timestamp":0,"purchased_purges":1,"victory":false,"master_deck":["Defend_G","Defend_G","Defend_G","Defend_G","Survivor","Neutralize","Injury","Backflip","Apotheosis+1","Cloak And Dagger","Prepared+1","Infinite Blades","Escape Plan+1","Cloak And Dagger","Burst","Accuracy","Necronomicurse","Bite","Bite","Bite","Bite","Bite"],"max_hp_per_floor":[70,70,70,70,70,70,70,70,70,70,70,70,70,70,70,70,70,70,75,75,75,52,52],"relics":["Ring of the Snake","Old Coin","Juzu Bracelet","Paper Crane","Letter Opener","Black Star","Ancient Tea Set","Necronomicon"],"card_choices":[{"not_picked":["Sucker Punch","Dodge and Roll"],"picked":"Backflip","floor":1.0},{"not_picked":["Slice","Catalyst"],"picked":"Cloak And Dagger","floor":7.0},{"not_picked":["Dodge and Roll","Outmaneuver"],"picked":"Prepared","floor":8.0},{"not_picked":["Glass Knife","Predator"],"picked":"Infinite Blades","floor":10.0},{"not_picked":["Flying Knee","Dagger Spray"],"picked":"Escape Plan","floor":11.0},{"not_picked":["Dash","PiercingWail"],"picked":"Cloak And Dagger","floor":12.0},{"not_picked":["Bullet Time","Tactician"],"picked":"Burst","floor":16},{"not_picked":["Flying Knee","Masterful Stab"],"picked":"Accuracy","floor":18}],"player_experience":46522,"potions_floor_usage":[16,18,23],"damage_taken":[{"damage":1.0,"enemies":"Cultist","floor":1.0,"turns":4.0},{"damage":2.0,"enemies":"Jaw Worm","floor":4.0,"turns":8.0},{"damage":17.0,"enemies":"Gremlin Nob","floor":7.0,"turns":6.0},{"damage":0.0,"enemies":"Small Slimes","floor":8.0,"turns":4.0},{"damage":0.0,"enemies":"Exordium Thugs","floor":10.0,"turns":3.0},{"damage":0.0,"enemies":"Large Slime","floor":11.0,"turns":7.0},{"damage":2.0,"enemies":"Lagavulin","floor":12.0,"turns":6.0},{"damage":26,"enemies":"The Guardian","floor":16,"turns":14},{"damage":10,"enemies":"2 Thieves","floor":18,"turns":5},{"damage":42,"enemies":"Slavers","floor":23,"turns":3}],"event_choices":[{"event_name":"Golden Wing","player_choice":"Card Removal","floor":2.0,"damage_taken":0.0},{"event_name":"Liars Game","player_choice":"agreed","floor":3.0,"damage_taken":0.0},{"event_name":"Purifier","player_choice":"One Purge","floor":14,"damage_taken":0},{"event_name":"Forgotten Altar","player_choice":"Shed Blood","floor":19,"damage_taken":0},{"event_name":"Cursed Tome","player_choice":"Obtained Book","floor":21,"damage_taken":0},{"event_name":"Vampires","player_choice":"Became a vampire","floor":22,"damage_taken":0}],"boss_relics":[{"not_picked":["Orrery","Cursed Key"],"picked":"Black Star"}],"potions_floor_spawned":[1,7,10,12,16,18],"seed_played":"2161620276752231049","killed_by":"Slavers","ascension_level":0,"is_trial":false}