{"gold_per_floor":[144,144,144,189,234,324,324,369,369,369,8,53,98,143,143,443,443,488,533,578,578],"floor_reached":21,"playtime":1400,"items_purged":[],"score":185,"play_id":"2d4df6bf-9829-4d9b-95ae-ab98b4396b46","local_time":"20190106002939","daily_mods":["Chimera","Uncertain Future","Midas"],"is_ascension_mode":false,"campfire_choices":[{"floor":7,"key":"REST"},{"floor":10,"key":"REST"},{"floor":15,"key":"REST"}],"neow_cost":"","seed_source_timestamp":0,"circlet_count":0,"master_deck":["Bash","Survivor","Zap","Strike_R+1","Strike_G","Strike_B","Defend_G","Defend_B+1","Dodge and Roll","PiercingWail","Dagger Spray","Backflip","Dagger Throw","Good Instincts","Corpse Explosion","Panache+1","Dodge and Roll","Slice","Blade Dance","Envenom+1","Crippling Poison","Accuracy+1","PiercingWail+1"],"special_seed":17901,"relics":["Ring of the Snake","Frozen Egg 2","Letter Opener","White Beast Statue"],"potions_floor_usage":[13,16,16,18,20,20],"damage_taken":[{"damage":1,"enemies":"Cultist","floor":1,"turns":5},{"damage":0,"enemies":"Small Slimes","floor":4,"turns":4},{"damage":3,"enemies":"Jaw Worm","floor":5,"turns":5},{"damage":34,"enemies":"Lagavulin","floor":6,"turns":10},{"damage":3,"enemies":"Exordium Wildlife","floor":8,"turns":4},{"damage":0,"enemies":"2 Fungi Beasts","floor":12,"turns":2},{"damage":0,"enemies":"Large Slime","floor":13,"turns":6},{"damage":8,"enemies":"Blue Slaver","floor":14,"turns":3},{"damage":47,"enemies":"The Guardian","floor":16,"turns":10},{"damage":34,"enemies":"Spheric Guardian","floor":18,"turns":10},{"damage":16,"enemies":"Shell Parasite","floor":19,"turns":8},{"damage":21,"enemies":"Snecko","floor":20,"turns":9},{"damage":15,"enemies":"Snake Plant","floor":21,"turns":2}],"seed_played":"4277757570811761034","potions_obtained":[{"floor":4,"key":"Block Potion"},{"floor":5,"key":"Swift Potion"},{"floor":6,"key":"Energy Potion"},{"floor":8,"key":"AttackPotion"},{"floor":16,"key":"Regen Potion"},{"floor":18,"key":"SpeedPotion"},{"floor":19,"key":"EssenceOfSteel"},{"floor":20,"key":"Energy Potion"}],"is_trial":false,"path_per_floor":["M","?","?","M","M","E","R","M","T","R","$","M","M","M","R","B",null,"M","M","M","M"],"character_chosen":"THE_SILENT","items_purchased":["Good Instincts","Corpse Explosion","Panache+1"],"campfire_rested":3,"item_purchase_floors":[11,11,11],"current_hp_per_floor":[69,55,55,55,52,18,39,36,36,57,57,57,57,49,70,23,70,50,34,13,0],"gold":578,"neow_bonus":"","is_prod":false,"is_daily":true,"chose_seed":false,"campfire_upgraded":0,"win_rate":0,"timestamp":1546727379,"path_taken":["M","?","?","M","M","E","R","M","T","R","$","?","M","M","R","BOSS","M","M","M","M"],"build_version":"2019-01-03v4","purchased_purges":0,"victory":false,"max_hp_per_floor":[70,70,70,70,70,70,70,70,70,70,70,70,70,70,70,70,70,70,70,70,70],"card_choices":[{"not_picked":["Outmaneuver","Expertise"],"picked":"Dodge and Roll","floor":1},{"not_picked":["Quick Slash","Finisher"],"picked":"PiercingWail","floor":4},{"not_picked":["Riddle With Holes","Acrobatics"],"picked":"Dagger Spray","floor":5},{"not_picked":["Underhanded Strike","Sucker Punch"],"picked":"Backflip","floor":6},{"not_picked":["Sucker Punch","Wraith Form v2+1"],"picked":"Dagger Throw","floor":8},{"not_picked":["Backflip","Prepared"],"picked":"Dodge and Roll","floor":12},{"not_picked":["Underhanded Strike","Dagger Throw"],"picked":"Slice","floor":13},{"not_picked":["Sucker Punch","Riddle With Holes"],"picked":"Blade Dance","floor":14},{"not_picked":["Venomology","Tools of the Trade+1"],"picked":"Envenom+1","floor":16},{"not_picked":["Riddle With Holes+1","Underhanded Strike"],"picked":"Crippling Poison","floor":18},{"not_picked":["Dagger Throw","Sucker Punch"],"picked":"Accuracy+1","floor":19},{"not_picked":["Acrobatics","Reflex"],"picked":"PiercingWail+1","floor":20}],"player_experience":92693,"relics_obtained":[{"floor":6,"key":"Frozen Egg 2"},{"floor":9,"key":"Letter Opener"}],"event_choices":[{"damage_healed":0,"gold_gain":0,"player_choice":"Entered Light","damage_taken":14,"max_hp_gain":0,"max_hp_loss":0,"event_name":"Shining Light","floor":2,"gold_loss":0,"cards_upgraded":["Strike_R","Defend_B"]},{"cards_removed":["Defend_R"],"damage_healed":0,"gold_gain":0,"player_choice":"Offered Basic","damage_taken":0,"max_hp_gain":0,"max_hp_loss":0,"event_name":"Bonfire Elementals","floor":3,"gold_loss":0}],"is_beta":false,"boss_relics":[{"not_picked":["Eternal Feather","Velvet Choker"],"picked":"White Beast Statue"}],"items_purged_floors":[],"is_endless":false,"potions_floor_spawned":[4,5,6,8,16,18,19,20],"killed_by":"Snake Plant","ascension_level":0}