{"gold_per_floor":[115,115,40,58,78,110,127,156,156,212,212,227,227,33,33,33],"floor_reached":16,"playtime":615,"items_purged":["Strike_R","Strike_R"],"score":174,"play_id":"b9b9db62-0db1-4210-af55-3b02dc9916f0","local_time":"20190128220433","is_ascension_mode":true,"campfire_choices":[{"data":"Body Slam","floor":11,"key":"SMITH"},{"data":"Entrench","floor":13,"key":"SMITH"},{"data":"Whirlwind","floor":15,"key":"SMITH"}],"neow_cost":"NONE","seed_source_timestamp":200717536255853,"circlet_count":0,"master_deck":["Strike_R","Strike_R","Strike_R","Defend_R","Defend_R","Defend_R","Defend_R","Bash","Armaments+1","Iron Wave","Body Slam+1","Warcry","Clothesline","Sword Boomerang","Thunderclap","Entrench+1","Whirlwind+1","True Grit"],"relics":["Burning Blood","Strawberry","Anchor","Shuriken","Singing Bowl","Tiny Chest"],"potions_floor_usage":[10,16,16,16],"damage_taken":[{"damage":6,"enemies":"Cultist","floor":1,"turns":4},{"damage":0,"enemies":"Small Slimes","floor":4,"turns":4},{"damage":5,"enemies":"Jaw Worm","floor":5,"turns":4},{"damage":27,"enemies":"Gremlin Nob","floor":6,"turns":5},{"damage":3,"enemies":"Blue Slaver","floor":7,"turns":5},{"damage":38,"enemies":"Lagavulin","floor":8,"turns":8},{"damage":30,"enemies":"3 Sentries","floor":10,"turns":8},{"damage":9,"enemies":"2 Fungi Beasts","floor":12,"turns":3},{"damage":36,"enemies":"Slime Boss","floor":16,"turns":4}],"seed_played":"-4813678765353547966","potions_obtained":[{"floor":1,"key":"Swift Potion"},{"floor":4,"key":"Swift Potion"},{"floor":8,"key":"Regen Potion"},{"floor":10,"key":"SkillPotion"},{"floor":12,"key":"Dexterity Potion"}],"is_trial":false,"path_per_floor":["M","?","$","M","M","E","M","E","T","E","R","M","R","$","R","B"],"character_chosen":"IRONCLAD","items_purchased":["Whirlwind","True Grit"],"campfire_rested":0,"item_purchase_floors":[14,14],"current_hp_per_floor":[79,79,79,85,86,65,68,36,36,27,27,24,24,24,24,0],"gold":33,"neow_bonus":"RANDOM_COMMON_RELIC","is_prod":false,"is_daily":false,"chose_seed":false,"campfire_upgraded":3,"win_rate":0,"timestamp":1548709473,"path_taken":["M","?","$","?","M","E","M","E","T","E","R","M","R","$","R","BOSS"],"build_version":"2019-01-23","purchased_purges":2,"victory":false,"max_hp_per_floor":[87,87,87,87,87,87,87,87,87,87,87,87,87,87,87,87],"card_choices":[{"not_picked":["Disarm","Sword Boomerang"],"picked":"Armaments","floor":1},{"not_picked":["Pummel","Anger"],"picked":"Iron Wave","floor":4},{"not_picked":["Thunderclap","Feel No Pain"],"picked":"Body Slam","floor":5},{"not_picked":["Pommel Strike","Power Through"],"picked":"Warcry","floor":6},{"not_picked":["Warcry","Pommel Strike"],"picked":"Clothesline","floor":7},{"not_picked":["Brutality","Twin Strike"],"picked":"Sword Boomerang","floor":8},{"not_picked":["Second Wind","Headbutt"],"picked":"Thunderclap","floor":10},{"not_picked":["Heavy Blade","Warcry"],"picked":"Entrench","floor":12}],"player_experience":156604,"relics_obtained":[{"floor":6,"key":"Anchor"},{"floor":8,"key":"Shuriken"},{"floor":9,"key":"Singing Bowl"},{"floor":10,"key":"Tiny Chest"}],"event_choices":[{"damage_healed":0,"gold_gain":0,"player_choice":"Upgraded","damage_taken":0,"max_hp_gain":0,"max_hp_loss":0,"event_name":"Upgrade Shrine","floor":2,"gold_loss":0,"cards_upgraded":["Armaments"]}],"is_beta":false,"boss_relics":[],"items_purged_floors":[3,14],"is_endless":false,"potions_floor_spawned":[1,4,8,10,12],"killed_by":"Slime Boss","ascension_level":9}