{"gold_per_floor":[109,109,109,22,45,45,78,78,131,202,221,262,283,356,356,452,452,475,500,500],"floor_reached":20,"playtime":567,"items_purged":[],"score":423,"play_id":"53fc052f-d4c1-465a-8c79-6564b49f2b92","local_time":"20190205191923","is_ascension_mode":true,"campfire_choices":[{"data":"Infernal Blade","floor":6,"key":"SMITH"},{"data":"Whirlwind","floor":8,"key":"SMITH"},{"data":"Perfected Strike","floor":15,"key":"SMITH"}],"neow_cost":"NONE","seed_source_timestamp":697066936690300,"circlet_count":0,"master_deck":["AscendersBane","Strike_R","Strike_R","Strike_R","Strike_R","Strike_R","Defend_R","Defend_R","Defend_R","Defend_R","Bash","Whirlwind+1","Carnage","Infernal Blade+1","Feel No Pain","Perfected Strike+1","Havoc","Evolve+1","Clash","Demon Form+1","Inflame+1","Clothesline"],"relics":["Burning Blood","NeowsBlessing","Golden Idol","Charon\u0027s Ashes","Dream Catcher","Tiny Chest","Frozen Egg 2","Ornamental Fan","Black Star"],"potions_floor_usage":[12,16,16,20],"damage_taken":[{"damage":0,"enemies":"Jaw Worm","floor":1,"turns":1},{"damage":0,"enemies":"Small Slimes","floor":5,"turns":1},{"damage":0,"enemies":"Lagavulin","floor":7,"turns":2},{"damage":12,"enemies":"3 Sentries","floor":10,"turns":5},{"damage":0,"enemies":"2 Louse","floor":11,"turns":2},{"damage":5,"enemies":"Gremlin Nob","floor":12,"turns":3},{"damage":13,"enemies":"Blue Slaver","floor":13,"turns":2},{"damage":6,"enemies":"3 Sentries","floor":14,"turns":5},{"damage":55,"enemies":"Hexaghost","floor":16,"turns":9},{"damage":33,"enemies":"Chosen","floor":18,"turns":4},{"damage":18,"enemies":"3 Byrds","floor":19,"turns":4},{"damage":17,"enemies":"Colosseum Slavers","floor":20,"turns":1}],"seed_played":"737224133241748747","potions_obtained":[{"floor":7,"key":"Block Potion"},{"floor":11,"key":"SteroidPotion"},{"floor":13,"key":"PowerPotion"},{"floor":16,"key":"Strength Potion"},{"floor":18,"key":"SkillPotion"}],"is_trial":false,"path_per_floor":["M","?","?","$","M","R","E","R","T","E","M","E","M","?","R","B",null,"M","M","?"],"character_chosen":"IRONCLAD","items_purchased":["Carnage"],"campfire_rested":0,"item_purchase_floors":[4],"current_hp_per_floor":[74,74,68,68,68,68,68,68,68,62,68,68,61,61,61,12,54,27,15,0],"gold":500,"neow_bonus":"THREE_ENEMY_KILL","is_prod":false,"is_daily":false,"chose_seed":false,"campfire_upgraded":3,"win_rate":0,"timestamp":1549390763,"path_taken":["M","?","?","$","M","R","E","R","T","E","M","E","M","?","R","BOSS","M","M","?"],"build_version":"2019-01-23","purchased_purges":0,"victory":false,"max_hp_per_floor":[75,75,68,68,68,68,68,68,68,68,68,68,68,68,68,68,68,68,68,68],"card_choices":[{"not_picked":["Clothesline","Seeing Red"],"picked":"Whirlwind","floor":1},{"not_picked":["Sword Boomerang","Clash"],"picked":"Infernal Blade","floor":5},{"not_picked":["Anger","Blood for Blood"],"picked":"Feel No Pain","floor":7},{"not_picked":["Body Slam","Limit Break"],"picked":"Perfected Strike","floor":10},{"not_picked":["Sentinel","Wild Strike"],"picked":"Havoc","floor":11},{"not_picked":["Armaments","Pommel Strike"],"picked":"Evolve","floor":12},{"not_picked":["Body Slam","Warcry"],"picked":"Clash","floor":13},{"not_picked":["Brutality+1","Bludgeon"],"picked":"Demon Form+1","floor":16},{"not_picked":["Cleave","Body Slam"],"picked":"Inflame+1","floor":18},{"not_picked":["Dual Wield","Warcry"],"picked":"Clothesline","floor":19}],"player_experience":336235,"relics_obtained":[{"floor":7,"key":"Charon\u0027s Ashes"},{"floor":9,"key":"Dream Catcher"},{"floor":10,"key":"Tiny Chest"},{"floor":12,"key":"Frozen Egg 2"},{"floor":14,"key":"Ornamental Fan"}],"event_choices":[{"damage_healed":0,"gold_gain":0,"player_choice":"Ignored","damage_taken":0,"max_hp_gain":0,"max_hp_loss":0,"event_name":"Liars Game","floor":2,"gold_loss":0},{"damage_healed":0,"gold_gain":0,"player_choice":"Lose Max HP","damage_taken":0,"relics_obtained":["Golden Idol"],"max_hp_gain":0,"max_hp_loss":7,"event_name":"Golden Idol","floor":3,"gold_loss":0},{"damage_healed":0,"gold_gain":0,"player_choice":"Searched \u00271\u0027 times","damage_taken":0,"max_hp_gain":0,"max_hp_loss":0,"event_name":"Dead Adventurer","floor":14,"gold_loss":0},{"damage_healed":0,"gold_gain":0,"player_choice":"Fight","damage_taken":0,"max_hp_gain":0,"max_hp_loss":0,"event_name":"Colosseum","floor":20,"gold_loss":0}],"is_beta":false,"boss_relics":[{"not_picked":["Cursed Key","Eternal Feather"],"picked":"Black Star"}],"items_purged_floors":[],"is_endless":false,"potions_floor_spawned":[7,11,13,14,16,18],"killed_by":"Colosseum Slavers","ascension_level":19}