{"path_per_floor":["M","?","?","M","?","E","?","M","T","R","E","$"],"character_chosen":"IRONCLAD","items_purchased":["Blood Vial"],"gold_per_floor":[118,118,193,207,207,246,246,267,352,352,393,165,165],"floor_reached":13,"campfire_rested":1,"playtime":330,"current_hp_per_floor":[74,67,56,54,54,16,16,14,14,36,10,10,0],"items_purged":["Defend_R"],"gold":165,"score":137,"play_id":"7dd48635-2ce2-44c4-8412-6b07c2e2de47","local_time":"20180522030935","is_prod":false,"is_daily":false,"chose_seed":false,"is_ascension_mode":true,"campfire_upgraded":0,"timestamp":1526951375,"campfire_choices":[{"floor":10,"key":"REST"}],"path_taken":["M","?","?","?","?","E","?","M","T","R","E","$","M"],"build_version":"2018-05-17","seed_source_timestamp":194076035019099,"purchased_purges":1,"victory":false,"master_deck":["Strike_R","Strike_R","Strike_R","Strike_R","Strike_R","Defend_R","Bash","AscendersBane"],"max_hp_per_floor":[80,80,80,80,74,74,74,74,74,74,74,74,74],"relics":["Burning Blood","Golden Idol","Orichalcum","Tiny Chest","Potion Belt","Blood Vial"],"card_choices":[{"not_picked":["Flex","Clothesline","Heavy Blade"],"picked":"SKIP","floor":1},{"not_picked":["Rupture","Iron Wave","Clothesline"],"picked":"SKIP","floor":4},{"not_picked":["Metallicize","Iron Wave","True Grit"],"picked":"SKIP","floor":6},{"not_picked":["Battle Trance","Whirlwind","Sever Soul"],"picked":"SKIP","floor":8},{"not_picked":["Combust","Disarm","Cleave"],"picked":"SKIP","floor":11}],"player_experience":173220,"potions_floor_usage":[11],"damage_taken":[{"damage":4,"enemies":"2 Louse","floor":1,"turns":4},{"damage":8,"enemies":"Jaw Worm","floor":4,"turns":4},{"damage":44,"enemies":"Gremlin Nob","floor":6,"turns":5},{"damage":8,"enemies":"Small Slimes","floor":8,"turns":3},{"damage":32,"enemies":"Lagavulin","floor":11,"turns":7},{"damage":17,"enemies":"3 Louse","floor":13,"turns":1}],"relics_obtained":[{"floor":6,"key":"Orichalcum"},{"floor":9,"key":"Tiny Chest"},{"floor":11,"key":"Potion Belt"}],"event_choices":[{"event_name":"Golden Wing","player_choice":"Card Removal","floor":2,"damage_taken":0},{"event_name":"World of Goop","player_choice":"Gather Gold","floor":3,"damage_taken":0},{"event_name":"Golden Idol","player_choice":"Lose Max HP","floor":5,"damage_taken":0},{"event_name":"Living Wall","player_choice":"Forget","floor":7,"damage_taken":0}],"boss_relics":[],"potions_floor_spawned":[6,8],"seed_played":"741505959414427968","killed_by":"3 Louse","ascension_level":10,"potions_obtained":[{"floor":6,"key":"SpeedPotion"},{"floor":8,"key":"SkillPotion"}],"is_trial":false}