{"gold_per_floor":[110,110,128,128,128,157,175,100,100,113,123,23,43,63,63,168,168,182,62,62,80,80,80,98,98,98,98,118,118,128,128,128,230,230,241,116,116,126,126,126,141,141,167,185,185,185,185],"floor_reached":47,"playtime":2871,"items_purged":["Strike_G","Strike_G","Storm of Steel+1"],"score":452,"play_id":"d49677a6-1b6d-4134-9b31-d2436e9d6f52","local_time":"20190218175052","is_ascension_mode":false,"campfire_choices":[{"data":"Neutralize","floor":15,"key":"SMITH"},{"data":"Noxious Fumes","floor":23,"key":"SMITH"},{"floor":27,"key":"REST"},{"floor":29,"key":"REST"},{"data":"Acrobatics","floor":32,"key":"SMITH"},{"floor":40,"key":"REST"},{"floor":42,"key":"REST"},{"floor":45,"key":"REST"}],"neow_cost":"NONE","seed_source_timestamp":374204142081289,"circlet_count":0,"master_deck":["Defend_G+1","Defend_G+1","Defend_G+1","Survivor+1","Neutralize+1","Deadly Poison+1","Deadly Poison+1","Malaise+1","Skewer+1","Escape Plan+1","Noxious Fumes+1","Outmaneuver+1","Acrobatics+1","Footwork+1","After Image+1","Venomology+1","Outmaneuver+1"],"relics":["Ring of the Snake","NeowsBlessing","Girya","Question Card","Astrolabe","Molten Egg 2","WristBlade","Dream Catcher","Mark of the Bloom"],"potions_floor_usage":[14,30,33,35,41,44,47,47],"damage_taken":[{"damage":0,"enemies":"Jaw Worm","floor":1,"turns":1},{"damage":0,"enemies":"Cultist","floor":3,"turns":1},{"damage":0,"enemies":"Gremlin Nob","floor":6,"turns":1},{"damage":0,"enemies":"2 Louse","floor":7,"turns":4},{"damage":0,"enemies":"2 Fungi Beasts","floor":10,"turns":5},{"damage":0,"enemies":"Blue Slaver","floor":11,"turns":4},{"damage":8,"enemies":"Large Slime","floor":13,"turns":15},{"damage":0,"enemies":"2 Fungi Beasts","floor":14,"turns":3},{"damage":59,"enemies":"Hexaghost","floor":16,"turns":13},{"damage":11,"enemies":"Spheric Guardian","floor":18,"turns":4},{"damage":2,"enemies":"Chosen","floor":21,"turns":6},{"damage":17,"enemies":"Centurion and Healer","floor":24,"turns":7},{"damage":18,"enemies":"Snake Plant","floor":28,"turns":5},{"damage":0,"enemies":"Shelled Parasite and Fungi","floor":30,"turns":6},{"damage":49,"enemies":"Collector","floor":33,"turns":10},{"damage":3,"enemies":"Orb Walker","floor":35,"turns":6},{"damage":35,"enemies":"3 Shapes","floor":38,"turns":5},{"damage":22,"enemies":"3 Darklings","floor":41,"turns":8},{"damage":10,"enemies":"Maw","floor":44,"turns":9},{"damage":76,"enemies":"Reptomancer","floor":47,"turns":5}],"seed_played":"5695934088482803065","potions_obtained":[{"floor":1,"key":"Explosive Potion"},{"floor":10,"key":"SteroidPotion"},{"floor":13,"key":"Explosive Potion"},{"floor":28,"key":"Swift Potion"},{"floor":30,"key":"FearPotion"},{"floor":33,"key":"Weak Potion"},{"floor":44,"key":"Poison Potion"}],"is_trial":false,"path_per_floor":["M","?","M","?","?","E","M","$","T","M","M","$","M","M","R","B",null,"M","$","?","M","?","R","M","?","T","R","M","R","M","?","R","B",null,"M","$","?","M","?","R","M","R","T","M","R","?","E"],"character_chosen":"THE_SILENT","items_purchased":["Noxious Fumes","Outmaneuver"],"campfire_rested":5,"item_purchase_floors":[19,19],"current_hp_per_floor":[70,70,70,75,75,75,75,75,75,75,75,75,67,67,67,8,75,64,64,64,62,62,62,45,45,45,67,49,71,71,71,71,22,75,72,72,72,37,37,59,37,59,59,49,71,71,0],"gold":185,"neow_bonus":"THREE_ENEMY_KILL","is_prod":false,"is_daily":false,"chose_seed":false,"campfire_upgraded":3,"win_rate":0,"timestamp":1550479852,"path_taken":["M","?","?","?","?","E","M","$","T","M","M","?","M","M","R","BOSS","M","$","?","M","?","R","M","?","T","R","M","R","?","?","R","BOSS","M","$","?","M","?","R","?","R","T","M","R","?","E"],"build_version":"2019-01-23","purchased_purges":3,"victory":false,"max_hp_per_floor":[70,70,70,75,75,75,75,75,75,75,75,75,75,75,75,75,75,75,75,75,75,75,75,75,75,75,75,75,75,75,75,75,75,75,75,75,75,75,75,75,75,75,75,75,75,75,75],"card_choices":[{"not_picked":["Finisher","Blade Dance"],"picked":"Deadly Poison","floor":1},{"not_picked":["Blade Dance","Skewer","Sucker Punch"],"picked":"SKIP","floor":3},{"not_picked":["Caltrops","Heel Hook","Wraith Form v2"],"picked":"SKIP","floor":6},{"not_picked":["Poisoned Stab","Expertise","Prepared"],"picked":"SKIP","floor":7},{"not_picked":["Infinite Blades","Flying Knee","Slice","Crippling Poison"],"picked":"SKIP","floor":10},{"not_picked":["Cloak And Dagger","Slice","Dodge and Roll","Prepared"],"picked":"SKIP","floor":11},{"not_picked":["Bouncing Flask","Flying Knee","Blade Dance"],"picked":"Deadly Poison","floor":13},{"not_picked":["Distraction","Endless Agony","Prepared","Dagger Spray"],"picked":"SKIP","floor":14},{"not_picked":["Deadly Poison","Quick Slash","Backstab+1"],"picked":"Escape Plan","floor":18},{"not_picked":["Terror","Accuracy","Caltrops","Riddle With Holes+1"],"picked":"SKIP","floor":21},{"not_picked":["Bane","Deflect","Flechettes","Prepared+1"],"picked":"SKIP","floor":24},{"not_picked":["Cloak And Dagger","Dagger Throw+1","Tactician"],"picked":"Footwork+1","floor":28},{"not_picked":["Night Terror","Deflect","Flechettes+1","Dagger Throw+1"],"picked":"SKIP","floor":30},{"not_picked":["Bullet Time","Burst","Malaise"],"picked":"After Image","floor":33},{"not_picked":["Dodge and Roll+1","Flying Knee+1","Predator+1","Prepared+1"],"picked":"SKIP","floor":35},{"not_picked":["Acrobatics+1","Expertise","Dagger Spray+1"],"picked":"Quick Slash+1","floor":38},{"not_picked":["Skewer+1","Riddle With Holes+1","Blade Dance+1"],"picked":"Outmaneuver","floor":41},{"not_picked":["Bane+1","Malaise","Dagger Spray+1","Dodge and Roll"],"picked":"SKIP","floor":44}],"player_experience":112317,"relics_obtained":[{"floor":6,"key":"Girya"},{"floor":9,"key":"Question Card"},{"floor":26,"key":"Molten Egg 2"},{"floor":43,"key":"Dream Catcher"}],"event_choices":[{"cards_removed":["Strike_G"],"damage_healed":0,"gold_gain":0,"player_choice":"Purged","damage_taken":0,"max_hp_gain":0,"max_hp_loss":0,"event_name":"Purifier","floor":2,"gold_loss":0},{"damage_healed":0,"gold_gain":0,"player_choice":"Donut","damage_taken":0,"max_hp_gain":5,"max_hp_loss":0,"event_name":"Big Fish","floor":4,"gold_loss":0},{"cards_removed":["Strike_G"],"damage_healed":0,"gold_gain":0,"player_choice":"Forget","damage_taken":0,"max_hp_gain":0,"max_hp_loss":0,"event_name":"Living Wall","floor":5,"gold_loss":0},{"damage_healed":0,"gold_gain":0,"player_choice":"Ignored","damage_taken":0,"max_hp_gain":0,"max_hp_loss":0,"event_name":"Cursed Tome","floor":20,"gold_loss":0},{"damage_healed":0,"gold_gain":0,"player_choice":"Read","damage_taken":0,"max_hp_gain":0,"max_hp_loss":0,"event_name":"The Library","floor":22,"gold_loss":0,"cards_obtained":["Acrobatics"]},{"damage_healed":0,"gold_gain":0,"player_choice":"Ignored","damage_taken":0,"max_hp_gain":0,"max_hp_loss":0,"event_name":"Vampires","floor":25,"gold_loss":0},{"damage_healed":0,"gold_gain":0,"player_choice":"Ignored","damage_taken":0,"max_hp_gain":0,"max_hp_loss":0,"event_name":"Ghosts","floor":31,"gold_loss":0},{"damage_healed":0,"gold_gain":0,"player_choice":"Ignored","damage_taken":0,"max_hp_gain":0,"max_hp_loss":0,"event_name":"Tomb of Lord Red Mask","floor":37,"gold_loss":0},{"damage_healed":0,"gold_gain":0,"cards_transformed":["Quick Slash"],"player_choice":"Transformed","damage_taken":0,"max_hp_gain":0,"max_hp_loss":0,"event_name":"Transmorgrifier","floor":39,"gold_loss":0,"cards_obtained":["Venomology"]},{"damage_healed":0,"gold_gain":0,"player_choice":"Upgrade","damage_taken":0,"relics_obtained":["Mark of the Bloom"],"max_hp_gain":0,"max_hp_loss":0,"event_name":"MindBloom","floor":46,"gold_loss":0,"cards_upgraded":["Defend_G","Defend_G","Defend_G","Survivor","Deadly Poison","Deadly Poison","Escape Plan","Outmaneuver","After Image","Venomology","Outmaneuver"]}],"is_beta":false,"boss_relics":[{"not_picked":["Eternal Feather","Black Star"],"picked":"Astrolabe"},{"not_picked":["Velvet Choker","Runic Pyramid"],"picked":"WristBlade"}],"items_purged_floors":[8,12,36],"is_endless":false,"potions_floor_spawned":[1,10,13,28,30,33,44],"killed_by":"Reptomancer","ascension_level":0}