{"gold_per_floor":[10,22,41,52,62,94,94,108,108,120,140,140,150,162,162,162],"floor_reached":16,"playtime":2888,"items_purged":[],"score":110,"play_id":"35ef6d8d-7268-4320-a5ed-e20a39a60fdc","local_time":"20190218214959","is_ascension_mode":false,"campfire_choices":[{"data":"Shrug It Off","floor":7.0,"key":"SMITH"},{"floor":12.0,"key":"REST"},{"data":"Body Slam","floor":15.0,"key":"SMITH"}],"neow_cost":"NO_GOLD","seed_source_timestamp":192821830777382,"circlet_count":0,"master_deck":["Strike_R","Strike_R","Strike_R","Strike_R","Defend_R","Defend_R","Defend_R","Bash","Shrug It Off+1","Flame Barrier","Disarm","Spot Weakness","Twin Strike","Metallicize","Body Slam+1","Double Tap","Iron Wave","Armaments"],"special_seed":0,"relics":["Burning Blood","Boot","Letter Opener"],"potions_floor_usage":[16],"damage_taken":[{"damage":11.0,"enemies":"Jaw Worm","floor":1.0,"turns":5.0},{"damage":0.0,"enemies":"2 Louse","floor":2.0,"turns":4.0},{"damage":4.0,"enemies":"Cultist","floor":3.0,"turns":5.0},{"damage":4.0,"enemies":"Blue Slaver","floor":4.0,"turns":7.0},{"damage":12.0,"enemies":"Gremlin Gang","floor":5.0,"turns":9.0},{"damage":56.0,"enemies":"Gremlin Nob","floor":6.0,"turns":5.0},{"damage":4.0,"enemies":"Exordium Wildlife","floor":8.0,"turns":7.0},{"damage":10.0,"enemies":"3 Louse","floor":10.0,"turns":5.0},{"damage":10.0,"enemies":"Large Slime","floor":11.0,"turns":8.0},{"damage":13.0,"enemies":"Red Slaver","floor":13.0,"turns":3.0},{"damage":5.0,"enemies":"Looter","floor":14.0,"turns":3.0},{"damage":49,"enemies":"Slime Boss","floor":16,"turns":10}],"seed_played":"7404357942437630079","potions_obtained":[{"floor":2.0,"key":"PowerPotion"},{"floor":3.0,"key":"Swift Potion"},{"floor":11.0,"key":"FearPotion"},{"floor":14.0,"key":"Poison Potion"}],"is_trial":false,"path_per_floor":["M","M","M","M","M","E","R","M","T","M","M","R","M","M","R","B"],"character_chosen":"IRONCLAD","items_purchased":[],"campfire_rested":1,"item_purchase_floors":[],"current_hp_per_floor":[75,80,80,80,74,24,24,26,26,22,18,42,35,36,36,0],"gold":162,"neow_bonus":"REMOVE_TWO","is_prod":false,"is_daily":false,"chose_seed":false,"campfire_upgraded":2,"win_rate":0.0,"timestamp":1550494199,"path_taken":["M","M","M","M","M","E","R","M","T","M","M","R","M","M","R","BOSS"],"build_version":"2019-01-23","purchased_purges":0,"victory":false,"max_hp_per_floor":[80,80,80,80,80,80,80,80,80,80,80,80,80,80,80,80],"card_choices":[{"not_picked":["Perfected Strike","Second Wind","Warcry"],"picked":"SKIP","floor":1.0},{"not_picked":["Disarm","Heavy Blade"],"picked":"Shrug It Off","floor":2.0},{"not_picked":["Pommel Strike","Iron Wave"],"picked":"Flame Barrier","floor":3.0},{"not_picked":["Armaments","Rage"],"picked":"Disarm","floor":4.0},{"not_picked":["Perfected Strike","Headbutt"],"picked":"Spot Weakness","floor":5.0},{"not_picked":["Pommel Strike","Hemokinesis"],"picked":"Twin Strike","floor":6.0},{"not_picked":["Flex","Seeing Red"],"picked":"Metallicize","floor":8.0},{"not_picked":["Carnage","Combust"],"picked":"Body Slam","floor":10.0},{"not_picked":["Sword Boomerang","Flex"],"picked":"Double Tap","floor":11.0},{"not_picked":["Carnage","True Grit"],"picked":"Iron Wave","floor":13.0},{"not_picked":["Combust","Clash"],"picked":"Armaments","floor":14.0}],"player_experience":230119,"relics_obtained":[{"floor":6.0,"key":"Boot"},{"floor":9.0,"key":"Letter Opener"}],"event_choices":[],"is_beta":false,"boss_relics":[],"items_purged_floors":[],"is_endless":false,"potions_floor_spawned":[2,3,11,14],"killed_by":"Slime Boss","ascension_level":0}