{"gold_per_floor":[110,110,60,60,81,81,33,72,98,9,22,47,47,65,65,184,184,205,34,34,51,51,51,51,51,106,125,125,138,151,151],"floor_reached":31,"playtime":1411,"items_purged":[],"score":353,"play_id":"2a71be66-32f4-4961-ab5a-e80d08bddffc","local_time":"20181108005043","is_ascension_mode":true,"campfire_choices":[{"floor":6,"key":"REST"},{"floor":13,"key":"REST"},{"floor":15,"key":"REST"},{"data":"Apotheosis","floor":23,"key":"SMITH"},{"floor":28,"key":"REST"}],"neow_cost":"NONE","seed_source_timestamp":2859864171668301,"circlet_count":0,"master_deck":["AscendersBane","Strike_B","Strike_B","Strike_B","Defend_B","Defend_B","Defend_B","Defend_B+1","Zap+1","Dualcast","Compile Driver","Capacitor","Leap","Doubt","Auto Shields","Cold Snap","Sunder","Fission","Hologram","Apotheosis+1","Undo","Machine Learning","Injury","Self Repair","Conserve Battery+1"],"relics":["Cursed Key","Bloody Idol","Potion Belt","War Paint","Bronze Scales","Black Star","Art of War"],"potions_floor_usage":[8,8,25,31,31],"damage_taken":[{"damage":0,"enemies":"2 Louse","floor":1,"turns":3},{"damage":7,"enemies":"Jaw Worm","floor":5,"turns":4},{"damage":31,"enemies":"Lagavulin","floor":8,"turns":7},{"damage":0,"enemies":"Cultist","floor":11,"turns":3},{"damage":3,"enemies":"3 Louse","floor":12,"turns":4},{"damage":11,"enemies":"Lots of Slimes","floor":14,"turns":4},{"damage":47,"enemies":"Slime Boss","floor":16,"turns":13},{"damage":17,"enemies":"Spheric Guardian","floor":18,"turns":5},{"damage":5,"enemies":"3 Byrds","floor":21,"turns":2},{"damage":26,"enemies":"Colosseum Slavers","floor":25,"turns":6},{"damage":19,"enemies":"Snecko","floor":27,"turns":7},{"damage":33,"enemies":"Snake Plant","floor":29,"turns":4},{"damage":24,"enemies":"Shelled Parasite and Fungi","floor":30,"turns":7},{"damage":28,"enemies":"Cultist and Chosen","floor":31,"turns":10}],"seed_played":"654892167946615640","potions_obtained":[{"floor":1,"key":"Fire Potion"},{"floor":5,"key":"Fire Potion"},{"floor":12,"key":"SpeedPotion"},{"floor":16,"key":"Explosive Potion"},{"floor":21,"key":"Regen Potion"},{"floor":30,"key":"SteroidPotion"}],"is_trial":false,"path_per_floor":["M","?","?","?","M","R","$","E","T","?","M","M","R","M","R","B",null,"M","$","?","M","?","R","?","?","T","M","R","M","M","M"],"character_chosen":"DEFECT","items_purchased":["Leap","Apotheosis"],"campfire_rested":4,"item_purchase_floors":[7,19],"current_hp_per_floor":[68,73,73,53,46,70,70,39,39,39,39,36,60,49,73,26,67,50,50,50,50,50,50,50,39,44,30,54,36,27,0],"gold":151,"neow_bonus":"BOSS_RELIC","is_prod":false,"is_daily":false,"chose_seed":false,"campfire_upgraded":1,"win_rate":0,"timestamp":1541605843,"path_taken":["M","?","?","?","?","R","?","E","T","?","M","M","R","M","R","BOSS","M","?","?","M","?","R","?","?","T","M","R","M","M","M"],"build_version":"2018-11-01","purchased_purges":0,"victory":false,"max_hp_per_floor":[75,80,80,80,80,80,80,80,80,80,80,80,80,80,80,80,80,80,80,80,80,80,80,80,80,80,80,80,80,80,80],"card_choices":[{"not_picked":["Barrage","Blizzard"],"picked":"Compile Driver","floor":1},{"not_picked":["Sweeping Beam","Redo"],"picked":"Capacitor","floor":5},{"not_picked":["Streamline","Reprogram","Stack"],"picked":"SKIP","floor":8},{"not_picked":["Turbo","Steam"],"picked":"Auto Shields","floor":11},{"not_picked":["Sweeping Beam","Gash"],"picked":"Cold Snap","floor":12},{"not_picked":["Stack","Double Energy"],"picked":"Sunder","floor":14},{"not_picked":["Meteor Strike","Hyperbeam"],"picked":"Fission","floor":16},{"not_picked":["Chill","Rebound"],"picked":"Hologram","floor":18},{"not_picked":["Hologram+1","Gash"],"picked":"Undo","floor":21},{"not_picked":["Force Field","Loop+1"],"picked":"Self Repair","floor":27},{"not_picked":["Tempest","Fission","Loop"],"picked":"SKIP","floor":29},{"not_picked":["Storm+1","Rebound"],"picked":"Conserve Battery+1","floor":30}],"player_experience":440274,"relics_obtained":[{"floor":8,"key":"Potion Belt"},{"floor":9,"key":"War Paint"},{"floor":26,"key":"Art of War"}],"event_choices":[{"damage_healed":0,"gold_gain":0,"player_choice":"Donut","damage_taken":0,"max_hp_gain":5,"max_hp_loss":0,"event_name":"Big Fish","floor":2,"gold_loss":0},{"cards_removed":["Strike_B"],"damage_healed":0,"gold_gain":0,"player_choice":"Card Removal","damage_taken":0,"max_hp_gain":0,"max_hp_loss":0,"event_name":"The Cleric","floor":3,"gold_loss":50},{"damage_healed":0,"gold_gain":0,"player_choice":"Take Damage","damage_taken":20,"relics_obtained":["Golden Idol"],"max_hp_gain":0,"max_hp_loss":0,"event_name":"Golden Idol","floor":4,"gold_loss":0},{"damage_healed":0,"gold_gain":0,"player_choice":"Paid Gold","damage_taken":0,"relics_obtained":["Bronze Scales"],"max_hp_gain":0,"max_hp_loss":0,"event_name":"WeMeetAgain","floor":10,"gold_loss":89},{"damage_healed":0,"gold_gain":0,"player_choice":"Gave Idol","damage_taken":0,"relics_obtained":["Bloody Idol"],"max_hp_gain":0,"max_hp_loss":0,"event_name":"Forgotten Altar","floor":20,"relics_lost":["Golden Idol"],"gold_loss":0},{"damage_healed":0,"gold_gain":0,"player_choice":"Read","damage_taken":0,"max_hp_gain":0,"max_hp_loss":0,"event_name":"The Library","floor":22,"gold_loss":0,"cards_obtained":["Machine Learning"]},{"damage_healed":0,"gold_gain":0,"player_choice":"Ignored","damage_taken":0,"max_hp_gain":0,"max_hp_loss":0,"event_name":"Vampires","floor":24,"gold_loss":0},{"damage_healed":0,"gold_gain":0,"player_choice":"Fight","damage_taken":0,"max_hp_gain":0,"max_hp_loss":0,"event_name":"Colosseum","floor":25,"gold_loss":0},{"damage_healed":0,"gold_gain":0,"player_choice":"Fled From Nobs","damage_taken":0,"max_hp_gain":0,"max_hp_loss":0,"event_name":"Colosseum","floor":25,"gold_loss":0}],"is_beta":false,"boss_relics":[{"not_picked":["Runic Dome","Ectoplasm"],"picked":"Black Star"}],"items_purged_floors":[],"is_endless":false,"potions_floor_spawned":[1,5,12,16,21,30],"killed_by":"Cultist and Chosen","ascension_level":10}