{"gold_per_floor":[365,171,199,226,250,289,321,352,364,376,413,311,324,324,324,324],"floor_reached":16,"playtime":1407,"items_purged":["Strike_R"],"score":177,"play_id":"470bf55f-5c2d-48c8-935a-481d60923f7f","local_time":"20181009101133","is_ascension_mode":true,"campfire_choices":[{"floor":10,"key":"REST"},{"floor":15,"key":"REST"}],"neow_cost":"PERCENT_DAMAGE","seed_source_timestamp":1377553435145446,"circlet_count":0,"master_deck":["Strike_R","Strike_R","Strike_R","Strike_R","Defend_R","Defend_R","Defend_R","Defend_R","Bash","AscendersBane","Thunderclap","Dropkick"],"relics":["Burning Blood","MawBank","Paper Frog","Frozen Egg 2","Ancient Tea Set","Regal Pillow"],"potions_floor_usage":[5,6,8,13,16],"damage_taken":[{"damage":1,"enemies":"Cultist","floor":1,"turns":4},{"damage":0,"enemies":"2 Louse","floor":3,"turns":3},{"damage":0,"enemies":"Small Slimes","floor":4,"turns":3},{"damage":3,"enemies":"3 Louse","floor":5,"turns":4},{"damage":55,"enemies":"3 Sentries","floor":6,"turns":10},{"damage":17,"enemies":"Looter","floor":7,"turns":3},{"damage":6,"enemies":"Exordium Wildlife","floor":8,"turns":4},{"damage":26,"enemies":"Gremlin Nob","floor":11,"turns":4},{"damage":11,"enemies":"Red Slaver","floor":13,"turns":4},{"damage":58,"enemies":"Slime Boss","floor":16,"turns":9}],"seed_played":"-1483780774712291782","potions_obtained":[{"floor":3,"key":"SpeedPotion"},{"floor":4,"key":"FearPotion"},{"floor":6,"key":"GamblersBrew"},{"floor":7,"key":"SteroidPotion"},{"floor":13,"key":"AttackPotion"}],"is_trial":false,"path_per_floor":["M","$","M","M","M","E","M","M","T","R","E","$","M","?","R"],"character_chosen":"IRONCLAD","items_purchased":["Perfected Strike","MawBank","Dropkick"],"campfire_rested":2,"item_purchase_floors":[2,2,12],"current_hp_per_floor":[56,56,62,68,71,22,11,11,11,35,15,15,10,10,49,0],"gold":324,"neow_bonus":"TWO_FIFTY_GOLD","is_prod":false,"is_daily":false,"chose_seed":false,"campfire_upgraded":0,"win_rate":0,"timestamp":1539072693,"path_taken":["M","$","M","M","M","E","M","M","T","R","E","?","?","?","R","BOSS"],"build_version":"2018-10-04v2","purchased_purges":1,"victory":false,"max_hp_per_floor":[80,80,80,80,80,80,80,80,80,80,80,80,80,80,80,80],"card_choices":[{"not_picked":["Wild Strike","Flex","Havoc"],"picked":"SKIP","floor":1},{"not_picked":["Evolve","Cleave","Combust"],"picked":"SKIP","floor":3},{"not_picked":["Disarm","Havoc"],"picked":"Thunderclap","floor":4},{"not_picked":["Rage","True Grit","Limit Break"],"picked":"SKIP","floor":5},{"not_picked":["Armaments","Inflame","Heavy Blade"],"picked":"SKIP","floor":6},{"not_picked":["Body Slam","Havoc","True Grit"],"picked":"SKIP","floor":7},{"not_picked":["Entrench","Warcry","Sever Soul"],"picked":"SKIP","floor":8},{"not_picked":["Second Wind","Feel No Pain+1","Thunderclap"],"picked":"SKIP","floor":11},{"not_picked":["Fire Breathing+1","Combust+1","Warcry"],"picked":"SKIP","floor":13}],"player_experience":240062,"relics_obtained":[{"floor":6,"key":"Paper Frog"},{"floor":9,"key":"Frozen Egg 2"},{"floor":11,"key":"Ancient Tea Set"}],"event_choices":[{"event_name":"WeMeetAgain","player_choice":"Card","floor":14,"damage_taken":0}],"is_beta":false,"boss_relics":[],"items_purged_floors":[12],"is_endless":false,"potions_floor_spawned":[3,4,6,7,13],"killed_by":"Slime Boss","ascension_level":11}