{"gold_per_floor":[10,10,85,85,10,10,28,28,103,122,135,35,66,16,16,115,115,132,47,47,67,86,86,120,120,120,136,65,65,98,114,114,215,215,228,103,120,120,138,138,138,88,112,112,128,158,158,158,158,158],"floor_reached":50,"playtime":1096,"items_purged":["Defend_R","Strike_R","Strike_R","Dropkick","Bash+1"],"score":556,"play_id":"966a62e4-f671-4b5d-9a56-e23becb47b69","local_time":"20191022172848","is_ascension_mode":false,"campfire_choices":[{"data":"Flex","floor":6.0,"key":"SMITH"},{"data":"Clash","floor":8.0,"key":"SMITH"},{"data":"Bash","floor":15.0,"key":"SMITH"},{"data":"Heavy Blade","floor":23.0,"key":"SMITH"},{"data":"Impervious","floor":25.0,"key":"SMITH"},{"data":"Clash","floor":32.0,"key":"SMITH"},{"data":"Uppercut","floor":40,"key":"SMITH"},{"data":"Rampage","floor":47,"key":"SMITH"},{"floor":49,"key":"RECALL"}],"neow_cost":"NO_GOLD","seed_source_timestamp":454312912942099,"circlet_count":0,"master_deck":["Flex+1","Clash+1","Impervious+1","Heavy Blade+1","Clash+1","Rampage+1","Uppercut+1","Seeing Red+1","Flex+1"],"special_seed":0,"relics":["Black Blood","Sundial","Smiling Mask","Empty Cage","Pantograph","Strawberry","Happy Flower","Vajra","Bottled Flame","Lantern"],"potions_floor_usage":[39,46,50,50,50],"damage_taken":[{"damage":6.0,"enemies":"Cultist","floor":1.0,"turns":3.0},{"damage":0.0,"enemies":"Small Slimes","floor":7.0,"turns":3.0},{"damage":0.0,"enemies":"Jaw Worm","floor":10.0,"turns":1.0},{"damage":7.0,"enemies":"Blue Slaver","floor":11.0,"turns":2.0},{"damage":45.0,"enemies":"3 Sentries","floor":13.0,"turns":7.0},{"damage":36.0,"enemies":"Hexaghost","floor":16.0,"turns":5.0},{"damage":10.0,"enemies":"2 Thieves","floor":18.0,"turns":3.0},{"damage":0.0,"enemies":"Spheric Guardian","floor":21.0,"turns":3.0},{"damage":0.0,"enemies":"Centurion and Healer","floor":22.0,"turns":3.0},{"damage":24.0,"enemies":"Gremlin Leader","floor":24.0,"turns":4.0},{"damage":9.0,"enemies":"3 Cultists","floor":27.0,"turns":4.0},{"damage":51.0,"enemies":"Slavers","floor":30.0,"turns":6.0},{"damage":5.0,"enemies":"Chosen and Byrds","floor":31.0,"turns":3.0},{"damage":45.0,"enemies":"Automaton","floor":33.0,"turns":7.0},{"damage":14.0,"enemies":"3 Shapes","floor":35.0,"turns":3.0},{"damage":0.0,"enemies":"3 Darklings","floor":37.0,"turns":4.0},{"damage":32,"enemies":"Spire Growth","floor":39,"turns":3},{"damage":22,"enemies":"4 Shapes","floor":45,"turns":7},{"damage":22,"enemies":"Reptomancer","floor":46,"turns":4},{"damage":96,"enemies":"Donu and Deca","floor":50,"turns":7}],"seed_played":"-3760499731421729702","potions_obtained":[{"floor":1.0,"key":"BloodPotion"},{"floor":10.0,"key":"FearPotion"},{"floor":22.0,"key":"Block Potion"},{"floor":24.0,"key":"BloodPotion"},{"floor":27.0,"key":"Weak Potion"},{"floor":33.0,"key":"FearPotion"},{"floor":35.0,"key":"LiquidMemories"},{"floor":45,"key":"EssenceOfSteel"},{"floor":46,"key":"GamblersBrew"},{"floor":48,"key":"Strength Potion"},{"floor":48,"key":"SkillPotion"}],"is_trial":false,"path_per_floor":["M","$","?","?","$","R","M","R","T","M","M","$","E","$","R","B",null,"M","?","?","M","M","R","E","R","T","M","$","?","E","M","R","B",null,"M","$","M","?","M","R","?","$","T","T","M","E","R","?","R","B"],"character_chosen":"IRONCLAD","items_purchased":["Dropkick","Uppercut"],"campfire_rested":0,"item_purchase_floors":[28,36],"current_hp_per_floor":[80,80,69,62,62,62,68,68,68,74,73,73,34,34,34,20,80,76,76,76,80,80,80,69,69,69,66,66,87,42,43,43,29,87,85,85,87,87,67,67,67,67,67,67,57,47,47,47,47,0],"gold":158,"neow_bonus":"REMOVE_TWO","is_prod":false,"is_daily":false,"chose_seed":false,"campfire_upgraded":8,"win_rate":0,"timestamp":1571758128,"path_taken":["M","?","?","?","?","R","M","R","T","M","?","$","E","$","R","BOSS","M","?","?","?","?","R","E","R","T","M","$","?","E","?","R","BOSS","M","$","M","?","M","R","?","$","T","?","?","E","R","?","R","BOSS"],"build_version":"2019-10-21","purchased_purges":5,"victory":false,"max_hp_per_floor":[80,80,80,80,80,80,80,80,80,80,80,80,80,80,80,80,80,80,80,80,80,80,80,87,87,87,87,87,87,87,87,87,87,87,87,87,87,87,87,87,87,87,87,87,87,87,87,87,87,87],"card_choices":[{"not_picked":["Shrug It Off","Body Slam"],"picked":"Flex","floor":1.0},{"not_picked":["Whirlwind","Heavy Blade"],"picked":"Clash","floor":7.0},{"not_picked":["Pommel Strike","Wild Strike","True Grit"],"picked":"SKIP","floor":10.0},{"not_picked":["Sever Soul","Entrench","Dark Embrace"],"picked":"SKIP","floor":11.0},{"not_picked":["Carnage","Bloodletting","Whirlwind"],"picked":"SKIP","floor":13.0},{"not_picked":["Reaper","Juggernaut"],"picked":"Impervious","floor":16.0},{"not_picked":["Headbutt","Wild Strike","Dark Embrace"],"picked":"SKIP","floor":18.0},{"not_picked":["Thunderclap","Headbutt+1","Bloodletting"],"picked":"SKIP","floor":21.0},{"not_picked":["Iron Wave","Dark Embrace+1"],"picked":"Heavy Blade","floor":22.0},{"not_picked":["Intimidate","Hemokinesis+1","Uppercut"],"picked":"SKIP","floor":24.0},{"not_picked":["True Grit","Disarm","Carnage+1"],"picked":"SKIP","floor":27.0},{"not_picked":["Metallicize","Body Slam","Bludgeon"],"picked":"SKIP","floor":30.0},{"not_picked":["Havoc","Evolve"],"picked":"Clash","floor":31.0},{"not_picked":["Feel No Pain+1","Havoc"],"picked":"Rampage","floor":35.0},{"not_picked":["Inflame","Shrug It Off"],"picked":"Seeing Red+1","floor":37.0},{"not_picked":["Twin Strike","Headbutt+1","Clash"],"picked":"SKIP","floor":39},{"not_picked":["Dual Wield","Body Slam+1","Fiend Fire"],"picked":"SKIP","floor":45},{"not_picked":["Seeing Red","Body Slam+1"],"picked":"Flex+1","floor":46}],"player_experience":879732,"relics_obtained":[{"floor":9.0,"key":"Sundial"},{"floor":13.0,"key":"Smiling Mask"},{"floor":24.0,"key":"Strawberry"},{"floor":30.0,"key":"Happy Flower"},{"floor":43,"key":"Vajra"},{"floor":44,"key":"Bottled Flame"},{"floor":46,"key":"Lantern"}],"event_choices":[{"damage_healed":0.0,"max_hp_gain":0.0,"max_hp_loss":0.0,"gold_gain":75.0,"event_name":"World of Goop","player_choice":"Gather Gold","floor":3.0,"gold_loss":0.0,"damage_taken":11.0},{"cards_removed":["Defend_R"],"damage_healed":0.0,"max_hp_gain":0.0,"max_hp_loss":0.0,"gold_gain":0.0,"event_name":"Golden Wing","player_choice":"Card Removal","floor":4.0,"gold_loss":0.0,"damage_taken":7.0},{"damage_healed":0.0,"max_hp_gain":0.0,"max_hp_loss":0.0,"gold_gain":0.0,"event_name":"Addict","player_choice":"Obtained Relic","floor":19.0,"gold_loss":85.0,"damage_taken":0.0,"relics_obtained":["Pantograph"]},{"cards_removed":["Strike_R"],"damage_healed":0.0,"max_hp_gain":0.0,"max_hp_loss":0.0,"gold_gain":0.0,"event_name":"Back to Basics","player_choice":"Elegance","floor":20.0,"gold_loss":0.0,"damage_taken":0.0},{"damage_healed":21.0,"max_hp_gain":0.0,"max_hp_loss":0.0,"gold_gain":0.0,"event_name":"Wheel of Change","player_choice":"Full Heal","floor":29.0,"gold_loss":0.0,"damage_taken":0.0},{"damage_healed":0.0,"max_hp_gain":0.0,"max_hp_loss":0.0,"gold_gain":0.0,"event_name":"SensoryStone","player_choice":"Memory 1","floor":38.0,"gold_loss":0.0,"damage_taken":0.0},{"damage_healed":0,"gold_gain":0,"player_choice":"Ignored","damage_taken":0,"max_hp_gain":0,"max_hp_loss":0,"event_name":"Tomb of Lord Red Mask","floor":41,"gold_loss":0},{"damage_healed":0,"gold_gain":0,"player_choice":"Got Potions","damage_taken":0,"max_hp_gain":0,"max_hp_loss":0,"event_name":"Lab","floor":48,"gold_loss":0}],"is_beta":true,"boss_relics":[{"not_picked":["Astrolabe","Runic Dome"],"picked":"Empty Cage"},{"not_picked":["Runic Pyramid","Pandora\u0027s Box"],"picked":"Black Blood"}],"items_purged_floors":[5,12,14,36,42],"is_endless":false,"potions_floor_spawned":[1,10,22,24,27,33,35,45,46],"killed_by":"Donu and Deca","ascension_level":0}