{"gold_per_floor":[109,122,140,155,169,169,185,213,213,164,89,54,54,54,54,149,149,166,183,20,20,20],"floor_reached":22,"playtime":1187,"items_purged":["Strike_B"],"score":251,"play_id":"babd74ec-d0aa-4e72-a45b-1fc6b8716c76","local_time":"20181112224350","is_ascension_mode":true,"campfire_choices":[{"data":"Zap","floor":6.0,"key":"SMITH"},{"data":"Redo","floor":13.0,"key":"SMITH"},{"data":"Defragment","floor":15.0,"key":"SMITH"}],"neow_cost":"NONE","seed_source_timestamp":1862482390638,"circlet_count":0,"master_deck":["Strike_B","Strike_B","Defend_B","Defend_B","Defend_B","Zap+1","Dualcast","Consume","Conserve Battery","Sunder","Hologram","Redo+1","Defragment+1","Self Repair","Seek","Gash","Go for the Eyes","Compile Driver","Recycle","Go for the Eyes","FTL","Fission"],"special_seed":0,"relics":["Cracked Core","Shovel","Ornamental Fan","Orrery"],"potions_floor_usage":[22],"damage_taken":[{"damage":6.0,"enemies":"Cultist","floor":1.0,"turns":4.0},{"damage":12.0,"enemies":"Small Slimes","floor":2.0,"turns":4.0},{"damage":2.0,"enemies":"Jaw Worm","floor":3.0,"turns":4.0},{"damage":5.0,"enemies":"2 Fungi Beasts","floor":4.0,"turns":4.0},{"damage":15.0,"enemies":"Lots of Slimes","floor":5.0,"turns":4.0},{"damage":6.0,"enemies":"Looter","floor":7.0,"turns":4.0},{"damage":13.0,"enemies":"Gremlin Nob","floor":8.0,"turns":3.0},{"damage":26.0,"enemies":"Slime Boss","floor":16.0,"turns":10.0},{"damage":33.0,"enemies":"Spheric Guardian","floor":18.0,"turns":4.0},{"damage":13,"enemies":"2 Thieves","floor":19,"turns":4},{"damage":31,"enemies":"Cultist and Chosen","floor":22,"turns":4}],"seed_played":"-982800427542973051","potions_obtained":[{"floor":5.0,"key":"LiquidBronze"},{"floor":7.0,"key":"Poison Potion"},{"floor":16.0,"key":"Strength Potion"},{"floor":18.0,"key":"SteroidPotion"}],"is_trial":false,"path_per_floor":["M","M","M","M","M","R","M","E","T","?","$","?","R","?","R","B",null,"M","M","$","$","M"],"character_chosen":"DEFECT","items_purchased":["Fission"],"campfire_rested":0,"item_purchase_floors":[20],"current_hp_per_floor":[62,50,48,43,28,28,22,9,9,9,9,27,27,27,27,8,58,32,26,26,26,0],"gold":20,"neow_bonus":"TRANSFORM_CARD","is_prod":false,"is_daily":false,"chose_seed":false,"campfire_upgraded":3,"win_rate":0,"timestamp":1542033830,"path_taken":["M","M","M","M","M","R","?","E","T","?","$","?","R","?","R","BOSS","M","M","?","$","M"],"build_version":"2018-11-08","purchased_purges":1,"victory":false,"max_hp_per_floor":[75,75,75,75,75,75,75,75,75,75,75,75,75,75,75,75,75,75,75,75,75,75],"card_choices":[{"not_picked":["Barrage","Leap"],"picked":"Conserve Battery","floor":1.0},{"not_picked":["Leap","Static Discharge"],"picked":"Sunder","floor":2.0},{"not_picked":["Turbo","Rebound"],"picked":"Hologram","floor":3.0},{"not_picked":["Turbo","Stack"],"picked":"Redo","floor":4.0},{"not_picked":["Hologram","Stack"],"picked":"Defragment","floor":5.0},{"not_picked":["Streamline","Turbo","Barrage"],"picked":"SKIP","floor":7.0},{"not_picked":["Stack","Conserve Battery"],"picked":"Self Repair","floor":8.0},{"not_picked":["Core Surge","Creative AI"],"picked":"Seek","floor":16.0},{"not_picked":["Redo","Ball Lightning"],"picked":"Gash","floor":17.0},{"not_picked":["Sweeping Beam","Redo"],"picked":"Go for the Eyes","floor":17.0},{"not_picked":["Double Energy","Static Discharge"],"picked":"Compile Driver","floor":17.0},{"not_picked":["Coolheaded","Barrage"],"picked":"Recycle","floor":17.0},{"not_picked":["Cold Snap","Streamline"],"picked":"Go for the Eyes","floor":18.0},{"not_picked":["Chill","Redo"],"picked":"FTL","floor":19}],"player_experience":417855,"relics_obtained":[{"floor":8.0,"key":"Shovel"},{"floor":9.0,"key":"Ornamental Fan"}],"event_choices":[{"damage_healed":0.0,"max_hp_gain":0.0,"max_hp_loss":0.0,"gold_gain":0.0,"event_name":"World of Goop","player_choice":"Left Gold","floor":10.0,"gold_loss":49.0,"damage_taken":0.0},{"damage_healed":18.0,"max_hp_gain":0.0,"max_hp_loss":0.0,"gold_gain":0.0,"event_name":"The Cleric","player_choice":"Healed","floor":12.0,"gold_loss":35.0,"damage_taken":0.0},{"cards_removed":["Defend_B"],"damage_healed":0.0,"max_hp_gain":0.0,"max_hp_loss":0.0,"gold_gain":0.0,"event_name":"Purifier","player_choice":"Purged","floor":14.0,"gold_loss":0.0,"damage_taken":0.0}],"is_beta":false,"boss_relics":[{"not_picked":["FrozenCore","Coffee Dripper"],"picked":"Orrery"}],"items_purged_floors":[11],"is_endless":false,"potions_floor_spawned":[5,7,16,18],"killed_by":"Cultist and Chosen","ascension_level":7}