{"gold_per_floor":[111,111,28,38,53,53,88,88,141,155,155,180,196,214,214,214],"floor_reached":16,"playtime":317,"items_purged":[],"score":274,"play_id":"671f412c-678e-4ead-ae28-29488eb24cd7","local_time":"20190415165843","is_ascension_mode":true,"campfire_choices":[{"data":"Sunder","floor":6,"key":"SMITH"},{"data":"Defragment","floor":8,"key":"SMITH"},{"data":"Streamline","floor":11,"key":"SMITH"},{"floor":15,"key":"REST"}],"neow_cost":"NONE","seed_source_timestamp":364749278699496,"circlet_count":0,"master_deck":["AscendersBane","Strike_B","Strike_B","Strike_B+1","Strike_B+1","Defend_B","Defend_B","Defend_B","Defend_B","Zap","Dualcast","Loop","Streamline+1","Defragment+1","Conserve Battery","Sunder+1","Leap","Amplify"],"special_seed":0,"relics":["Cracked Core","PreservedInsect","Whetstone","The Courier"],"potions_floor_usage":[7],"damage_taken":[{"damage":1.0,"enemies":"Cultist","floor":1.0,"turns":3.0},{"damage":6.0,"enemies":"2 Louse","floor":4.0,"turns":2.0},{"damage":7,"enemies":"Jaw Worm","floor":5,"turns":2},{"damage":10,"enemies":"Gremlin Nob","floor":7,"turns":3},{"damage":6,"enemies":"Looter","floor":10,"turns":3},{"damage":0,"enemies":"3 Sentries","floor":12,"turns":4},{"damage":6,"enemies":"Blue Slaver","floor":13,"turns":2},{"damage":7,"enemies":"3 Louse","floor":14,"turns":3},{"damage":37,"enemies":"The Guardian","floor":16,"turns":9}],"seed_played":"3910307111683228682","potions_obtained":[{"floor":2.0,"key":"SneckoOil"},{"floor":2.0,"key":"Fire Potion"},{"floor":5,"key":"FocusPotion"},{"floor":7,"key":"Swift Potion"}],"is_trial":false,"path_per_floor":["M","?","$","M","M","R","E","R","T","M","R","E","M","M","R","B"],"character_chosen":"DEFECT","items_purchased":["Defragment"],"campfire_rested":1,"item_purchase_floors":[3],"current_hp_per_floor":[63,63,63,57,50,50,40,40,40,34,34,34,28,21,42,5],"gold":214,"neow_bonus":"THREE_CARDS","is_prod":false,"is_daily":false,"chose_seed":false,"campfire_upgraded":3,"win_rate":0,"timestamp":1555340323,"path_taken":["M","?","$","M","M","R","E","R","T","M","R","E","M","M","R","BOSS"],"build_version":"2019-01-23","purchased_purges":0,"victory":false,"max_hp_per_floor":[71,71,71,71,71,71,71,71,71,71,71,71,71,71,71,71],"card_choices":[{"not_picked":["Hologram","Sweeping Beam"],"picked":"Loop","floor":0.0},{"not_picked":["Conserve Battery","Redo"],"picked":"Streamline","floor":1.0},{"not_picked":["Hologram","Sweeping Beam"],"picked":"Conserve Battery","floor":4.0},{"not_picked":["Go for the Eyes","Genetic Algorithm"],"picked":"Sunder","floor":5},{"not_picked":["Multi-Cast","Rebound","Cold Snap"],"picked":"SKIP","floor":7},{"not_picked":["Redo","Reinforced Body"],"picked":"Leap","floor":10},{"not_picked":["Fusion","Rebound"],"picked":"Amplify","floor":12},{"not_picked":["Compile Driver","Sweeping Beam","Rip and Tear"],"picked":"SKIP","floor":13},{"not_picked":["Gash","Streamline","Hologram"],"picked":"SKIP","floor":14}],"player_experience":837133,"relics_obtained":[{"floor":7,"key":"PreservedInsect"},{"floor":9,"key":"Whetstone"},{"floor":12,"key":"The Courier"}],"event_choices":[{"damage_healed":0.0,"max_hp_gain":0.0,"max_hp_loss":0.0,"gold_gain":0.0,"event_name":"Lab","player_choice":"Got Potions","floor":2.0,"gold_loss":0.0,"damage_taken":0.0}],"is_beta":false,"boss_relics":[],"items_purged_floors":[],"is_endless":false,"potions_floor_spawned":[5,7,13],"killed_by":"The Guardian","ascension_level":20}