{"gold_per_floor":[19,30,30,43,62,95,95,108,108,108,108,108,135,146,146,247,247,261,261,272,291,310,310,342,342,342,376,475,475,485,410,410,515,515,532,387,403,32,46,46,80,180,180,180,180,180,200,210,210,210],"floor_reached":51,"playtime":4139,"items_purged":["Pain","Strike_G","Strike_G"],"score":940,"play_id":"4b25c9c8-e293-4161-aadc-235f30903aeb","local_time":"20181027023337","is_ascension_mode":true,"campfire_choices":[{"data":"Prepared","floor":7.0,"key":"SMITH"},{"data":"Acrobatics","floor":12.0,"key":"SMITH"},{"floor":15.0,"key":"REST"},{"data":"Tools of the Trade","floor":23.0,"key":"SMITH"},{"data":"Adrenaline","floor":25.0,"key":"SMITH"},{"floor":32.0,"key":"REST"},{"data":"After Image","floor":40,"key":"SMITH"},{"data":"Skewer","floor":44,"key":"SMITH"},{"data":"Eviscerate","floor":46,"key":"SMITH"},{"floor":49,"key":"REST"}],"neow_cost":"NO_GOLD","seed_source_timestamp":0,"circlet_count":0,"master_deck":["Defend_G","Defend_G","Defend_G","Strike_G","Strike_G","Survivor","Neutralize","Dagger Spray","Prepared+1","Skewer+1","Eviscerate+1","Acrobatics+1","Underhanded Strike","Tools of the Trade+1","Adrenaline+1","Prepared+1","Dagger Throw","Dagger Throw","Backflip","After Image+1","Backflip+1","Acrobatics","Reflex+1","Quick Slash+1","Infinite Blades+1","Eviscerate+1"],"special_seed":0,"relics":["Ring of the Snake","Vajra","Ninja Scroll","WarpedTongs","PreservedInsect","Runic Dome","Gambling Chip","Sundial","Nloth\u0027s Gift","HoveringKite","Bottled Tornado","Potion Belt","Calipers","Oddly Smooth Stone"],"potions_floor_usage":[35,50,50,50],"damage_taken":[{"damage":2.0,"enemies":"Jaw Worm","floor":1.0,"turns":4.0},{"damage":0.0,"enemies":"Cultist","floor":2.0,"turns":3.0},{"damage":1.0,"enemies":"2 Louse","floor":4.0,"turns":2.0},{"damage":0.0,"enemies":"Gremlin Gang","floor":5.0,"turns":3.0},{"damage":47.0,"enemies":"3 Sentries","floor":6.0,"turns":9.0},{"damage":0.0,"enemies":"3 Louse","floor":8.0,"turns":1.0},{"damage":7.0,"enemies":"Lagavulin","floor":13.0,"turns":3.0},{"damage":4.0,"enemies":"Exordium Thugs","floor":14.0,"turns":3.0},{"damage":29.0,"enemies":"The Guardian","floor":16.0,"turns":11.0},{"damage":0.0,"enemies":"Spheric Guardian","floor":18.0,"turns":2.0},{"damage":1.0,"enemies":"Shell Parasite","floor":20.0,"turns":2.0},{"damage":3.0,"enemies":"Shelled Parasite and Fungi","floor":21.0,"turns":3.0},{"damage":22.0,"enemies":"Cultist and Chosen","floor":22.0,"turns":4.0},{"damage":1.0,"enemies":"Slavers","floor":24.0,"turns":2.0},{"damage":1.0,"enemies":"Gremlin Leader","floor":27.0,"turns":2.0},{"damage":0.0,"enemies":"Snake Plant","floor":30.0,"turns":2.0},{"damage":35.0,"enemies":"Automaton","floor":33.0,"turns":5.0},{"damage":12,"enemies":"3 Shapes","floor":35,"turns":3},{"damage":0,"enemies":"Orb Walker","floor":37,"turns":1},{"damage":0,"enemies":"Transient","floor":39,"turns":5},{"damage":2,"enemies":"Giant Head","floor":41,"turns":4},{"damage":0,"enemies":"Mind Bloom Boss Battle","floor":42,"turns":4},{"damage":9,"enemies":"Spire Growth","floor":47,"turns":3},{"damage":8,"enemies":"Jaw Worm Horde","floor":48,"turns":2},{"damage":38,"enemies":"Donu and Deca","floor":50,"turns":7}],"seed_played":"651388020759238361","potions_obtained":[{"floor":2.0,"key":"Poison Potion"},{"floor":6.0,"key":"Explosive Potion"},{"floor":8.0,"key":"GamblersBrew"},{"floor":14.0,"key":"GhostInAJar"},{"floor":16.0,"key":"Swift Potion"},{"floor":24.0,"key":"FearPotion"},{"floor":27.0,"key":"Swift Potion"},{"floor":33.0,"key":"Swift Potion"},{"floor":39,"key":"Poison Potion"},{"floor":42,"key":"Swift Potion"},{"floor":47,"key":"Block Potion"}],"is_trial":false,"path_per_floor":["M","M","?","M","M","E","R","M","T","?","?","R","E","M","R","B",null,"M","?","M","M","M","R","E","R","T","E","?","?","M","$","R","B",null,"M","$","M","$","M","R","E","?","T","R","?","R","M","M","R","B"],"character_chosen":"THE_SILENT","items_purchased":["Acrobatics","Bottled Tornado"],"campfire_rested":3,"item_purchase_floors":[36,38],"current_hp_per_floor":[68,68,68,67,67,20,20,20,20,20,20,20,13,9,30,1,53,53,53,52,49,27,27,26,26,26,25,25,25,25,25,46,11,55,43,43,43,43,43,43,41,41,41,41,41,41,32,24,43,5],"gold":210,"neow_bonus":"REMOVE_TWO","is_prod":false,"is_daily":false,"chose_seed":false,"campfire_upgraded":7,"win_rate":0,"timestamp":1540578817,"path_taken":["M","M","?","?","M","E","R","M","T","?","?","R","E","M","R","BOSS","M","?","M","M","?","R","E","R","T","E","?","?","M","$","R","BOSS","M","$","M","$","M","R","E","?","T","R","?","R","M","M","R","BOSS"],"build_version":"2018-10-25v2","purchased_purges":3,"victory":true,"max_hp_per_floor":[70,70,70,70,70,70,70,70,70,70,70,70,70,70,70,70,70,70,70,70,70,70,70,70,70,70,70,70,70,70,70,70,70,70,70,70,70,70,70,70,70,70,70,70,66,66,66,66,66,66],"card_choices":[{"not_picked":["Dodge and Roll","Endless Agony"],"picked":"Dagger Spray","floor":1.0},{"not_picked":["Well Laid Plans","Noxious Fumes"],"picked":"Prepared","floor":2.0},{"not_picked":["Footwork","Blade Dance"],"picked":"Skewer","floor":4.0},{"not_picked":["Sucker Punch","Cloak And Dagger"],"picked":"Eviscerate","floor":5.0},{"not_picked":["Venomology","Riddle With Holes"],"picked":"Acrobatics","floor":6.0},{"not_picked":["Leg Sweep","Blade Dance","Dagger Spray"],"picked":"SKIP","floor":8.0},{"not_picked":["Riddle With Holes","Underhanded Strike"],"picked":"Tools of the Trade","floor":13.0},{"not_picked":["Underhanded Strike","Quick Slash","Leg Sweep"],"picked":"SKIP","floor":14.0},{"not_picked":["Venomology","Glass Knife"],"picked":"Adrenaline","floor":16.0},{"not_picked":["Footwork","Underhanded Strike","Quick Slash"],"picked":"SKIP","floor":18.0},{"not_picked":["Masterful Stab+1","Slice","Catalyst"],"picked":"SKIP","floor":20.0},{"not_picked":["PiercingWail","Eviscerate"],"picked":"Dagger Throw","floor":21.0},{"not_picked":["Heel Hook","Caltrops"],"picked":"Dagger Throw","floor":22.0},{"not_picked":["Doppelganger","PiercingWail+1"],"picked":"Backflip","floor":24.0},{"not_picked":["Quick Slash","Dash","Underhanded Strike"],"picked":"SKIP","floor":27.0},{"not_picked":["Riddle With Holes","Cloak And Dagger","Bouncing Flask"],"picked":"SKIP","floor":30.0},{"not_picked":["Doppelganger","A Thousand Cuts"],"picked":"After Image","floor":33.0},{"not_picked":["Bane+1","Poisoned Stab"],"picked":"Backflip+1","floor":35},{"not_picked":["Accuracy","Leg Sweep"],"picked":"Reflex+1","floor":37},{"not_picked":["Skewer+1","Quick Slash+1","Accuracy+1"],"picked":"SKIP","floor":39},{"not_picked":["Skewer+1","Accuracy+1"],"picked":"Quick Slash+1","floor":39},{"not_picked":["Dagger Spray","Backflip+1","Poisoned Stab"],"picked":"SKIP","floor":41},{"not_picked":["Masterful Stab+1","Setup"],"picked":"Infinite Blades+1","floor":42},{"not_picked":["Deadly Poison","Sucker Punch","Distraction"],"picked":"SKIP","floor":47},{"not_picked":["Catalyst+1","Poisoned Stab+1"],"picked":"Eviscerate+1","floor":48}],"player_experience":347511,"relics_obtained":[{"floor":6.0,"key":"Vajra"},{"floor":9.0,"key":"Ninja Scroll"},{"floor":13.0,"key":"PreservedInsect"},{"floor":24.0,"key":"Gambling Chip"},{"floor":26.0,"key":"Sundial"},{"floor":27.0,"key":"Dream Catcher"},{"floor":41,"key":"Potion Belt"},{"floor":42,"key":"Calipers"},{"floor":43,"key":"Oddly Smooth Stone"}],"event_choices":[{"cards_removed":["Strike_G"],"damage_healed":0.0,"max_hp_gain":0.0,"max_hp_loss":0.0,"gold_gain":0.0,"event_name":"Purifier","player_choice":"Purged","floor":3.0,"gold_loss":0.0,"damage_taken":0.0},{"damage_healed":0.0,"max_hp_gain":0.0,"max_hp_loss":0.0,"gold_gain":0.0,"event_name":"Accursed Blacksmith","player_choice":"Rummage","floor":10.0,"gold_loss":0.0,"damage_taken":0.0,"relics_obtained":["WarpedTongs"],"cards_obtained":["Pain"]},{"damage_healed":0.0,"max_hp_gain":0.0,"max_hp_loss":0.0,"gold_gain":0.0,"event_name":"Match and Keep!","player_choice":"1 cards matched","floor":11.0,"gold_loss":0.0,"damage_taken":0.0,"cards_obtained":["Underhanded Strike"]},{"damage_healed":0.0,"max_hp_gain":0.0,"max_hp_loss":0.0,"gold_gain":0.0,"event_name":"Duplicator","player_choice":"Copied","floor":19.0,"gold_loss":0.0,"damage_taken":0.0,"cards_obtained":["Prepared"]},{"damage_healed":0.0,"max_hp_gain":0.0,"max_hp_loss":0.0,"gold_gain":99.0,"event_name":"Nest","player_choice":"Stole From Cult","floor":28.0,"gold_loss":0.0,"damage_taken":0.0},{"damage_healed":0.0,"max_hp_gain":0.0,"max_hp_loss":0.0,"gold_gain":0.0,"event_name":"N\u0027loth","player_choice":"Traded Relic","floor":29.0,"relics_lost":["Dream Catcher"],"gold_loss":0.0,"damage_taken":0.0,"relics_obtained":["Nloth\u0027s Gift"]},{"damage_healed":0,"gold_gain":0,"player_choice":"Fight","damage_taken":0,"max_hp_gain":0,"max_hp_loss":0,"event_name":"MindBloom","floor":42,"gold_loss":0},{"damage_healed":0,"gold_gain":0,"player_choice":"Max HP","damage_taken":0,"max_hp_gain":0,"max_hp_loss":4,"event_name":"Winding Halls","floor":45,"gold_loss":0}],"is_beta":false,"boss_relics":[{"not_picked":["Calling Bell","Lizard Tail"],"picked":"Runic Dome"},{"not_picked":["Coffee Dripper","Philosopher\u0027s Stone"],"picked":"HoveringKite"}],"items_purged_floors":[31,36,38],"is_endless":false,"potions_floor_spawned":[2,6,8,14,16,24,27,33,39,42,47],"ascension_level":5}