{"gold_per_floor":[111,127,127,147,165,165,180,180,207,224,240,256,274,284,284,383,383,400,412,412,423,348,348,362,213,213,224,149,161,161,178,178,178],"floor_reached":33,"playtime":741,"items_purged":["Decay","Defend_R"],"score":274,"play_id":"bcca55db-113e-4738-953c-619214d127f3","local_time":"20181104232641","is_ascension_mode":false,"campfire_choices":[{"data":"Flex","floor":6.0,"key":"SMITH"},{"floor":15.0,"key":"REST"},{"floor":23,"key":"REST"},{"floor":32,"key":"REST"}],"neow_cost":"NONE","seed_source_timestamp":133014521854207,"circlet_count":0,"master_deck":["Strike_R","Strike_R","Strike_R","Strike_R","Strike_R","Defend_R","Defend_R","Bash+1","Inflame","Flex+1","Flex","Spot Weakness","Carnage","Feed","Cleave","Spot Weakness","Heavy Blade","Offering","Heavy Blade"],"special_seed":0,"relics":["Burning Blood"],"potions_floor_usage":[24,27,31,31,31],"damage_taken":[{"damage":5.0,"enemies":"2 Louse","floor":1.0,"turns":4.0},{"damage":17.0,"enemies":"Small Slimes","floor":2.0,"turns":4.0},{"damage":6.0,"enemies":"Cultist","floor":4.0,"turns":3.0},{"damage":8.0,"enemies":"Gremlin Gang","floor":5.0,"turns":3.0},{"damage":22.0,"enemies":"Exordium Thugs","floor":7.0,"turns":5.0},{"damage":11.0,"enemies":"2 Fungi Beasts","floor":10.0,"turns":3.0},{"damage":12.0,"enemies":"Blue Slaver","floor":11.0,"turns":3.0},{"damage":1.0,"enemies":"3 Louse","floor":12.0,"turns":2.0},{"damage":11.0,"enemies":"Lots of Slimes","floor":13.0,"turns":4.0},{"damage":5.0,"enemies":"Looter","floor":14.0,"turns":2.0},{"damage":67.0,"enemies":"The Guardian","floor":16.0,"turns":8.0},{"damage":52.0,"enemies":"2 Thieves","floor":18.0,"turns":5.0},{"damage":38.0,"enemies":"Shell Parasite","floor":19.0,"turns":4.0},{"damage":12.0,"enemies":"Shelled Parasite and Fungi","floor":21.0,"turns":2.0},{"damage":16,"enemies":"Sentry and Sphere","floor":24,"turns":3},{"damage":26,"enemies":"Centurion and Healer","floor":27,"turns":5},{"damage":16,"enemies":"Chosen and Byrds","floor":29,"turns":4},{"damage":10,"enemies":"Shelled Parasite and Fungi","floor":31,"turns":3},{"damage":52,"enemies":"Champ","floor":33,"turns":3}],"seed_played":"-1263536163931819594","potions_obtained":[{"floor":1.0,"key":"BloodPotion"},{"floor":4.0,"key":"Explosive Potion"},{"floor":7.0,"key":"Strength Potion"},{"floor":10.0,"key":"FearPotion"},{"floor":13.0,"key":"Swift Potion"},{"floor":18.0,"key":"Strength Potion"},{"floor":21.0,"key":"Block Potion"},{"floor":24,"key":"Strength Potion"},{"floor":29,"key":"BloodPotion"}],"is_trial":false,"path_per_floor":["M","M","?","M","M","R","M","?","T","M","M","M","M","M","R","B",null,"M","M","?","M","$","R","M","$","T","M","?","M","T","M","R","B"],"character_chosen":"IRONCLAD","items_purchased":["Block Potion"],"campfire_rested":3,"item_purchase_floors":[25],"current_hp_per_floor":[80,69,69,69,67,67,51,51,51,49,46,51,49,50,76,15,89,46,14,14,17,17,44,37,37,37,20,20,10,10,15,44,0],"gold":178,"neow_bonus":"UPGRADE_CARD","is_prod":false,"is_daily":false,"chose_seed":false,"campfire_upgraded":1,"win_rate":0,"timestamp":1541370401,"path_taken":["M","M","?","M","M","R","M","?","T","?","M","M","M","?","R","BOSS","M","M","?","M","$","R","M","$","T","M","?","M","?","M","R","BOSS"],"build_version":"2018-11-02","purchased_purges":2,"victory":false,"max_hp_per_floor":[80,80,80,80,80,80,80,80,80,83,86,86,89,89,89,89,89,92,92,92,92,92,92,95,95,95,98,98,98,98,98,98,98],"card_choices":[{"not_picked":["Infernal Blade","Sword Boomerang"],"picked":"Inflame","floor":1.0},{"not_picked":["Sword Boomerang","Flame Barrier"],"picked":"Flex","floor":2.0},{"not_picked":["Shockwave","Thunderclap"],"picked":"Flex","floor":4.0},{"not_picked":["Combust","Infernal Blade"],"picked":"Spot Weakness","floor":5.0},{"not_picked":["Wild Strike","Headbutt"],"picked":"Carnage","floor":7.0},{"not_picked":["Anger","True Grit"],"picked":"Cleave","floor":10.0},{"not_picked":["Clothesline","Metallicize","Rupture"],"picked":"SKIP","floor":11.0},{"not_picked":["Offering","Headbutt"],"picked":"Spot Weakness","floor":12.0},{"not_picked":["Pommel Strike","Iron Wave","Searing Blow"],"picked":"SKIP","floor":13.0},{"not_picked":["Sword Boomerang","Perfected Strike"],"picked":"Heavy Blade","floor":14.0},{"not_picked":["Dark Embrace","Exhume"],"picked":"Offering","floor":16.0},{"not_picked":["Armaments","Warcry+1","Infernal Blade"],"picked":"SKIP","floor":18.0},{"not_picked":["Clash+1","Searing Blow+1","Iron Wave"],"picked":"SKIP","floor":19.0},{"not_picked":["Dual Wield+1","Cleave+1","Havoc"],"picked":"SKIP","floor":21.0},{"not_picked":["Uppercut","Inflame"],"picked":"Heavy Blade","floor":24},{"not_picked":["Shrug It Off","Heavy Blade","Sever Soul+1"],"picked":"SKIP","floor":27},{"not_picked":["Evolve","Iron Wave","True Grit"],"picked":"SKIP","floor":29},{"not_picked":["Shrug It Off","Wild Strike","Metallicize"],"picked":"SKIP","floor":31}],"player_experience":739662,"relics_obtained":[],"event_choices":[{"damage_healed":0.0,"max_hp_gain":0.0,"max_hp_loss":0.0,"gold_gain":0.0,"event_name":"Scrap Ooze","player_choice":"Fled","floor":3.0,"gold_loss":0.0,"damage_taken":0.0},{"damage_healed":0.0,"max_hp_gain":0.0,"max_hp_loss":0.0,"gold_gain":0.0,"event_name":"Match and Keep!","player_choice":"1 cards matched","floor":8.0,"gold_loss":0.0,"damage_taken":0.0,"cards_obtained":["Feed"]},{"damage_healed":0.0,"max_hp_gain":0.0,"max_hp_loss":0.0,"gold_gain":0.0,"event_name":"Forgotten Altar","player_choice":"Smashed Altar","floor":20.0,"gold_loss":0.0,"damage_taken":0.0,"cards_obtained":["Decay"]},{"cards_removed":["Defend_R"],"damage_healed":0,"gold_gain":0,"player_choice":"Gave Gold","damage_taken":0,"max_hp_gain":0,"max_hp_loss":0,"event_name":"Beggar","floor":28,"gold_loss":75}],"is_beta":true,"boss_relics":[{"not_picked":["Calling Bell","Snecko Eye","Black Blood"]}],"items_purged_floors":[22,25],"is_endless":false,"potions_floor_spawned":[1,4,7,10,13,16,18,21,24,29],"killed_by":"Champ","ascension_level":0}