{"gold_per_floor":[369,369,4,21,21,47,47,73,127,138,138,151,31,47,47,150,150,150],"floor_reached":18,"playtime":854,"items_purged":["Strike_B"],"score":238,"play_id":"d09ce154-98ae-4ca8-bb28-509072f2c56b","local_time":"20180715013655","is_ascension_mode":true,"campfire_choices":[{"data":"Zap","floor":7,"key":"SMITH"},{"floor":11,"key":"REST"},{"floor":15,"key":"REST"}],"neow_cost":"CURSE","seed_source_timestamp":137957192157156,"circlet_count":0,"master_deck":["Strike_B","Strike_B","Strike_B","Defend_B","Defend_B","Defend_B","Defend_B","Zap+1","Dualcast","Gash","Streamline","Coolheaded","Leap","Beam Cell","Coolheaded","Streamline","Fission"],"relics":["Cracked Core","Incense Burner","Centennial Puzzle","Happy Flower","Boot","Inserter"],"potions_floor_usage":[16],"damage_taken":[{"damage":0,"enemies":"2 Louse","floor":1,"turns":2},{"damage":4,"enemies":"Jaw Worm","floor":4,"turns":3},{"damage":20,"enemies":"Lagavulin","floor":6,"turns":9},{"damage":24,"enemies":"3 Sentries","floor":8,"turns":8},{"damage":1,"enemies":"Cultist","floor":10,"turns":3},{"damage":12,"enemies":"Exordium Wildlife","floor":12,"turns":4},{"damage":4,"enemies":"2 Fungi Beasts","floor":14,"turns":2},{"damage":33,"enemies":"Hexaghost","floor":16,"turns":9},{"damage":11,"enemies":"Shell Parasite","floor":18,"turns":4}],"seed_played":"-8579326691784844636","potions_obtained":[{"floor":6,"key":"FearPotion"},{"floor":14,"key":"AttackPotion"},{"floor":16,"key":"Poison Potion"}],"is_trial":false,"path_per_floor":["M","?","$","M","$","E","R","E","T","M","R","M","$","M","R","B",null],"character_chosen":"DEFECT","items_purchased":["Streamline","Incense Burner","Coolheaded"],"campfire_rested":2,"item_purchase_floors":[3,3,13],"current_hp_per_floor":[68,61,61,57,57,37,37,13,13,12,33,21,21,17,38,5,55,44],"gold":150,"neow_bonus":"TWO_FIFTY_GOLD","is_prod":false,"is_daily":false,"chose_seed":false,"campfire_upgraded":1,"win_rate":0,"timestamp":1531611415,"path_taken":["M","?","$","M","?","E","R","E","T","M","R","M","$","M","R","BOSS","M"],"build_version":"2018-07-13","purchased_purges":1,"victory":false,"max_hp_per_floor":[75,72,72,72,72,72,72,72,72,72,72,72,72,72,72,72,72,72],"card_choices":[{"not_picked":["Barrage","Go for the Eyes"],"picked":"Gash","floor":1},{"not_picked":["Aggregate","Barrage"],"picked":"Coolheaded","floor":4},{"not_picked":["Compile Driver","Rip and Tear","Static Discharge"],"picked":"SKIP","floor":6},{"not_picked":["Core Surge","Auto Shields"],"picked":"Leap","floor":8},{"not_picked":["Rip and Tear","Steam","Compile Driver"],"picked":"SKIP","floor":10},{"not_picked":["Steam","Coolheaded"],"picked":"Beam Cell","floor":12},{"not_picked":["Compile Driver","Thunder Strike"],"picked":"Streamline","floor":14},{"not_picked":["Rainbow","Echo Form"],"picked":"Fission","floor":16}],"player_experience":396627,"relics_obtained":[{"floor":6,"key":"Centennial Puzzle"},{"floor":8,"key":"Happy Flower"},{"floor":9,"key":"Boot"}],"event_choices":[{"event_name":"Golden Wing","player_choice":"Card Removal","floor":2,"damage_taken":0}],"boss_relics":[{"not_picked":["Empty Cage","Velvet Choker"],"picked":"Inserter"}],"items_purged_floors":[13],"is_endless":false,"potions_floor_spawned":[6,14,16],"killed_by":"Shell Parasite","ascension_level":8}