{"gold_per_floor":[116,127,127,12,28,28,44,76,131,166,166],"floor_reached":11,"playtime":192,"items_purged":[],"score":166,"play_id":"ab398f35-4426-420d-b850-0c41a0cb8a50","local_time":"20191010151959","is_ascension_mode":true,"campfire_choices":[{"data":"Streamline","floor":6,"key":"SMITH"}],"neow_cost":"NONE","seed_source_timestamp":13292734852752,"circlet_count":0,"master_deck":["AscendersBane","Strike_B","Strike_B","Strike_B","Strike_B","Defend_B","Defend_B","Defend_B","Defend_B","Zap","Dualcast","Redo","Streamline+1","Static Discharge","Leap","Echo Form"],"relics":["Cracked Core","NeowsBlessing","Orichalcum","Tiny Chest","Potion Belt"],"potions_floor_usage":[8,10],"damage_taken":[{"damage":0,"enemies":"Cultist","floor":1,"turns":1},{"damage":0,"enemies":"2 Louse","floor":2,"turns":1},{"damage":0,"enemies":"Small Slimes","floor":5,"turns":1},{"damage":3,"enemies":"2 Fungi Beasts","floor":7,"turns":3},{"damage":26,"enemies":"Lagavulin","floor":8,"turns":7},{"damage":28,"enemies":"Gremlin Nob","floor":10,"turns":4},{"damage":0,"enemies":"Exordium Thugs","floor":11,"turns":2}],"seed_played":"-981381828455936878","potions_obtained":[{"floor":2,"key":"AttackPotion"},{"floor":8,"key":"AttackPotion"}],"is_trial":false,"path_per_floor":["M","M","$","$","M","R","M","E","T","E","M"],"character_chosen":"DEFECT","items_purchased":["Static Discharge","Leap"],"campfire_rested":0,"item_purchase_floors":[4,4],"current_hp_per_floor":[64,64,64,64,64,64,61,35,35,7,7],"gold":166,"neow_bonus":"THREE_ENEMY_KILL","is_prod":false,"is_daily":false,"chose_seed":false,"campfire_upgraded":1,"win_rate":0,"timestamp":1570713599,"path_taken":["M","M","?","$","?","R","M","E","T","E","M"],"build_version":"2019-10-09","purchased_purges":0,"victory":false,"max_hp_per_floor":[71,71,71,71,71,71,71,71,71,71,71],"card_choices":[{"not_picked":["Hologram","Undo"],"picked":"Redo","floor":1},{"not_picked":["Coolheaded","Consume"],"picked":"Streamline","floor":2},{"not_picked":["Hello World","Rebound","Reinforced Body"],"picked":"SKIP","floor":5},{"not_picked":["Coolheaded","Barrage","Stack"],"picked":"SKIP","floor":7},{"not_picked":["Steam","Capacitor"],"picked":"Echo Form","floor":8},{"not_picked":["Rebound","Streamline","Multi-Cast"],"picked":"SKIP","floor":10}],"player_experience":839631,"relics_obtained":[{"floor":8,"key":"Orichalcum"},{"floor":9,"key":"Tiny Chest"},{"floor":10,"key":"Potion Belt"}],"event_choices":[],"is_beta":true,"boss_relics":[],"items_purged_floors":[],"is_endless":false,"potions_floor_spawned":[2,8],"killed_by":"Exordium Thugs","ascension_level":20}