{"gold_per_floor":[115,132,149,168,179,7,33,49,49,78,90,115,127,139,151,265,277,301,324,336,3,3,3,3,33,33,33,33,33,58,75,75,75],"floor_reached":33,"playtime":1912,"items_purged":[],"score":475,"play_id":"34c2a3f4-7348-4044-b0a8-643582287e1d","local_time":"20180730143232","is_ascension_mode":true,"campfire_choices":[{"data":"Streamline","floor":11,"key":"SMITH"},{"data":"Zap","floor":15,"key":"SMITH"},{"data":"Thunder Strike","floor":23,"key":"SMITH"},{"data":"Capacitor","floor":28,"key":"SMITH"},{"floor":32,"key":"REST"}],"neow_cost":"","seed_source_timestamp":14025228666745,"circlet_count":0,"master_deck":["Strike_B","Strike_B","Strike_B","Defend_B","Defend_B","Defend_B","Defend_B","Zap+1","Dualcast","Coolheaded","FTL","Streamline+1","Conserve Battery","Gash","Self Repair","Reboot+1","Cold Snap","Coolheaded","Conserve Battery","Thunder Strike+1","Double Energy+1","Conserve Battery","Reboot+1","Capacitor+1","Shame","Writhe","Conserve Battery","Leap"],"relics":["Cracked Core","Ancient Tea Set","Symbiotic Virus","MawBank","Pen Nib","Cursed Key","DollysMirror","Juzu Bracelet","Bag of Marbles","Art of War","Incense Burner","DataDisk"],"potions_floor_usage":[8,10,16,30,33,33],"damage_taken":[{"damage":1,"enemies":"Cultist","floor":1,"turns":3},{"damage":6,"enemies":"Small Slimes","floor":2,"turns":4},{"damage":1,"enemies":"2 Louse","floor":3,"turns":2},{"damage":12,"enemies":"Blue Slaver","floor":4,"turns":3},{"damage":0,"enemies":"3 Louse","floor":5,"turns":4},{"damage":6,"enemies":"Gremlin Gang","floor":8,"turns":6},{"damage":20,"enemies":"Lagavulin","floor":10,"turns":4},{"damage":0,"enemies":"Large Slime","floor":12,"turns":3},{"damage":22,"enemies":"Slime Boss","floor":16,"turns":12},{"damage":7,"enemies":"Shell Parasite","floor":18,"turns":3},{"damage":3,"enemies":"Chosen","floor":19,"turns":6},{"damage":0,"enemies":"Slavers","floor":25,"turns":6},{"damage":28,"enemies":"Gremlin Leader","floor":30,"turns":9},{"damage":9,"enemies":"Centurion and Healer","floor":31,"turns":7},{"damage":66,"enemies":"Automaton","floor":33,"turns":12}],"seed_played":"5636304575322609477","potions_obtained":[{"floor":2,"key":"Dexterity Potion"},{"floor":4,"key":"EssenceOfSteel"},{"floor":10,"key":"SpeedPotion"},{"floor":12,"key":"Poison Potion"},{"floor":19,"key":"Weak Potion"},{"floor":30,"key":"Swift Potion"}],"is_trial":false,"path_per_floor":["M","M","M","M","M","$","T","M","T","E","R","M","?","T","R","B",null,"M","M","?","$","?","R","?","E","T","$","R","?","E","M","R"],"character_chosen":"DEFECT","items_purchased":["Self Repair","Reboot","DollysMirror","Juzu Bracelet"],"campfire_rested":1,"item_purchase_floors":[6,6,21,21],"current_hp_per_floor":[67,61,60,48,48,48,48,49,49,36,36,43,43,43,43,28,63,56,60,60,60,46,46,46,53,53,53,53,53,32,30,54,0],"gold":75,"neow_bonus":"","is_prod":false,"is_daily":false,"chose_seed":false,"campfire_upgraded":4,"win_rate":0,"timestamp":1532953952,"path_taken":["M","M","M","M","M","$","?","M","T","E","R","M","?","?","R","BOSS","M","M","?","$","?","R","?","E","T","?","R","?","E","M","R","BOSS"],"build_version":"2018-07-26","purchased_purges":0,"victory":false,"max_hp_per_floor":[75,75,75,75,75,75,75,75,75,75,75,75,75,75,75,75,75,75,75,75,75,80,80,80,80,80,80,80,80,80,80,80,80],"card_choices":[{"not_picked":["Rebound","Fusion"],"picked":"Coolheaded","floor":1},{"not_picked":["Heatsinks","Redo"],"picked":"FTL","floor":2},{"not_picked":["Darkness","Beam Cell"],"picked":"Streamline","floor":3},{"not_picked":["Gash","Reinforced Body"],"picked":"Conserve Battery","floor":4},{"not_picked":["Darkness","Barrage"],"picked":"Gash","floor":5},{"not_picked":["Coolheaded","Heatsinks"],"picked":"Cold Snap","floor":8},{"not_picked":["Hello World","Biased Cognition"],"picked":"Coolheaded","floor":10},{"not_picked":["Loop","Turbo"],"picked":"Conserve Battery","floor":12},{"not_picked":["Amplify","Buffer"],"picked":"Thunder Strike","floor":16},{"not_picked":["Ball Lightning","Turbo"],"picked":"Double Energy+1","floor":18},{"not_picked":["Coolheaded","Doom and Gloom"],"picked":"Conserve Battery","floor":19},{"not_picked":["Hologram","Sweeping Beam"],"picked":"Capacitor","floor":25},{"not_picked":["Rip and Tear+1","Chill"],"picked":"Conserve Battery","floor":30},{"not_picked":["Coolheaded","Recycle+1"],"picked":"Leap","floor":31}],"player_experience":461784,"relics_obtained":[{"floor":7,"key":"Ancient Tea Set"},{"floor":9,"key":"Symbiotic Virus"},{"floor":10,"key":"MawBank"},{"floor":14,"key":"Pen Nib"},{"floor":25,"key":"Bag of Marbles"},{"floor":26,"key":"Art of War"},{"floor":30,"key":"DataDisk"}],"event_choices":[{"event_name":"Upgrade Shrine","player_choice":"Upgraded","floor":13,"damage_taken":0},{"event_name":"Bonfire Elementals","player_choice":"BASIC","floor":20,"damage_taken":0},{"event_name":"Forgotten Altar","player_choice":"Shed Blood","floor":22,"damage_taken":0},{"event_name":"Drug Dealer","player_choice":"Ignored","floor":24,"damage_taken":0},{"event_name":"The Mausoleum","player_choice":"Yes","floor":29,"damage_taken":0}],"is_beta":true,"boss_relics":[{"not_picked":["Nuclear Battery","Philosopher\u0027s Stone"],"picked":"Cursed Key"}],"items_purged_floors":[],"is_endless":false,"potions_floor_spawned":[2,4,10,12,19,30],"killed_by":"Automaton","ascension_level":9}