{"gold_per_floor":[115,115,125,143,156,185,185,88,88,112,112,123,123,123,123,224,224,239,250,105,119,46,77,92,111,111,111,111,111,126,143,143,240,240,253,90,90,108,128,128,144,154,177,208,227,252,252,267,267,267],"floor_reached":51,"playtime":2930,"items_purged":["Strike_B","Strike_B","Strike_B"],"score":783,"play_id":"39abe7b2-9b22-46d4-947a-796374e0c54d","local_time":"20181113225504","is_ascension_mode":false,"campfire_choices":[{"data":"Defragment","floor":7.0,"key":"SMITH"},{"data":"Zap","floor":11.0,"key":"SMITH"},{"data":"Coolheaded","floor":13.0,"key":"SMITH"},{"floor":15.0,"key":"REST"},{"data":"Dualcast","floor":27.0,"key":"SMITH"},{"data":"Reboot","floor":29.0,"key":"SMITH"},{"data":"Lockon","floor":32,"key":"SMITH"},{"data":"Defragment","floor":40,"key":"SMITH"},{"data":"Sunder","floor":47,"key":"SMITH"},{"data":"Conserve Battery","floor":49,"key":"SMITH"}],"neow_cost":"TEN_PERCENT_HP_LOSS","seed_source_timestamp":33409044577639,"circlet_count":0,"master_deck":["Strike_B","Defend_B","Defend_B+1","Defend_B","Defend_B+1","Zap+1","Dualcast+1","Defragment+1","Conserve Battery+1","Leap","Ball Lightning","Coolheaded+1","Reboot+1","Cold Snap","White Noise+1","Sunder+1","Lockon+1","Defragment+1","Defragment+1","Barrage+1","Cold Snap","Parasite","Ball Lightning"],"special_seed":0,"relics":["Cracked Core","Nunchaku","CultistMask","Darkstone Periapt","Blue Candle","Centennial Puzzle","Busted Crown","Bottled Lightning","Bird Faced Urn","MutagenicStrength","Nuclear Battery","Lantern","War Paint","Boot"],"potions_floor_usage":[30,31,35,41,42,50,50,50],"damage_taken":[{"damage":0.0,"enemies":"Small Slimes","floor":1.0,"turns":3.0},{"damage":1.0,"enemies":"Cultist","floor":3.0,"turns":3.0},{"damage":7.0,"enemies":"Jaw Worm","floor":4.0,"turns":4.0},{"damage":17.0,"enemies":"Lots of Slimes","floor":5.0,"turns":4.0},{"damage":24.0,"enemies":"3 Sentries","floor":6.0,"turns":8.0},{"damage":3.0,"enemies":"Red Slaver","floor":12.0,"turns":3.0},{"damage":0.0,"enemies":"The Guardian","floor":16.0,"turns":13.0},{"damage":0.0,"enemies":"Spheric Guardian","floor":18.0,"turns":3.0},{"damage":7.0,"enemies":"3 Byrds","floor":19.0,"turns":4.0},{"damage":0.0,"enemies":"Cultist and Chosen","floor":21.0,"turns":7.0},{"damage":12.0,"enemies":"Book of Stabbing","floor":23.0,"turns":5.0},{"damage":0.0,"enemies":"Sentry and Sphere","floor":24.0,"turns":4.0},{"damage":3.0,"enemies":"Shelled Parasite and Fungi","floor":25.0,"turns":6.0},{"damage":20,"enemies":"Snecko","floor":30,"turns":4},{"damage":0,"enemies":"Cultist and Chosen","floor":31,"turns":6},{"damage":9,"enemies":"Champ","floor":33,"turns":7},{"damage":12,"enemies":"3 Darklings","floor":35,"turns":4},{"damage":13,"enemies":"3 Shapes","floor":38,"turns":4},{"damage":0,"enemies":"Transient","floor":39,"turns":5},{"damage":3,"enemies":"4 Shapes","floor":41,"turns":4},{"damage":0,"enemies":"Sphere and 2 Shapes","floor":42,"turns":1},{"damage":18,"enemies":"Nemesis","floor":44,"turns":7},{"damage":0,"enemies":"Spire Growth","floor":45,"turns":4},{"damage":0,"enemies":"Reptomancer","floor":46,"turns":4},{"damage":0,"enemies":"Writhing Mass","floor":48,"turns":5},{"damage":12,"enemies":"Awakened One","floor":50,"turns":11}],"seed_played":"-4470733861940255555","potions_obtained":[{"floor":3.0,"key":"Weak Potion"},{"floor":6.0,"key":"Block Potion"},{"floor":12.0,"key":"Ancient Potion"},{"floor":16.0,"key":"Weak Potion"},{"floor":19.0,"key":"PowerPotion"},{"floor":21.0,"key":"SpeedPotion"},{"floor":25.0,"key":"Fire Potion"},{"floor":30,"key":"Explosive Potion"},{"floor":33,"key":"FocusPotion"},{"floor":38,"key":"EssenceOfSteel"},{"floor":41,"key":"SmokeBomb"},{"floor":42,"key":"Ancient Potion"},{"floor":44,"key":"Explosive Potion"},{"floor":48,"key":"Dexterity Potion"}],"is_trial":false,"path_per_floor":["M","?","M","M","M","E","R","$","T","T","R","M","R","?","R","B",null,"M","M","$","M","$","E","M","M","T","R","?","R","M","M","R","B",null,"M","$","?","M","M","R","M","M","T","E","M","E","R","M","R","B",null],"character_chosen":"DEFECT","items_purchased":["Ball Lightning","Cold Snap","Sunder","Defragment"],"campfire_rested":1,"item_purchase_floors":[8,20,22,36],"current_hp_per_floor":[68,68,67,60,43,19,19,19,19,19,19,16,16,16,36,36,68,68,61,61,61,61,49,49,46,46,46,46,46,26,30,30,41,68,58,58,68,59,67,67,68,68,68,52,60,68,68,74,74,62],"gold":267,"neow_bonus":"ONE_RARE_RELIC","is_prod":false,"is_daily":false,"chose_seed":false,"campfire_upgraded":9,"win_rate":0,"timestamp":1542120904,"path_taken":["M","?","?","M","M","E","R","$","T","?","R","M","R","?","R","BOSS","M","M","?","M","$","E","?","M","T","R","?","R","M","M","R","BOSS","M","$","?","M","M","R","M","M","T","E","M","E","R","?","R","BOSS"],"build_version":"2018-11-08","purchased_purges":3,"victory":true,"max_hp_per_floor":[68,68,68,68,68,68,68,68,68,68,68,68,68,68,68,68,68,68,68,68,68,68,68,68,68,68,68,68,68,68,68,68,68,68,68,68,68,68,68,68,68,68,68,68,68,68,68,74,74,74],"card_choices":[{"not_picked":["Steam","Undo","Blizzard"],"picked":"SKIP","floor":1.0},{"not_picked":["Fusion","Cold Snap"],"picked":"Defragment","floor":3.0},{"not_picked":["Streamline","Barrage"],"picked":"Conserve Battery","floor":4.0},{"not_picked":["Fusion","Recycle","Conserve Battery"],"picked":"SKIP","floor":5.0},{"not_picked":["Static Discharge","BootSequence"],"picked":"Leap","floor":6.0},{"not_picked":["Melter","Static Discharge"],"picked":"Coolheaded","floor":12.0},{"not_picked":["Hyperbeam","Seek"],"picked":"Reboot","floor":16.0},{"not_picked":["Scrape+1"],"picked":"SKIP","floor":18.0},{"not_picked":["Conserve Battery"],"picked":"SKIP","floor":19.0},{"not_picked":[],"picked":"White Noise+1","floor":21.0},{"not_picked":[],"picked":"Lockon","floor":23.0},{"not_picked":["Darkness+1"],"picked":"SKIP","floor":24.0},{"not_picked":["Fusion"],"picked":"SKIP","floor":25.0},{"not_picked":["Static Discharge"],"picked":"SKIP","floor":30},{"not_picked":[],"picked":"Defragment+1","floor":31},{"not_picked":["Turbo+1"],"picked":"SKIP","floor":35},{"not_picked":["Streamline"],"picked":"SKIP","floor":38},{"not_picked":[],"picked":"Barrage+1","floor":39},{"not_picked":["Hologram"],"picked":"SKIP","floor":41},{"not_picked":[],"picked":"Cold Snap","floor":42},{"not_picked":["Steam"],"picked":"SKIP","floor":44},{"not_picked":["Glacier"],"picked":"SKIP","floor":45},{"not_picked":["Hologram"],"picked":"SKIP","floor":46},{"not_picked":[],"picked":"Ball Lightning","floor":48}],"player_experience":430708,"relics_obtained":[{"floor":6.0,"key":"Darkstone Periapt"},{"floor":9.0,"key":"Blue Candle"},{"floor":10.0,"key":"Centennial Puzzle"},{"floor":23.0,"key":"Bottled Lightning"},{"floor":26.0,"key":"Bird Faced Urn"},{"floor":43,"key":"Lantern"},{"floor":44,"key":"War Paint"},{"floor":46,"key":"Boot"}],"event_choices":[{"damage_healed":0.0,"max_hp_gain":0.0,"max_hp_loss":0.0,"gold_gain":0.0,"event_name":"FaceTrader","player_choice":"Trade","floor":2.0,"gold_loss":0.0,"damage_taken":0.0,"relics_obtained":["CultistMask"]},{"damage_healed":0.0,"max_hp_gain":0.0,"max_hp_loss":0.0,"gold_gain":0.0,"event_name":"Lab","player_choice":"Got Potions","floor":14.0,"gold_loss":0.0,"damage_taken":0.0},{"damage_healed":0.0,"max_hp_gain":0.0,"max_hp_loss":0.0,"gold_gain":0.0,"event_name":"Drug Dealer","player_choice":"Inject Mutagens","floor":28.0,"gold_loss":0.0,"damage_taken":0.0,"relics_obtained":["MutagenicStrength"]},{"damage_healed":10,"gold_gain":0,"player_choice":"Full Heal","damage_taken":0,"max_hp_gain":0,"max_hp_loss":0,"event_name":"Wheel of Change","floor":37,"gold_loss":0}],"is_beta":false,"boss_relics":[{"not_picked":["Cursed Key","Lizard Tail"],"picked":"Busted Crown"},{"not_picked":["Orrery","Snecko Eye"],"picked":"Nuclear Battery"}],"items_purged_floors":[8,20,36],"is_endless":false,"potions_floor_spawned":[3,6,12,16,19,21,25,30,33,38,41,42,44,48],"ascension_level":0}