{"gold_per_floor":[118,191,70,245,258,258,289,289,344,356,369,369],"floor_reached":12,"playtime":465,"items_purged":["Strike_B"],"score":101,"play_id":"589a5b63-f6af-4696-b67b-1ad6e21f9919","local_time":"20181030140002","is_ascension_mode":true,"campfire_choices":[{"data":"Zap","floor":6.0,"key":"SMITH"},{"floor":8,"key":"REST"}],"neow_cost":"PERCENT_DAMAGE","seed_source_timestamp":9981241081809,"circlet_count":0,"master_deck":["Strike_B","Strike_B","Strike_B","Defend_B","Defend_B","Defend_B","Defend_B","Zap+1","Dualcast","Fission","Scrape","Gash","Doubt","Defragment","Auto Shields","Darkness","Machine Learning"],"special_seed":0,"relics":["Cracked Core","Bottled Flame","Bird Faced Urn","Tiny Chest"],"potions_floor_usage":[11],"damage_taken":[{"damage":0.0,"enemies":"Cultist","floor":1.0,"turns":4.0},{"damage":0.0,"enemies":"Small Slimes","floor":5.0,"turns":2.0},{"damage":47.0,"enemies":"Lagavulin","floor":7.0,"turns":8.0},{"damage":1,"enemies":"Jaw Worm","floor":10,"turns":4},{"damage":16,"enemies":"Exordium Thugs","floor":11,"turns":5},{"damage":15,"enemies":"3 Louse","floor":12,"turns":1}],"seed_played":"-5120997868831665259","potions_obtained":[{"floor":7,"key":"FocusPotion"},{"floor":10,"key":"Block Potion"},{"floor":11,"key":"FocusPotion"}],"is_trial":false,"path_per_floor":["M","T","$","?","M","R","E","R","T","M","M"],"character_chosen":"DEFECT","items_purchased":["Gash"],"campfire_rested":1,"item_purchase_floors":[3],"current_hp_per_floor":[50,50,50,50,50,50,3,25,25,26,12,0],"gold":369,"neow_bonus":"THREE_RARE_CARDS","is_prod":false,"is_daily":false,"chose_seed":false,"campfire_upgraded":1,"win_rate":0,"timestamp":1540879202,"path_taken":["M","?","$","?","M","R","E","R","T","M","M","?"],"build_version":"2018-10-25v2","purchased_purges":1,"victory":false,"max_hp_per_floor":[75,75,75,75,75,75,75,75,75,75,75,75],"card_choices":[{"not_picked":["Creative AI","Echo Form"],"picked":"Fission","floor":0.0},{"not_picked":["Sweeping Beam","Barrage"],"picked":"Scrape","floor":1.0},{"not_picked":["Coolheaded","Hologram"],"picked":"Defragment","floor":5.0},{"not_picked":["Heatsinks","Compile Driver"],"picked":"Auto Shields","floor":7},{"not_picked":["Turbo","Doom and Gloom"],"picked":"Darkness","floor":10},{"not_picked":["Compile Driver","BootSequence"],"picked":"Machine Learning","floor":11}],"player_experience":378870,"relics_obtained":[{"floor":2.0,"key":"Bottled Flame"},{"floor":7,"key":"Bird Faced Urn"},{"floor":9,"key":"Tiny Chest"}],"event_choices":[{"damage_healed":0.0,"max_hp_gain":0.0,"max_hp_loss":0.0,"gold_gain":175.0,"event_name":"Liars Game","player_choice":"AGREE","floor":4.0,"gold_loss":0.0,"damage_taken":0.0,"cards_obtained":["Doubt"]}],"is_beta":false,"boss_relics":[],"items_purged_floors":[3],"is_endless":false,"potions_floor_spawned":[7,10,11],"killed_by":"3 Louse","ascension_level":6}