{"gold_per_floor":[110,128,143,156,81,108,108,133,160,160,15,35,35,35,35,35],"floor_reached":16,"playtime":542,"items_purged":[],"score":193,"play_id":"4e33d717-0c75-48c7-8435-54322f492ee8","local_time":"20181001202516","is_ascension_mode":true,"campfire_choices":[{"floor":7.0,"key":"REST"},{"floor":15.0,"key":"REST"}],"neow_cost":"","seed_source_timestamp":33620913782287,"circlet_count":0,"master_deck":["Strike_R","Strike_R","Strike_R","Strike_R","Strike_R","Defend_R","Defend_R","Bash","AscendersBane","Disarm","Cleave","Pommel Strike","Headbutt","Reaper","Double Tap","Cleave","Barricade"],"special_seed":0,"relics":["Burning Blood","Dodecahedron","Happy Flower","Pen Nib","Art of War"],"potions_floor_usage":[16],"damage_taken":[{"damage":6.0,"enemies":"Cultist","floor":1.0,"turns":3.0},{"damage":2.0,"enemies":"Small Slimes","floor":2.0,"turns":5.0},{"damage":10.0,"enemies":"Jaw Worm","floor":3.0,"turns":4.0},{"damage":14.0,"enemies":"Exordium Wildlife","floor":4.0,"turns":4.0},{"damage":41.0,"enemies":"Lagavulin","floor":6.0,"turns":7.0},{"damage":30.0,"enemies":"3 Sentries","floor":8.0,"turns":6.0},{"damage":17.0,"enemies":"3 Louse","floor":12.0,"turns":3.0},{"damage":40,"enemies":"The Guardian","floor":16,"turns":9}],"seed_played":"6413687495681587826","potions_obtained":[{"floor":1.0,"key":"Dexterity Potion"},{"floor":4.0,"key":"Dexterity Potion"},{"floor":6.0,"key":"Ancient Potion"}],"is_trial":false,"path_per_floor":["M","M","M","M","?","E","R","E","T","T","$","M","?","?","R"],"character_chosen":"IRONCLAD","items_purchased":["Double Tap"],"campfire_rested":2,"item_purchase_floors":[11],"current_hp_per_floor":[68,72,68,60,60,25,47,23,23,23,23,24,24,24,46,12],"gold":35,"neow_bonus":"","is_prod":false,"is_daily":false,"chose_seed":false,"campfire_upgraded":0,"win_rate":0,"timestamp":1538418316,"path_taken":["M","M","M","?","?","E","R","E","T","?","$","M","?","?","R","BOSS"],"build_version":"2018-09-27","purchased_purges":0,"victory":false,"max_hp_per_floor":[75,75,75,75,75,75,75,75,75,75,75,75,75,75,75,75],"card_choices":[{"not_picked":["Iron Wave","True Grit"],"picked":"Disarm","floor":1.0},{"not_picked":["Rage","Shrug It Off"],"picked":"Cleave","floor":2.0},{"not_picked":["Sword Boomerang","Shockwave"],"picked":"Pommel Strike","floor":3.0},{"not_picked":["Juggernaut","Warcry"],"picked":"Headbutt","floor":4.0},{"not_picked":["Armaments","Searing Blow","Iron Wave"],"picked":"SKIP","floor":6.0},{"not_picked":["Flex","Dual Wield"],"picked":"Reaper","floor":8.0},{"not_picked":["Thunderclap","Ghostly Armor"],"picked":"Cleave","floor":12.0}],"player_experience":656753,"relics_obtained":[{"floor":6.0,"key":"Dodecahedron"},{"floor":8.0,"key":"Happy Flower"},{"floor":9.0,"key":"Pen Nib"},{"floor":10.0,"key":"Art of War"}],"event_choices":[{"event_name":"The Cleric","player_choice":"Card Removal","floor":5.0,"damage_taken":0.0},{"event_name":"Liars Game","player_choice":"disagreed","floor":13.0,"damage_taken":0.0},{"event_name":"Transmorgrifier","player_choice":"Transform","floor":14.0,"damage_taken":0.0}],"is_beta":true,"boss_relics":[],"items_purged_floors":[],"is_endless":false,"potions_floor_spawned":[1,4,6],"killed_by":"The Guardian","ascension_level":15}