{"gold_per_floor":[112,187,187,112,122,122,150,150,150,175,189,39,50,20,20,98,98,114,164,179,8,24,24],"floor_reached":23,"playtime":703,"items_purged":["Strike_R","Strike_R"],"score":528,"play_id":"885a3f4a-af67-4ad1-926b-b21402675a77","local_time":"20190514203418","is_ascension_mode":true,"campfire_choices":[{"data":"Armaments","floor":6.0,"key":"SMITH"},{"data":"Dual Wield","floor":8.0,"key":"SMITH"},{"data":"Body Slam","floor":15.0,"key":"SMITH"}],"neow_cost":"NONE","seed_source_timestamp":291649125328094,"circlet_count":0,"master_deck":["AscendersBane","Strike_R","Strike_R","Defend_R","Defend_R","Defend_R","Defend_R","Bash","Dual Wield+1","Flex","Armaments+1","Battle Trance","Body Slam+1","Barricade","Demon Form","Entrench","Shrug It Off","Shrug It Off","Body Slam"],"special_seed":0,"relics":["Burning Blood","NeowsBlessing","Pen Nib","Letter Opener","Odd Mushroom","Orrery","Lantern"],"potions_floor_usage":[23],"damage_taken":[{"damage":0.0,"enemies":"2 Louse","floor":1.0,"turns":1.0},{"damage":0.0,"enemies":"Small Slimes","floor":5.0,"turns":1.0},{"damage":0.0,"enemies":"3 Sentries","floor":7.0,"turns":3.0},{"damage":17.0,"enemies":"The Mushroom Lair","floor":10.0,"turns":4.0},{"damage":7.0,"enemies":"Jaw Worm","floor":11.0,"turns":2.0},{"damage":15.0,"enemies":"Gremlin Gang","floor":13.0,"turns":5.0},{"damage":0.0,"enemies":"Slime Boss","floor":16.0,"turns":6.0},{"damage":5.0,"enemies":"Spheric Guardian","floor":18.0,"turns":6.0},{"damage":1.0,"enemies":"Shell Parasite","floor":20.0,"turns":7.0},{"damage":0.0,"enemies":"3 Cultists","floor":22.0,"turns":5.0},{"damage":80,"enemies":"Gremlin Leader","floor":23,"turns":3}],"seed_played":"-6298800532299640148","potions_obtained":[{"floor":1.0,"key":"Energy Potion"},{"floor":5.0,"key":"Swift Potion"},{"floor":7.0,"key":"Block Potion"},{"floor":14.0,"key":"FearPotion"},{"floor":14.0,"key":"EntropicBrew"},{"floor":20.0,"key":"Strength Potion"}],"is_trial":false,"path_per_floor":["M","?","?","$","M","R","E","R","T","?","M","$","M","?","R","B",null,"M","?","M","$","M","E"],"character_chosen":"IRONCLAD","items_purchased":["Body Slam","Lantern"],"campfire_rested":0,"item_purchase_floors":[12,21],"current_hp_per_floor":[74,63,63,63,69,69,75,75,75,64,63,63,54,54,54,60,71,72,65,70,70,75,0],"gold":24,"neow_bonus":"THREE_ENEMY_KILL","is_prod":false,"is_daily":false,"chose_seed":false,"campfire_upgraded":3,"win_rate":0,"timestamp":1557858858,"path_taken":["M","?","?","$","M","R","E","R","T","?","?","$","?","?","R","BOSS","M","?","M","$","M","E"],"build_version":"2019-01-23","purchased_purges":2,"victory":false,"max_hp_per_floor":[75,75,75,75,75,75,75,75,75,75,75,75,75,75,75,75,75,75,75,75,75,75,75],"card_choices":[{"not_picked":["Heavy Blade","Warcry"],"picked":"Dual Wield","floor":1.0},{"not_picked":["True Grit","Sword Boomerang"],"picked":"Armaments","floor":5.0},{"not_picked":["Cleave","Havoc"],"picked":"Battle Trance","floor":7.0},{"not_picked":["Cleave","Rupture","Havoc"],"picked":"SKIP","floor":11.0},{"not_picked":["Body Slam","Iron Wave"],"picked":"Barricade","floor":13.0},{"not_picked":["Exhume","Limit Break"],"picked":"Demon Form","floor":16.0},{"not_picked":["Sword Boomerang","Headbutt"],"picked":"Entrench","floor":17.0},{"not_picked":["Perfected Strike","Clothesline"],"picked":"Shrug It Off","floor":17.0},{"not_picked":["Clothesline","Searing Blow"],"picked":"Shrug It Off","floor":17.0},{"not_picked":["Twin Strike","Reckless Charge","Anger"],"picked":"SKIP","floor":18.0},{"not_picked":["Searing Blow","Dual Wield","Blood for Blood"],"picked":"SKIP","floor":20.0},{"not_picked":["True Grit","Heavy Blade"],"picked":"Body Slam","floor":22.0}],"player_experience":879611,"relics_obtained":[{"floor":7.0,"key":"Pen Nib"},{"floor":9.0,"key":"Letter Opener"},{"floor":10.0,"key":"Odd Mushroom"}],"event_choices":[{"damage_healed":0.0,"max_hp_gain":0.0,"max_hp_loss":0.0,"gold_gain":75.0,"event_name":"World of Goop","player_choice":"Gather Gold","floor":2.0,"gold_loss":0.0,"damage_taken":11.0},{"damage_healed":0.0,"max_hp_gain":0.0,"max_hp_loss":0.0,"gold_gain":0.0,"cards_transformed":["Strike_R"],"event_name":"Living Wall","player_choice":"Change","floor":3.0,"gold_loss":0.0,"damage_taken":0.0,"cards_obtained":["Flex"]},{"damage_healed":0.0,"max_hp_gain":0.0,"max_hp_loss":0.0,"gold_gain":0.0,"event_name":"Mushrooms","player_choice":"Fought Mushrooms","floor":10.0,"gold_loss":0.0,"damage_taken":0.0},{"damage_healed":0.0,"max_hp_gain":0.0,"max_hp_loss":0.0,"gold_gain":0.0,"event_name":"The Woman in Blue","player_choice":"Bought 2 Potions","floor":14.0,"gold_loss":0.0,"damage_taken":0.0},{"damage_healed":0.0,"max_hp_gain":0.0,"max_hp_loss":0.0,"gold_gain":50.0,"event_name":"FaceTrader","player_choice":"Touch","floor":19.0,"gold_loss":0.0,"damage_taken":7.0}],"is_beta":false,"boss_relics":[{"not_picked":["Lizard Tail","White Beast Statue"],"picked":"Orrery"}],"items_purged_floors":[4,12],"is_endless":false,"potions_floor_spawned":[1,5,7,20],"killed_by":"Gremlin Leader","ascension_level":20}