{"gold_per_floor":[114,114,114,114,129,158,158,187,214,232,250,33,47,32,32,109,109,126,126,176,190,208,208,208,225,248,55,55,72,72,87,87,87],"floor_reached":33,"playtime":730,"items_purged":["Strike_G"],"score":589,"play_id":"af8ad76f-4ec1-405c-ae3c-a1d345c162e8","local_time":"20190907162118","is_ascension_mode":true,"campfire_choices":[{"data":"Poisoned Stab","floor":7.0,"key":"SMITH"},{"data":"Deadly Poison","floor":15.0,"key":"SMITH"},{"floor":23.0,"key":"REST"},{"floor":30.0,"key":"REST"},{"floor":32,"key":"REST"}],"neow_cost":"NONE","seed_source_timestamp":19269923210494,"circlet_count":0,"master_deck":["AscendersBane","Strike_G","Strike_G","Strike_G","Strike_G","Defend_G","Defend_G","Defend_G","Defend_G","Defend_G","Survivor","Neutralize","Die Die Die+1","Poisoned Stab+1","Bane","Deadly Poison+1","Backflip","Burst","Deadly Poison","Bouncing Flask","Dodge and Roll","Burst","Decay"],"special_seed":0,"relics":["Ring of the Snake","NeowsBlessing","Regal Pillow","Mango","Anchor","Membership Card","Velvet Choker","Mercury Hourglass","PreservedInsect","DollysMirror"],"potions_floor_usage":[33,33],"damage_taken":[{"damage":0.0,"enemies":"Small Slimes","floor":1.0,"turns":1.0},{"damage":0.0,"enemies":"Jaw Worm","floor":5.0,"turns":1.0},{"damage":0.0,"enemies":"Gremlin Nob","floor":6.0,"turns":1.0},{"damage":17.0,"enemies":"3 Sentries","floor":8.0,"turns":6.0},{"damage":0.0,"enemies":"Cultist","floor":10.0,"turns":3.0},{"damage":0.0,"enemies":"Red Slaver","floor":11.0,"turns":3.0},{"damage":0.0,"enemies":"2 Fungi Beasts","floor":13.0,"turns":2.0},{"damage":31.0,"enemies":"The Guardian","floor":16.0,"turns":10.0},{"damage":29.0,"enemies":"Spheric Guardian","floor":18.0,"turns":6.0},{"damage":22.0,"enemies":"Shell Parasite","floor":21.0,"turns":4.0},{"damage":24.0,"enemies":"Cultist and Chosen","floor":22.0,"turns":6.0},{"damage":36.0,"enemies":"Snake Plant","floor":25.0,"turns":4.0},{"damage":1.0,"enemies":"Sentry and Sphere","floor":29.0,"turns":3.0},{"damage":6,"enemies":"Centurion and Healer","floor":31,"turns":6},{"damage":76,"enemies":"Automaton","floor":33,"turns":12}],"seed_played":"-1949944271903920816","potions_obtained":[{"floor":6.0,"key":"Strength Potion"},{"floor":8.0,"key":"Regen Potion"},{"floor":11.0,"key":"EssenceOfSteel"},{"floor":16.0,"key":"PowerPotion"},{"floor":25.0,"key":"Poison Potion"},{"floor":31,"key":"Strength Potion"}],"is_trial":false,"path_per_floor":["M","?","?","?","M","E","R","E","T","M","M","$","M","$","R","B",null,"M","?","?","M","M","R","?","M","T","$","?","M","R","M","R","B"],"character_chosen":"THE_SILENT","items_purchased":["Membership Card","Backflip","DollysMirror","GhostInAJar"],"campfire_rested":3,"item_purchase_floors":[12,14,27,27],"current_hp_per_floor":[59,59,64,64,64,64,64,61,61,61,61,61,61,61,61,30,71,42,42,42,20,11,51,51,15,15,15,15,14,54,48,85,9],"gold":87,"neow_bonus":"THREE_ENEMY_KILL","is_prod":false,"is_daily":false,"chose_seed":false,"campfire_upgraded":2,"win_rate":0,"timestamp":1567866078,"path_taken":["M","?","?","?","M","E","R","E","T","M","M","$","?","?","R","BOSS","M","?","?","M","M","R","?","?","T","$","?","M","R","M","R","BOSS"],"build_version":"2019-07-17","purchased_purges":1,"victory":false,"max_hp_per_floor":[66,66,71,71,71,71,71,85,85,85,85,85,85,85,85,85,85,85,85,85,85,85,85,85,85,85,85,85,85,85,85,85,85],"card_choices":[{"not_picked":["Expertise","Tactician"],"picked":"PiercingWail","floor":1.0},{"not_picked":["Cloak And Dagger","Infinite Blades","Prepared"],"picked":"SKIP","floor":5.0},{"not_picked":["Flechettes","Cloak And Dagger"],"picked":"Poisoned Stab","floor":6.0},{"not_picked":["Blur","Accuracy"],"picked":"Bane","floor":8.0},{"not_picked":["Cloak And Dagger","Underhanded Strike"],"picked":"Deadly Poison","floor":10.0},{"not_picked":["PiercingWail","Caltrops","Slice"],"picked":"SKIP","floor":11.0},{"not_picked":["PiercingWail","Dagger Throw","Blade Dance"],"picked":"SKIP","floor":13.0},{"not_picked":["Venomology","Wraith Form v2"],"picked":"Burst","floor":16.0},{"not_picked":["Infinite Blades","Flying Knee"],"picked":"Poisoned Stab","floor":18.0},{"not_picked":["Cloak And Dagger","Quick Slash","Blade Dance"],"picked":"SKIP","floor":21.0},{"not_picked":["Acrobatics+1","Masterful Stab"],"picked":"Bouncing Flask","floor":22.0},{"not_picked":["Dagger Throw+1","Deflect"],"picked":"Dodge and Roll","floor":25.0},{"not_picked":["All Out Attack","Doppelganger","Flechettes"],"picked":"SKIP","floor":29.0},{"not_picked":["PiercingWail","Calculated Gamble","All Out Attack"],"picked":"SKIP","floor":31}],"player_experience":907552,"relics_obtained":[{"floor":6.0,"key":"Regal Pillow"},{"floor":8.0,"key":"Mango"},{"floor":9.0,"key":"Anchor"},{"floor":26.0,"key":"PreservedInsect"}],"event_choices":[{"damage_healed":0.0,"max_hp_gain":0.0,"max_hp_loss":0.0,"gold_gain":0.0,"cards_transformed":["PiercingWail"],"event_name":"Living Wall","player_choice":"Change","floor":2.0,"gold_loss":0.0,"damage_taken":0.0,"cards_obtained":["Die Die Die"]},{"damage_healed":0.0,"max_hp_gain":5.0,"max_hp_loss":0.0,"gold_gain":0.0,"event_name":"Big Fish","player_choice":"Donut","floor":3.0,"gold_loss":0.0,"damage_taken":0.0},{"damage_healed":0.0,"max_hp_gain":0.0,"max_hp_loss":0.0,"gold_gain":0.0,"event_name":"Accursed Blacksmith","player_choice":"Forge","floor":4.0,"gold_loss":0.0,"damage_taken":0.0,"cards_upgraded":["Die Die Die"]},{"damage_healed":0.0,"max_hp_gain":0.0,"max_hp_loss":0.0,"gold_gain":0.0,"event_name":"The Library","player_choice":"Read","floor":19.0,"gold_loss":0.0,"damage_taken":0.0,"cards_obtained":["Deadly Poison"]},{"damage_healed":0.0,"max_hp_gain":0.0,"max_hp_loss":0.0,"gold_gain":50.0,"event_name":"Nest","player_choice":"Stole From Cult","floor":20.0,"gold_loss":0.0,"damage_taken":0.0},{"cards_removed":["Poisoned Stab"],"damage_healed":0.0,"max_hp_gain":0.0,"max_hp_loss":0.0,"gold_gain":0.0,"event_name":"WeMeetAgain","player_choice":"Gave Card","floor":24.0,"gold_loss":0.0,"damage_taken":0.0,"relics_obtained":["Mercury Hourglass"]},{"damage_healed":0.0,"max_hp_gain":0.0,"max_hp_loss":0.0,"gold_gain":0.0,"event_name":"Forgotten Altar","player_choice":"Smashed Altar","floor":28.0,"gold_loss":0.0,"damage_taken":0.0,"cards_obtained":["Decay"]}],"is_beta":false,"boss_relics":[{"not_picked":["Coffee Dripper","Eternal Feather"],"picked":"Velvet Choker"}],"items_purged_floors":[27],"is_endless":false,"potions_floor_spawned":[6,8,11,16,18,21,25,31],"killed_by":"Automaton","ascension_level":20}