{"gold_per_floor":[119,131,56,56,75,92,106,126,151,167,167,183,183,83,83,83],"floor_reached":16,"playtime":1120,"items_purged":["Strike_G","Defend_G"],"score":96,"play_id":"70e0b513-85c0-4cb5-b74c-2df449999bab","local_time":"20180727174557","is_ascension_mode":false,"campfire_choices":[{"data":"Neutralize","floor":11.0,"key":"SMITH"},{"data":"Dash","floor":13,"key":"SMITH"},{"data":"Dodge and Roll","floor":15,"key":"SMITH"}],"neow_cost":"NONE","seed_source_timestamp":33164384851315,"circlet_count":0,"master_deck":["Defend_G","Defend_G","Defend_G","Strike_G","Strike_G","Strike_G","Strike_G","Survivor","Neutralize+1","Dash+1","Acrobatics","Escape Plan","Backstab","Dodge and Roll+1","Dagger Spray","Backflip"],"special_seed":0,"relics":["Eternal Feather"],"potions_floor_usage":[16,16,16],"damage_taken":[{"damage":2.0,"enemies":"Small Slimes","floor":1.0,"turns":4.0},{"damage":7.0,"enemies":"2 Louse","floor":2.0,"turns":3.0},{"damage":0.0,"enemies":"Jaw Worm","floor":5.0,"turns":3.0},{"damage":3.0,"enemies":"Lots of Slimes","floor":6.0,"turns":5.0},{"damage":5.0,"enemies":"3 Louse","floor":7.0,"turns":3.0},{"damage":2.0,"enemies":"Exordium Wildlife","floor":8.0,"turns":5.0},{"damage":0.0,"enemies":"Exordium Thugs","floor":10.0,"turns":6.0},{"damage":0,"enemies":"Looter","floor":12,"turns":3},{"damage":70,"enemies":"Hexaghost","floor":16,"turns":16}],"seed_played":"-8281908463142542117","potions_obtained":[{"floor":2.0,"key":"Fire Potion"},{"floor":6.0,"key":"Weak Potion"},{"floor":7.0,"key":"SkillPotion"},{"floor":10.0,"key":"Swift Potion"},{"floor":12,"key":"SkillPotion"}],"is_trial":false,"path_per_floor":["M","M","$","?","M","M","M","M","T","M","R","M","R","$","R"],"character_chosen":"THE_SILENT","items_purchased":[],"campfire_rested":0,"item_purchase_floors":[],"current_hp_per_floor":[68,61,61,61,61,58,53,51,51,51,60,60,69,69,70,0],"gold":83,"neow_bonus":"BOSS_RELIC","is_prod":false,"is_daily":false,"chose_seed":false,"campfire_upgraded":3,"win_rate":0,"timestamp":1532684757,"path_taken":["M","M","$","?","M","?","M","M","T","M","R","M","R","$","R","BOSS"],"build_version":"2018-07-26","purchased_purges":2,"victory":false,"max_hp_per_floor":[70,70,70,70,70,70,70,70,70,70,70,70,70,70,70,70],"card_choices":[{"not_picked":["Slice","Quick Slash"],"picked":"Dash","floor":1.0},{"not_picked":["Slice","Bouncing Flask"],"picked":"Acrobatics","floor":2.0},{"not_picked":["Bouncing Flask","Dash"],"picked":"Escape Plan","floor":5.0},{"not_picked":["Finisher","Predator"],"picked":"Backstab","floor":6.0},{"not_picked":["Footwork","Deflect"],"picked":"Dodge and Roll","floor":7.0},{"not_picked":["Sucker Punch","Terror"],"picked":"Dagger Spray","floor":8.0},{"not_picked":["Acrobatics","Caltrops"],"picked":"Backflip","floor":10.0},{"not_picked":["Leg Sweep","Deflect","Flechettes"],"picked":"SKIP","floor":12}],"player_experience":221964,"relics_obtained":[],"event_choices":[{"event_name":"Living Wall","player_choice":"Forget","floor":4.0,"damage_taken":0.0}],"is_beta":false,"boss_relics":[],"items_purged_floors":[3,14],"is_endless":false,"potions_floor_spawned":[2,6,7,10,12],"killed_by":"Hexaghost","ascension_level":0}