{"gold_per_floor":[117,117,117,117,129,129,154,134,134,144,175,175,208,223,223,297,297,310,360,378,14,27,27,27],"floor_reached":24,"playtime":628,"items_purged":[],"score":478,"play_id":"3c122eb9-ae87-4292-a442-260ce2f214d2","local_time":"20181201174349","is_ascension_mode":true,"campfire_choices":[{"data":"Zap","floor":6.0,"key":"SMITH"},{"floor":12.0,"key":"REST"},{"floor":15.0,"key":"REST"},{"floor":23,"key":"REST"}],"neow_cost":"NONE","seed_source_timestamp":16004959508318,"circlet_count":0,"master_deck":["AscendersBane","Strike_B+1","Strike_B","Strike_B","Defend_B+1","Defend_B","Defend_B","Defend_B","Zap+1","Dualcast","Steam","Ball Lightning","Machine Learning","Heatsinks","Go for the Eyes","Go for the Eyes","Gash","Core Surge","Capacitor","Cold Snap+1","Beam Cell","Scrape","Leap+1"],"special_seed":0,"relics":["FrozenCore","NeowsBlessing","Shuriken","Dodecahedron","Ornamental Fan","Kunai","Runic Capacitor"],"potions_floor_usage":[20,24],"damage_taken":[{"damage":0.0,"enemies":"2 Louse","floor":1.0,"turns":1.0},{"damage":0.0,"enemies":"Cultist","floor":5.0,"turns":1.0},{"damage":0.0,"enemies":"3 Sentries","floor":7.0,"turns":1.0},{"damage":7.0,"enemies":"Jaw Worm","floor":10.0,"turns":3.0},{"damage":24.0,"enemies":"Gremlin Nob","floor":11.0,"turns":4.0},{"damage":6.0,"enemies":"Lagavulin","floor":13.0,"turns":7.0},{"damage":8.0,"enemies":"Looter","floor":14.0,"turns":3.0},{"damage":5.0,"enemies":"The Guardian","floor":16.0,"turns":10.0},{"damage":9.0,"enemies":"Spheric Guardian","floor":18.0,"turns":5.0},{"damage":10,"enemies":"2 Thieves","floor":20,"turns":4},{"damage":22,"enemies":"Snecko","floor":22,"turns":7},{"damage":52,"enemies":"Gremlin Leader","floor":24,"turns":5}],"seed_played":"9080445769631020325","potions_obtained":[{"floor":5.0,"key":"PowerPotion"},{"floor":8.0,"key":"SneckoOil"},{"floor":10.0,"key":"Weak Potion"},{"floor":13.0,"key":"EssenceOfSteel"},{"floor":14.0,"key":"Fire Potion"},{"floor":16.0,"key":"Poison Potion"},{"floor":22,"key":"SteroidPotion"}],"is_trial":false,"path_per_floor":["M","?","?","?","M","R","E","?","T","M","E","R","E","M","R","B",null,"M","?","M","$","M","R","E"],"character_chosen":"DEFECT","items_purchased":["Beam Cell","Scrape","Runic Capacitor"],"campfire_rested":3,"item_purchase_floors":[21,21,21],"current_hp_per_floor":[64,57,36,41,41,41,41,41,41,34,10,32,26,18,40,35,66,57,57,47,47,25,47,0],"gold":27,"neow_bonus":"THREE_ENEMY_KILL","is_prod":false,"is_daily":false,"chose_seed":false,"campfire_upgraded":1,"win_rate":0,"timestamp":1543682629,"path_taken":["M","?","?","?","M","R","E","?","T","?","E","R","E","M","R","BOSS","M","?","M","$","M","R","E"],"build_version":"2018-11-15","purchased_purges":0,"victory":false,"max_hp_per_floor":[71,71,71,76,76,76,76,76,76,76,76,76,76,76,76,76,76,76,76,76,76,76,76,76],"card_choices":[{"not_picked":["Ball Lightning","Undo"],"picked":"Steam","floor":1.0},{"not_picked":["Redo","Scrape"],"picked":"Ball Lightning","floor":5.0},{"not_picked":["Lockon","Steam"],"picked":"Machine Learning","floor":7.0},{"not_picked":["Barrage","Redo"],"picked":"Heatsinks","floor":10.0},{"not_picked":["Cold Snap","Amplify"],"picked":"Go for the Eyes","floor":11.0},{"not_picked":["Turbo","Conserve Battery"],"picked":"Go for the Eyes","floor":13.0},{"not_picked":["Leap","Streamline"],"picked":"Gash","floor":14.0},{"not_picked":["Electrodynamics","Seek"],"picked":"Core Surge","floor":16.0},{"not_picked":["Conserve Battery+1","Turbo"],"picked":"Capacitor","floor":18.0},{"not_picked":["Static Discharge","Consume"],"picked":"Cold Snap+1","floor":20},{"not_picked":["Ball Lightning","Storm"],"picked":"Leap+1","floor":22}],"player_experience":786228,"relics_obtained":[{"floor":7.0,"key":"Shuriken"},{"floor":9.0,"key":"Dodecahedron"},{"floor":11.0,"key":"Ornamental Fan"},{"floor":13.0,"key":"Kunai"}],"event_choices":[{"cards_removed":["Strike_B"],"damage_healed":0.0,"max_hp_gain":0.0,"max_hp_loss":0.0,"gold_gain":0.0,"event_name":"Golden Wing","player_choice":"Card Removal","floor":2.0,"gold_loss":0.0,"damage_taken":7.0},{"damage_healed":0.0,"max_hp_gain":0.0,"max_hp_loss":0.0,"gold_gain":0.0,"event_name":"Shining Light","player_choice":"Entered Light","floor":3.0,"gold_loss":0.0,"damage_taken":21.0,"cards_upgraded":["Strike_B","Defend_B"]},{"damage_healed":0.0,"max_hp_gain":5.0,"max_hp_loss":0.0,"gold_gain":0.0,"event_name":"Big Fish","player_choice":"Donut","floor":4.0,"gold_loss":0.0,"damage_taken":0.0},{"damage_healed":0.0,"max_hp_gain":0.0,"max_hp_loss":0.0,"gold_gain":0.0,"event_name":"The Woman in Blue","player_choice":"Bought 1 Potion","floor":8.0,"gold_loss":0.0,"damage_taken":0.0},{"damage_healed":0.0,"max_hp_gain":0.0,"max_hp_loss":0.0,"gold_gain":50.0,"event_name":"Nest","player_choice":"Stole From Cult","floor":19.0,"gold_loss":0.0,"damage_taken":0.0}],"is_beta":true,"boss_relics":[{"not_picked":["Astrolabe","Calling Bell"],"picked":"FrozenCore"}],"items_purged_floors":[],"is_endless":false,"potions_floor_spawned":[5,10,13,14,16,22],"killed_by":"Gremlin Leader","ascension_level":20}