{"gold_per_floor":[118,131,27,302,70,97,108,121,121,148,148,164,223,243,243,243],"floor_reached":16,"playtime":272,"items_purged":["Regret"],"score":274,"play_id":"e8f47739-c8ce-4219-b4a8-1c9cde2fa004","local_time":"20190512114815","is_ascension_mode":true,"campfire_choices":[{"data":"Juggernaut","floor":11.0,"key":"SMITH"},{"floor":15.0,"key":"REST"}],"neow_cost":"NONE","seed_source_timestamp":0,"circlet_count":0,"master_deck":["AscendersBane","Strike_R","Strike_R","Strike_R","Strike_R","Strike_R","Defend_R","Defend_R","Defend_R","Defend_R","Bash","Pummel","Entrench","Armaments","Shrug It Off","Juggernaut+1","Flex","Exhume","Body Slam"],"special_seed":0,"relics":["Burning Blood","NeowsBlessing","Pen Nib","Lantern","Boot","Bottled Tornado","Potion Belt"],"potions_floor_usage":[],"damage_taken":[{"damage":0.0,"enemies":"Cultist","floor":1.0,"turns":1.0},{"damage":0.0,"enemies":"Small Slimes","floor":2.0,"turns":1.0},{"damage":0.0,"enemies":"Lagavulin","floor":6.0,"turns":1.0},{"damage":2.0,"enemies":"Jaw Worm","floor":7.0,"turns":4.0},{"damage":8.0,"enemies":"Blue Slaver","floor":8.0,"turns":4.0},{"damage":59.0,"enemies":"Gremlin Nob","floor":10.0,"turns":5.0},{"damage":1.0,"enemies":"Looter","floor":12.0,"turns":3.0},{"damage":20.0,"enemies":"Gremlin Nob","floor":13.0,"turns":4.0},{"damage":9.0,"enemies":"2 Fungi Beasts","floor":14.0,"turns":3.0},{"damage":0,"enemies":"Slime Boss","floor":16,"turns":1}],"seed_played":"-7020741355154919814","potions_obtained":[{"floor":1.0,"key":"Regen Potion"},{"floor":6.0,"key":"Block Potion"},{"floor":13.0,"key":"Poison Potion"}],"is_trial":false,"path_per_floor":["M","M","$","?","$","E","M","M","T","E","R","M","?","M","R","B"],"character_chosen":"IRONCLAD","items_purchased":["Armaments","Shrug It Off","Pen Nib"],"campfire_rested":1,"item_purchase_floors":[3,3,5],"current_hp_per_floor":[74,75,75,75,75,75,75,73,73,20,20,25,11,8,30,30],"gold":243,"neow_bonus":"THREE_ENEMY_KILL","is_prod":false,"is_daily":false,"chose_seed":false,"campfire_upgraded":1,"win_rate":0,"timestamp":1557654495,"path_taken":["M","?","$","?","$","E","M","?","T","E","R","M","?","M","R","BOSS"],"build_version":"2019-01-23","purchased_purges":1,"victory":false,"max_hp_per_floor":[75,75,75,75,75,75,75,75,75,75,75,75,75,75,75,75],"card_choices":[{"not_picked":["Headbutt","Sword Boomerang"],"picked":"Pummel","floor":1.0},{"not_picked":["Heavy Blade","Flex"],"picked":"Entrench","floor":2.0},{"not_picked":["Spot Weakness","Dual Wield"],"picked":"Juggernaut","floor":6.0},{"not_picked":["Headbutt","Sword Boomerang"],"picked":"Flex","floor":7.0},{"not_picked":["Thunderclap","Rampage","Intimidate"],"picked":"SKIP","floor":8.0},{"not_picked":["Sever Soul","Inflame","Clothesline"],"picked":"SKIP","floor":10.0},{"not_picked":["Carnage","Heavy Blade"],"picked":"Exhume","floor":12.0},{"not_picked":["Power Through","Reckless Charge"],"picked":"Body Slam","floor":14.0}],"player_experience":878490,"relics_obtained":[{"floor":6.0,"key":"Lantern"},{"floor":9.0,"key":"Boot"},{"floor":10.0,"key":"Bottled Tornado"}],"event_choices":[{"damage_healed":0.0,"max_hp_gain":0.0,"max_hp_loss":0.0,"gold_gain":275.0,"event_name":"Golden Shrine","player_choice":"Desecrate","floor":4.0,"gold_loss":0.0,"damage_taken":0.0,"cards_obtained":["Regret"]},{"damage_healed":0.0,"max_hp_gain":0.0,"max_hp_loss":0.0,"gold_gain":0.0,"event_name":"Dead Adventurer","player_choice":"Searched \u00272\u0027 times","floor":13.0,"gold_loss":0.0,"damage_taken":0.0,"relics_obtained":["Potion Belt"]}],"is_beta":false,"boss_relics":[],"items_purged_floors":[5],"is_endless":false,"potions_floor_spawned":[1,6,13],"killed_by":"Slime Boss","ascension_level":20}