{"gold_per_floor":[114,189,189,203,213,246,97,97,97,112,144,154,329,329],"floor_reached":14,"playtime":1132,"items_purged":["Regret"],"score":100,"play_id":"cb5ddebd-5ac0-410f-93ee-dd2810bfc8ce","local_time":"20180702195916","is_ascension_mode":false,"campfire_choices":[{"data":"Infinite Blades","floor":8,"key":"SMITH"}],"neow_cost":"NONE","seed_source_timestamp":39740147389535,"circlet_count":0,"master_deck":["Defend_G","Defend_G","Defend_G","Defend_G","Strike_G","Strike_G","Strike_G","Survivor","Neutralize","Blur+1","Phantasmal Killer+1","Distraction+1","Unload","Infinite Blades+1","Outmaneuver","Doubt"],"relics":["Astrolabe","Ninja Scroll","Mummified Hand","Du-Vu Doll","Orichalcum"],"potions_floor_usage":[6,14],"damage_taken":[{"damage":0,"enemies":"Small Slimes","floor":1,"turns":4},{"damage":1,"enemies":"2 Louse","floor":4,"turns":3},{"damage":0,"enemies":"Cultist","floor":5,"turns":4},{"damage":9,"enemies":"3 Sentries","floor":6,"turns":11},{"damage":0,"enemies":"Looter","floor":10,"turns":3},{"damage":38,"enemies":"Lagavulin","floor":11,"turns":6},{"damage":4,"enemies":"Blue Slaver","floor":12,"turns":3},{"damage":10,"enemies":"Exordium Wildlife","floor":14,"turns":1}],"seed_played":"2810746179377548950","potions_obtained":[{"floor":4,"key":"Fire Potion"},{"floor":12,"key":"PowerPotion"}],"is_trial":false,"path_per_floor":["M","?","?","M","M","E","$","R","T","M","E","M","?"],"character_chosen":"THE_SILENT","items_purchased":["Infinite Blades"],"campfire_rested":0,"item_purchase_floors":[7],"current_hp_per_floor":[70,59,59,58,58,49,49,49,49,49,11,7,7,0],"gold":329,"neow_bonus":"BOSS_RELIC","is_prod":false,"is_daily":false,"chose_seed":false,"campfire_upgraded":1,"win_rate":0,"timestamp":1530532756,"path_taken":["M","?","?","M","M","E","?","R","T","M","E","M","?","M"],"build_version":"2018-06-28","purchased_purges":1,"victory":false,"max_hp_per_floor":[70,70,70,70,70,70,70,70,70,70,70,70,70,70],"card_choices":[{"not_picked":["Backflip","Bane","PiercingWail"],"picked":"SKIP","floor":1},{"not_picked":["PiercingWail","Backflip","Acrobatics"],"picked":"SKIP","floor":4},{"not_picked":["Quick Slash","Blur","Dodge and Roll"],"picked":"SKIP","floor":5},{"not_picked":["Calculated Gamble","Deflect"],"picked":"Unload","floor":6},{"not_picked":["Quick Slash","Bane","Bouncing Flask"],"picked":"SKIP","floor":10},{"not_picked":["Night Terror","Unload"],"picked":"Outmaneuver","floor":11},{"not_picked":["Underhanded Strike","Bane","Backflip"],"picked":"SKIP","floor":12}],"player_experience":49632,"relics_obtained":[{"floor":6,"key":"Mummified Hand"},{"floor":9,"key":"Du-Vu Doll"},{"floor":11,"key":"Orichalcum"}],"event_choices":[{"event_name":"World of Goop","player_choice":"Gather Gold","floor":2,"damage_taken":0},{"event_name":"Big Fish","player_choice":"Box","floor":3,"damage_taken":0},{"event_name":"Liars Game","player_choice":"agreed","floor":13,"damage_taken":0}],"boss_relics":[],"items_purged_floors":[7],"is_endless":false,"potions_floor_spawned":[4,12],"killed_by":"Exordium Wildlife","ascension_level":0}