{"gold_per_floor":[114,127,139,139,158,158,188,188,188,202,212,212,225,225,225,225],"floor_reached":16,"playtime":456,"items_purged":[],"score":208,"play_id":"0ddb2c85-73c4-4587-a9a4-2bdf01e4e907","local_time":"20181130010426","is_ascension_mode":true,"campfire_choices":[{"data":"Zap","floor":6,"key":"SMITH"},{"data":"Conserve Battery","floor":8,"key":"SMITH"},{"data":"Coolheaded","floor":12,"key":"SMITH"},{"data":"Dualcast","floor":15,"key":"SMITH"}],"neow_cost":"NONE","seed_source_timestamp":117372737505878,"circlet_count":0,"master_deck":["AscendersBane","Strike_B","Strike_B","Strike_B","Strike_B","Defend_B","Defend_B","Defend_B","Defend_B","Zap+1","Dualcast+1","Storm","Coolheaded+1","Coolheaded","Conserve Battery+1","Ball Lightning","Coolheaded+1","Conserve Battery+1"],"relics":["Cracked Core","Anchor","Peace Pipe","Toxic Egg 2"],"potions_floor_usage":[5,7,13],"damage_taken":[{"damage":0,"enemies":"2 Louse","floor":1,"turns":2},{"damage":1,"enemies":"Small Slimes","floor":2,"turns":4},{"damage":2,"enemies":"Cultist","floor":3,"turns":4},{"damage":0,"enemies":"Gremlin Gang","floor":5,"turns":5},{"damage":14,"enemies":"3 Sentries","floor":7,"turns":11},{"damage":2,"enemies":"3 Louse","floor":10,"turns":4},{"damage":4,"enemies":"Blue Slaver","floor":11,"turns":4},{"damage":10,"enemies":"Exordium Thugs","floor":13,"turns":4},{"damage":19,"enemies":"Slime Boss","floor":16,"turns":7}],"seed_played":"5026680240716567574","potions_obtained":[{"floor":1,"key":"SteroidPotion"},{"floor":2,"key":"AttackPotion"},{"floor":10,"key":"SkillPotion"},{"floor":11,"key":"LiquidBronze"}],"is_trial":false,"path_per_floor":["M","M","M","?","M","R","E","R","T","M","M","R","M","?","R","B"],"character_chosen":"DEFECT","items_purchased":[],"campfire_rested":0,"item_purchase_floors":[],"current_hp_per_floor":[64,63,61,61,61,61,47,47,47,45,41,41,31,31,31,12],"gold":225,"neow_bonus":"RANDOM_COMMON_RELIC","is_prod":false,"is_daily":false,"chose_seed":false,"campfire_upgraded":4,"win_rate":0,"timestamp":1543536266,"path_taken":["M","M","M","?","M","R","E","R","T","M","M","R","M","?","R","BOSS"],"build_version":"2018-11-15","purchased_purges":0,"victory":false,"max_hp_per_floor":[71,71,71,71,71,71,71,71,71,71,71,71,71,71,71,71],"card_choices":[{"not_picked":["Doom and Gloom","Steam"],"picked":"Storm","floor":1},{"not_picked":["Undo","Rebound"],"picked":"Coolheaded","floor":2},{"not_picked":["Barrage","Rebound"],"picked":"Coolheaded","floor":3},{"not_picked":["Steam","Skim"],"picked":"Conserve Battery","floor":5},{"not_picked":["Hologram","Compile Driver"],"picked":"Ball Lightning","floor":7},{"not_picked":["Undo+1","Blizzard","Stack+1"],"picked":"SKIP","floor":10},{"not_picked":["Hyperbeam","Cold Snap"],"picked":"Coolheaded+1","floor":11},{"not_picked":["Steam+1","Hologram+1"],"picked":"Conserve Battery+1","floor":13}],"player_experience":782758,"relics_obtained":[{"floor":7,"key":"Peace Pipe"},{"floor":9,"key":"Toxic Egg 2"}],"event_choices":[{"damage_healed":0,"gold_gain":0,"player_choice":"Ignored","damage_taken":0,"max_hp_gain":0,"max_hp_loss":0,"event_name":"Liars Game","floor":4,"gold_loss":0},{"damage_healed":0,"gold_gain":0,"player_choice":"Ignored","damage_taken":0,"max_hp_gain":0,"max_hp_loss":0,"event_name":"Golden Idol","floor":14,"gold_loss":0}],"is_beta":true,"boss_relics":[],"items_purged_floors":[],"is_endless":false,"potions_floor_spawned":[1,2,10,11],"killed_by":"Slime Boss","ascension_level":20}