{"gold_per_floor":[113,38,55,55,72,72,86,116,140,151,171,171,20,32,32,32],"floor_reached":16,"playtime":1046,"items_purged":["Strike_B"],"score":104,"play_id":"722c045c-30ec-4f7c-8806-0ee8d4e43306","local_time":"20180722210729","is_ascension_mode":false,"campfire_choices":[{"data":"Dualcast","floor":6,"key":"SMITH"},{"data":"Coolheaded","floor":15,"key":"SMITH"}],"neow_cost":"NONE","seed_source_timestamp":491261885324,"circlet_count":0,"master_deck":["Strike_B","Strike_B","Strike_B","Defend_B","Defend_B","Defend_B","Defend_B","Zap+1","Dualcast+1","Coolheaded+1","Conserve Battery","Reprogram","Capacitor","Glacier","Redo"],"relics":["Cracked Core","Dream Catcher","Anchor","Art of War"],"potions_floor_usage":[8,8,16],"damage_taken":[{"damage":0,"enemies":"Cultist","floor":1,"turns":4},{"damage":3,"enemies":"Jaw Worm","floor":3,"turns":4},{"damage":0,"enemies":"2 Louse","floor":5,"turns":3},{"damage":4,"enemies":"Large Slime","floor":7,"turns":6},{"damage":25,"enemies":"Gremlin Nob","floor":8,"turns":5},{"damage":3,"enemies":"Exordium Thugs","floor":10,"turns":5},{"damage":0,"enemies":"Looter","floor":11,"turns":4},{"damage":0,"enemies":"Blue Slaver","floor":14,"turns":5},{"damage":42,"enemies":"Hexaghost","floor":16,"turns":16}],"seed_played":"3569726558906386317","potions_obtained":[{"floor":3,"key":"SkillPotion"},{"floor":5,"key":"Weak Potion"},{"floor":7,"key":"GamblersBrew"},{"floor":14,"key":"SmokeBomb"}],"is_trial":false,"path_per_floor":["M","$","M","?","M","R","M","E","T","M","M","?","$","M","R"],"character_chosen":"DEFECT","items_purchased":["Art of War"],"campfire_rested":0,"item_purchase_floors":[13],"current_hp_per_floor":[75,75,72,72,72,72,68,43,43,40,40,40,40,40,40,0],"gold":32,"neow_bonus":"THREE_CARDS","is_prod":false,"is_daily":false,"chose_seed":false,"campfire_upgraded":2,"win_rate":0,"timestamp":1532264849,"path_taken":["M","$","?","?","M","R","M","E","T","M","M","?","?","?","R","BOSS"],"build_version":"2018-07-19v2","purchased_purges":1,"victory":false,"max_hp_per_floor":[75,75,75,75,75,75,75,75,75,75,75,75,75,75,75,75],"card_choices":[{"not_picked":["Undo","Stack"],"picked":"Coolheaded","floor":0},{"not_picked":["Barrage","Sweeping Beam","Force Field"],"picked":"SKIP","floor":1},{"not_picked":["Go for the Eyes","Gash","Streamline"],"picked":"SKIP","floor":3},{"not_picked":["Lockon","Scrape"],"picked":"Conserve Battery","floor":5},{"not_picked":["Streamline","Rebound"],"picked":"Reprogram","floor":7},{"not_picked":["Streamline","All For One"],"picked":"Capacitor","floor":8},{"not_picked":["Go for the Eyes","Sweeping Beam","Chill"],"picked":"SKIP","floor":10},{"not_picked":["Reinforced Body","BootSequence"],"picked":"Glacier","floor":11},{"not_picked":["Stack","Melter"],"picked":"Redo","floor":14}],"player_experience":187667,"relics_obtained":[{"floor":8,"key":"Dream Catcher"},{"floor":9,"key":"Anchor"}],"event_choices":[{"event_name":"Upgrade Shrine","player_choice":"Upgraded","floor":4,"damage_taken":0},{"event_name":"The Woman in Blue","player_choice":"Bought 0 Potions","floor":12,"damage_taken":0}],"is_beta":false,"boss_relics":[],"items_purged_floors":[2],"is_endless":false,"potions_floor_spawned":[3,5,7,14],"killed_by":"Hexaghost","ascension_level":0}