{"gold_per_floor":[112,122,122,141,141,171,171,171,198,198,123,123,151,26,26,123,123,143,242,242,257,357,357,357,357,357,357,357,162,197,217,217,322,322,334,334,334,334,34,34,60,107,130,142,161,161,179,179],"floor_reached":48,"playtime":2405,"items_purged":["Defend_B","Strike_B","Writhe","Defend_B"],"score":505,"play_id":"67509236-502d-49d8-939d-c63b9a3c713d","local_time":"20190925020007","is_ascension_mode":false,"campfire_choices":[{"data":"Chaos","floor":7.0,"key":"SMITH"},{"data":"Zap","floor":10.0,"key":"SMITH"},{"data":"Dualcast","floor":12.0,"key":"SMITH"},{"data":"Redo","floor":15.0,"key":"SMITH"},{"data":"Barrage","floor":23.0,"key":"SMITH"},{"data":"Chaos","floor":25.0,"key":"SMITH"},{"data":"Rebound","floor":28.0,"key":"SMITH"},{"data":"Chaos","floor":32.0,"key":"SMITH"},{"floor":40.0,"key":"RECALL"},{"data":"Compile Driver","floor":46,"key":"SMITH"}],"neow_cost":"NONE","seed_source_timestamp":19482809726568,"circlet_count":0,"master_deck":["Strike_B+1","Defend_B","Defend_B+1","Zap+1","Dualcast+1","Redo+1","Chaos+1","Rebound+1","Static Discharge+1","Compile Driver+1","Barrage+1","Conserve Battery+1","Chaos+1","Loop+1","Chaos+1","Reboot","Sweeping Beam+1","Madness","Madness","Panache+1","Sweeping Beam","Hologram+1","Sweeping Beam+1","Rebound+1"],"special_seed":0,"relics":["SacredBark","Calipers","Frozen Egg 2","Juzu Bracelet","Strawberry","Inserter","White Beast Statue","Bronze Scales","Vajra","Nuclear Battery","Art of War","HornCleat","Ginger"],"potions_floor_usage":[44,45],"damage_taken":[{"damage":0.0,"enemies":"Small Slimes","floor":1.0,"turns":4.0},{"damage":1.0,"enemies":"Jaw Worm","floor":2.0,"turns":4.0},{"damage":0.0,"enemies":"2 Louse","floor":4.0,"turns":2.0},{"damage":28.0,"enemies":"Gremlin Nob","floor":6.0,"turns":4.0},{"damage":0.0,"enemies":"Lagavulin","floor":13.0,"turns":8.0},{"damage":18.0,"enemies":"Hexaghost","floor":16.0,"turns":8.0},{"damage":5.0,"enemies":"Chosen","floor":18.0,"turns":3.0},{"damage":2.0,"enemies":"Spheric Guardian","floor":21.0,"turns":3.0},{"damage":17.0,"enemies":"Gremlin Leader","floor":30.0,"turns":6.0},{"damage":14.0,"enemies":"Snecko","floor":31.0,"turns":4.0},{"damage":33.0,"enemies":"Champ","floor":33.0,"turns":7.0},{"damage":0.0,"enemies":"3 Shapes","floor":35.0,"turns":6.0},{"damage":31.0,"enemies":"Giant Head","floor":41.0,"turns":7.0},{"damage":61.0,"enemies":"2 Orb Walkers","floor":42.0,"turns":5.0},{"damage":0,"enemies":"3 Darklings","floor":44,"turns":3},{"damage":5,"enemies":"Transient","floor":45,"turns":5},{"damage":20,"enemies":"4 Shapes","floor":47,"turns":2},{"damage":8,"enemies":"Writhing Mass","floor":48,"turns":2}],"seed_played":"4547326582747879905","potions_obtained":[{"floor":1.0,"key":"Regen Potion"},{"floor":4.0,"key":"FearPotion"},{"floor":6.0,"key":"EssenceOfSteel"},{"floor":30.0,"key":"Block Potion"},{"floor":31.0,"key":"LiquidBronze"},{"floor":33.0,"key":"Regen Potion"},{"floor":41.0,"key":"FocusPotion"},{"floor":42.0,"key":"SteroidPotion"},{"floor":44,"key":"SkillPotion"},{"floor":45,"key":"SkillPotion"},{"floor":47,"key":"FocusPotion"}],"is_trial":false,"path_per_floor":["M","M","?","M","?","E","R","T","T","R","$","R","E","$","R","B",null,"M","?","?","M","?","R","?","R","T","?","R","$","E","M","R","B",null,"M","?","?","?","$","R","E","?","T","M","M","R","M","M"],"character_chosen":"DEFECT","items_purchased":["Compile Driver","Loop+1","Art of War"],"campfire_rested":0,"item_purchase_floors":[14,29,39],"current_hp_per_floor":[75,74,74,74,59,31,31,31,31,31,31,31,38,38,38,20,82,77,77,77,75,75,75,75,75,75,75,75,75,58,44,44,11,82,82,72,72,72,72,72,60,33,33,33,28,28,8,0],"gold":179,"neow_bonus":"BOSS_RELIC","is_prod":false,"is_daily":false,"chose_seed":false,"campfire_upgraded":9,"win_rate":0,"timestamp":1569344407,"path_taken":["M","M","?","M","?","E","R","?","T","R","?","R","E","$","R","BOSS","M","?","?","M","?","R","?","R","T","?","R","$","E","M","R","BOSS","M","?","?","?","$","R","E","?","T","M","M","R","M","M"],"build_version":"2019-09-23","purchased_purges":4,"victory":false,"max_hp_per_floor":[75,75,75,75,75,75,75,75,75,75,75,75,82,82,82,82,82,82,82,82,82,82,82,82,82,82,82,82,82,82,82,82,82,82,82,82,82,82,82,82,82,82,82,82,82,82,82,82],"card_choices":[{"not_picked":["Aggregate","Compile Driver"],"picked":"Redo","floor":1.0},{"not_picked":["Beam Cell","Barrage"],"picked":"Chaos","floor":2.0},{"not_picked":["White Noise","Conserve Battery"],"picked":"Rebound","floor":4.0},{"not_picked":["Self Repair","Double Energy","Turbo"],"picked":"SKIP","floor":6.0},{"not_picked":["Aggregate","Leap"],"picked":"Static Discharge+1","floor":13.0},{"not_picked":["Rip and Tear","Go for the Eyes+1"],"picked":"Barrage","floor":18.0},{"not_picked":["Stack","Darkness"],"picked":"Conserve Battery+1","floor":21.0},{"not_picked":["Melter","Double Energy+1"],"picked":"Chaos","floor":30.0},{"not_picked":["Gash+1","Conserve Battery","Barrage"],"picked":"SKIP","floor":31.0},{"not_picked":["Rainbow","Core Surge"],"picked":"Reboot","floor":33.0},{"not_picked":["Go for the Eyes+1","Capacitor+1"],"picked":"Sweeping Beam+1","floor":35.0},{"not_picked":["Transmutation","Apotheosis"],"picked":"Panache+1","floor":37.0},{"not_picked":["Turbo+1","Cold Snap+1"],"picked":"Sweeping Beam","floor":41.0},{"not_picked":["Steam","Go for the Eyes"],"picked":"Hologram+1","floor":42.0},{"not_picked":["Redo+1","Streamline+1"],"picked":"Sweeping Beam+1","floor":44},{"not_picked":["Turbo+1","Scrape+1","Hello World+1"],"picked":"SKIP","floor":45},{"not_picked":["Turbo+1","Scrape+1","Hello World+1"],"picked":"SKIP","floor":45},{"not_picked":["Sweeping Beam","Leap+1"],"picked":"Rebound+1","floor":47}],"player_experience":534650,"relics_obtained":[{"floor":6.0,"key":"Calipers"},{"floor":8.0,"key":"Frozen Egg 2"},{"floor":9.0,"key":"Juzu Bracelet"},{"floor":13.0,"key":"Strawberry"},{"floor":26.0,"key":"White Beast Statue"},{"floor":30.0,"key":"Vajra"},{"floor":41.0,"key":"HornCleat"},{"floor":42.0,"key":"Ginger"}],"event_choices":[{"cards_removed":["Strike_B"],"damage_healed":0.0,"max_hp_gain":0.0,"max_hp_loss":0.0,"gold_gain":0.0,"event_name":"Living Wall","player_choice":"Forget","floor":3.0,"gold_loss":0.0,"damage_taken":0.0},{"damage_healed":0.0,"max_hp_gain":0.0,"max_hp_loss":0.0,"gold_gain":0.0,"event_name":"Shining Light","player_choice":"Entered Light","floor":5.0,"gold_loss":0.0,"damage_taken":15.0,"cards_upgraded":["Strike_B","Defend_B"]},{"damage_healed":0.0,"max_hp_gain":0.0,"max_hp_loss":0.0,"gold_gain":99.0,"event_name":"Nest","player_choice":"Stole From Cult","floor":19.0,"gold_loss":0.0,"damage_taken":0.0},{"cards_removed":["Strike_B"],"damage_healed":0.0,"max_hp_gain":0.0,"max_hp_loss":0.0,"gold_gain":0.0,"event_name":"Back to Basics","player_choice":"Elegance","floor":20.0,"gold_loss":0.0,"damage_taken":0.0},{"damage_healed":0.0,"max_hp_gain":0.0,"max_hp_loss":0.0,"gold_gain":100.0,"event_name":"Golden Shrine","player_choice":"Pray","floor":22.0,"gold_loss":0.0,"damage_taken":0.0},{"damage_healed":0.0,"max_hp_gain":0.0,"max_hp_loss":0.0,"gold_gain":0.0,"event_name":"The Library","player_choice":"Read","floor":24.0,"gold_loss":0.0,"damage_taken":0.0,"cards_obtained":["Chaos"]},{"damage_healed":0.0,"max_hp_gain":0.0,"max_hp_loss":0.0,"gold_gain":0.0,"event_name":"The Mausoleum","player_choice":"Opened","floor":27.0,"gold_loss":0.0,"damage_taken":0.0,"relics_obtained":["Bronze Scales"],"cards_obtained":["Writhe"]},{"damage_healed":0.0,"max_hp_gain":0.0,"max_hp_loss":0.0,"gold_gain":0.0,"event_name":"Winding Halls","player_choice":"Embrace Madness","floor":36.0,"gold_loss":0.0,"damage_taken":10.0,"cards_obtained":["Madness","Madness"]},{"damage_healed":0.0,"max_hp_gain":0.0,"max_hp_loss":0.0,"gold_gain":0.0,"event_name":"SensoryStone","player_choice":"Memory 1","floor":37.0,"gold_loss":0.0,"damage_taken":0.0},{"damage_healed":0.0,"max_hp_gain":0.0,"max_hp_loss":0.0,"gold_gain":0.0,"event_name":"Tomb of Lord Red Mask","player_choice":"Ignored","floor":38.0,"gold_loss":0.0,"damage_taken":0.0},{"damage_healed":0.0,"max_hp_gain":0.0,"max_hp_loss":0.0,"gold_gain":0.0,"event_name":"Mysterious Sphere","player_choice":"Fight","floor":42.0,"gold_loss":0.0,"damage_taken":0.0}],"is_beta":true,"boss_relics":[{"not_picked":["SlaversCollar","Snecko Eye"],"picked":"Inserter"},{"not_picked":["Velvet Choker","Tiny House"],"picked":"Nuclear Battery"}],"items_purged_floors":[11,14,29,39],"is_endless":false,"potions_floor_spawned":[1,4,6,30,31,33,35,41,42,44,45,47],"killed_by":"Writhing Mass","ascension_level":0}