{"gold_per_floor":[214,214,231,209,225,225,29,57,106,106,126,144,154,181,181,181],"floor_reached":16,"playtime":5390,"items_purged":[],"score":151,"play_id":"a1bf0602-4322-4efb-bba1-6314b633d15a","local_time":"20661003110008","is_ascension_mode":true,"campfire_choices":[{"data":"Zap","floor":6.0,"key":"SMITH"},{"data":"Redo","floor":10.0,"key":"SMITH"},{"data":"Redo","floor":15,"key":"SMITH"}],"neow_cost":"NONE","seed_source_timestamp":5369606554628,"circlet_count":0,"master_deck":["Strike_B","Strike_B","Strike_B","Strike_B","Defend_B","Defend_B","Defend_B","Defend_B","Zap+1","Dualcast","Coolheaded","Conserve Battery","Conserve Battery","Redo+1","The Bomb","Doom and Gloom","White Noise","Capacitor","White Noise","Redo+1"],"special_seed":0,"relics":["Cracked Core","Bag of Marbles","Bag of Preparation","Pen Nib"],"potions_floor_usage":[13,16,16],"damage_taken":[{"damage":10.0,"enemies":"2 Louse","floor":1.0,"turns":2.0},{"damage":0.0,"enemies":"Cultist","floor":3.0,"turns":3.0},{"damage":0.0,"enemies":"Small Slimes","floor":5.0,"turns":3.0},{"damage":22.0,"enemies":"Gremlin Nob","floor":8.0,"turns":4.0},{"damage":5,"enemies":"2 Fungi Beasts","floor":11,"turns":3},{"damage":2,"enemies":"Red Slaver","floor":12,"turns":4},{"damage":4,"enemies":"Blue Slaver","floor":13,"turns":4},{"damage":5,"enemies":"Lagavulin","floor":14,"turns":7},{"damage":40,"enemies":"Slime Boss","floor":16,"turns":9}],"seed_played":"-7824515661558015295","potions_obtained":[{"floor":5.0,"key":"Energy Potion"},{"floor":11,"key":"Energy Potion"},{"floor":12,"key":"AttackPotion"},{"floor":14,"key":"SpeedPotion"}],"is_trial":false,"path_per_floor":["M","?","M","$","M","R","$","E","T","R","M","M","M","E","R","B"],"character_chosen":"DEFECT","items_purchased":["Conserve Battery","The Bomb"],"campfire_rested":0,"item_purchase_floors":[4,7],"current_hp_per_floor":[58,75,75,75,75,75,75,53,53,53,48,46,42,37,37,0],"gold":181,"neow_bonus":"HUNDRED_GOLD","is_prod":false,"is_daily":false,"chose_seed":false,"campfire_upgraded":3,"win_rate":0,"timestamp":3053300408,"path_taken":["M","?","M","$","?","R","$","E","T","R","M","M","M","E","R","BOSS"],"build_version":"2018-11-01","purchased_purges":0,"victory":false,"max_hp_per_floor":[75,75,75,75,75,75,75,75,75,75,75,75,75,75,75,75],"card_choices":[{"not_picked":["Ball Lightning","Cold Snap"],"picked":"Coolheaded","floor":1.0},{"not_picked":["Sweeping Beam","Meteor Strike"],"picked":"Conserve Battery","floor":3.0},{"not_picked":["Loop","Recycle"],"picked":"Redo","floor":5.0},{"not_picked":["Steam","Steam Power"],"picked":"Doom and Gloom","floor":8.0},{"not_picked":["Tempest","Doom and Gloom"],"picked":"White Noise","floor":11},{"not_picked":["Conserve Battery","Sweeping Beam"],"picked":"Capacitor","floor":12},{"not_picked":["Capacitor","Go for the Eyes"],"picked":"White Noise","floor":13},{"not_picked":["Blizzard","Rebound"],"picked":"Redo","floor":14}],"player_experience":397556,"relics_obtained":[{"floor":8.0,"key":"Bag of Marbles"},{"floor":9.0,"key":"Bag of Preparation"},{"floor":14,"key":"Pen Nib"}],"event_choices":[{"damage_healed":17.0,"max_hp_gain":0.0,"max_hp_loss":0.0,"gold_gain":0.0,"event_name":"Wheel of Change","player_choice":"Full Heal","floor":2.0,"gold_loss":0.0,"damage_taken":0.0}],"is_beta":false,"boss_relics":[],"items_purged_floors":[],"is_endless":false,"potions_floor_spawned":[5,11,12,14],"killed_by":"Slime Boss","ascension_level":7}