{"gold_per_floor":[116,126,143,68,85,85,114,114,114,114,14,30,30,30,30,127,127,138,63,63,162,37,67,67,67,90,90,90,101,101,111,111,210,210,225,271,271,271,271,271],"floor_reached":40,"playtime":1682,"items_purged":["Strike_B","Defend_B","Writhe"],"score":458,"play_id":"8e89f0ed-c005-415d-bb73-c0eab3e6ff66","local_time":"20180721225800","is_ascension_mode":true,"campfire_choices":[{"data":"Zap","floor":6.0,"key":"SMITH"},{"data":"Dualcast","floor":8.0,"key":"SMITH"},{"data":"Rip and Tear","floor":10.0,"key":"SMITH"},{"data":"Rip and Tear","floor":15.0,"key":"SMITH"},{"floor":24.0,"key":"REST"},{"data":"Defend_B","floor":27.0,"key":"SMITH"},{"data":"Glacier","floor":32.0,"key":"SMITH"}],"neow_cost":"NONE","seed_source_timestamp":551233649592,"circlet_count":0,"master_deck":["Defend_B+1","Zap+1","Dualcast+1","Cold Snap+1","Rip and Tear+1","Conserve Battery+1","Rip and Tear+1","Rip and Tear+1","Scrape+1","Glacier+1","Electrodynamics","Beam Cell+1","Sweeping Beam","Ball Lightning","Madness","Madness"],"special_seed":0,"relics":["Cracked Core","Dodecahedron","Bird Faced Urn","Empty Cage","Torii","Bottled Lightning","Whetstone","Lizard Tail","Calipers"],"potions_floor_usage":[33,33],"damage_taken":[{"damage":0.0,"enemies":"2 Louse","floor":1.0,"turns":1.0},{"damage":7.0,"enemies":"Small Slimes","floor":2.0,"turns":3.0},{"damage":2.0,"enemies":"Jaw Worm","floor":3.0,"turns":3.0},{"damage":0.0,"enemies":"Large Slime","floor":5.0,"turns":3.0},{"damage":12.0,"enemies":"Gremlin Nob","floor":7.0,"turns":4.0},{"damage":0.0,"enemies":"Looter","floor":12.0,"turns":1.0},{"damage":16.0,"enemies":"Slime Boss","floor":16.0,"turns":6.0},{"damage":0.0,"enemies":"3 Byrds","floor":18.0,"turns":2.0},{"damage":37.0,"enemies":"Slavers","floor":23.0,"turns":4.0},{"damage":0.0,"enemies":"Chosen","floor":29.0,"turns":2.0},{"damage":18.0,"enemies":"Snecko","floor":31.0,"turns":4.0},{"damage":22,"enemies":"Champ","floor":33,"turns":11},{"damage":0,"enemies":"Orb Walker","floor":35,"turns":3},{"damage":24,"floor":36,"turns":4},{"damage":108,"enemies":"Giant Head","floor":40,"turns":8}],"seed_played":"6649345301997219217","potions_obtained":[{"floor":2.0,"key":"Explosive Potion"},{"floor":5.0,"key":"Strength Potion"},{"floor":12.0,"key":"FearPotion"},{"floor":23.0,"key":"FearPotion"},{"floor":29.0,"key":"SpeedPotion"},{"floor":31.0,"key":"Strength Potion"},{"floor":35,"key":"SteroidPotion"}],"is_trial":false,"path_per_floor":["M","M","M","$","M","R","E","R","T","R","$","M","?","?","R","B",null,"M","?","?","?","$","E","R","?","T","R","$","M","$","M","R","B",null,"M","?","$","?","?"],"character_chosen":"DEFECT","items_purchased":[],"campfire_rested":1,"item_purchase_floors":[],"current_hp_per_floor":[75,68,66,66,66,66,54,54,54,54,54,54,54,39,39,23,75,75,75,75,75,75,38,60,60,60,60,60,60,60,42,42,20,75,75,51,51,51,42,0],"gold":271,"neow_bonus":"REMOVE_CARD","is_prod":false,"is_daily":false,"chose_seed":false,"campfire_upgraded":6,"win_rate":0,"timestamp":1532185080,"path_taken":["M","M","M","$","M","R","E","R","T","R","$","M","?","?","R","BOSS","M","?","?","?","$","E","R","?","T","R","$","?","$","M","R","BOSS","M","?","$","?","?","E"],"build_version":"2018-07-19v2","purchased_purges":3,"victory":false,"max_hp_per_floor":[75,75,75,75,75,75,75,75,75,75,75,75,75,75,75,75,75,75,75,75,75,75,75,75,75,75,75,75,75,75,75,75,75,75,75,75,75,75,75,75],"card_choices":[{"not_picked":["Barrage","Sweeping Beam"],"picked":"Cold Snap","floor":1.0},{"not_picked":["Barrage","Undo","Heatsinks"],"picked":"SKIP","floor":2.0},{"not_picked":["Rebound","Skim"],"picked":"Rip and Tear","floor":3.0},{"not_picked":["Streamline","Chaos"],"picked":"Conserve Battery","floor":5.0},{"not_picked":["Force Field","Double Energy","Fission"],"picked":"SKIP","floor":7.0},{"not_picked":["Rebound","Cold Snap"],"picked":"Rip and Tear","floor":12.0},{"not_picked":["Steam+1","Conserve Battery"],"picked":"Rip and Tear+1","floor":18.0},{"not_picked":["Hologram","Go for the Eyes"],"picked":"Scrape+1","floor":23.0},{"not_picked":["Hologram","Turbo","Tempest"],"picked":"SKIP","floor":29.0},{"not_picked":["Hologram","Stack"],"picked":"Glacier","floor":31.0},{"not_picked":["Rainbow","All For One"],"picked":"Electrodynamics","floor":33},{"not_picked":["Loop","Fusion"],"picked":"Beam Cell+1","floor":35},{"not_picked":["Go for the Eyes+1","Consume+1"],"picked":"Sweeping Beam","floor":36}],"player_experience":178131,"relics_obtained":[{"floor":7.0,"key":"Dodecahedron"},{"floor":9.0,"key":"Bird Faced Urn"},{"floor":23.0,"key":"Bottled Lightning"},{"floor":26.0,"key":"Whetstone"},{"floor":36,"key":"Calipers"}],"event_choices":[{"event_name":"Living Wall","player_choice":"Forget","floor":13.0,"damage_taken":0.0},{"event_name":"Shining Light","player_choice":"Entered Light","floor":14.0,"damage_taken":0.0},{"event_name":"Beggar","player_choice":"Gave Gold","floor":19.0,"damage_taken":0.0},{"event_name":"The Mausoleum","player_choice":"Yes","floor":20.0,"damage_taken":0.0},{"event_name":"Nest","player_choice":"Stole From Cult","floor":21.0,"damage_taken":0.0},{"event_name":"Drug Dealer","player_choice":"Ignored","floor":25.0,"damage_taken":0.0},{"event_name":"Mysterious Sphere","player_choice":"Fight","floor":36,"damage_taken":0},{"event_name":"Match and Keep!","player_choice":"1 cards matched","floor":38,"damage_taken":0},{"event_name":"Winding Halls","player_choice":"Embrace Madness","floor":39,"damage_taken":0}],"is_beta":false,"boss_relics":[{"not_picked":["FrozenCore","Astrolabe"],"picked":"Empty Cage"},{"not_picked":["Pandora\u0027s Box","Calling Bell"],"picked":"Lizard Tail"}],"items_purged_floors":[4,11,22],"is_endless":false,"potions_floor_spawned":[2,5,12,23,29,31,35],"killed_by":"Giant Head","ascension_level":3}