{"path_per_floor":["M","M","M","M","M","R","E","M","T","M","M","$","R","M","R","B",null,"M","$","M","?","M","E","?","R","T","R"],"character_chosen":"DEFECT","items_purchased":["Seek","Storm","Defragment","Double Energy"],"gold_per_floor":[111,130,143,163,180,180,205,222,222,242,261,109,109,120,120,224,224,238,127,144,144,163,198,198,198,198,198,198],"floor_reached":28,"campfire_rested":0,"playtime":2621,"current_hp_per_floor":[67,67,66,65,62,62,18,25,25,32,39,39,39,38,38,68,68,68,68,68,56,62,60,60,60,60,60,0],"items_purged":[],"gold":198,"score":244,"play_id":"d38f6372-fee8-4cc9-958f-181d88560215","local_time":"20180428150824","is_prod":false,"is_daily":false,"chose_seed":false,"is_ascension_mode":false,"campfire_upgraded":5,"timestamp":1524920904,"path_taken":["M","M","?","M","M","R","E","M","T","M","M","$","R","M","R","BOSS","M","$","M","?","M","E","?","R","T","R","M"],"build_version":"2018-04-27v3","seed_source_timestamp":81917195446453,"purchased_purges":0,"victory":false,"master_deck":["Strike_B","Strike_B","Strike_B","Defend_B","Defend_B","Defend_B","Defend_B","Zap","Dualcast","Go for the Eyes","Leap","Chaos+1","Leap","Ball Lightning","Self Repair","Impulse","Darkness+1","Go for the Eyes","Seek","Storm","Capacitor+1","Thunder Strike","Barrage","Defragment+1","Capacitor","Melter","Impulse","Tempest","Defragment+1","Double Energy","Capacitor+1","Stack","Force Field"],"max_hp_per_floor":[68,68,68,68,68,68,68,68,68,68,68,68,68,68,68,68,68,68,68,68,73,73,87,87,87,87,87,87],"relics":["Cracked Core","Torii","Pantograph","Thread and Needle","Orrery","Mango","Oddly Smooth Stone"],"card_choices":[{"not_picked":["Conserve Battery","Axe Kick"],"picked":"Go for the Eyes","floor":1},{"not_picked":["Reprogram","Gash"],"picked":"Leap","floor":2},{"not_picked":["Go for the Eyes","Axe Kick"],"picked":"Chaos","floor":3},{"not_picked":["Go for the Eyes","Scrape"],"picked":"Leap","floor":4},{"not_picked":["Glacier","Beam Cell"],"picked":"Ball Lightning","floor":5},{"not_picked":["Static Discharge","Melter"],"picked":"Self Repair","floor":7},{"not_picked":["Leap","Coolheaded"],"picked":"Impulse","floor":8},{"not_picked":["Ball Lightning","Aggregate"],"picked":"Darkness","floor":10},{"not_picked":["Scrape","Beam Cell"],"picked":"Go for the Eyes","floor":11},{"not_picked":["Impulse","Storm"],"picked":"Capacitor","floor":14},{"not_picked":["Prime","Nova"],"picked":"Thunder Strike","floor":16},{"not_picked":["Beam Cell","Reinforced Body"],"picked":"Barrage","floor":17},{"not_picked":["Barrage","Skim"],"picked":"Defragment","floor":17},{"not_picked":["Leap","Streamline"],"picked":"Capacitor","floor":17},{"not_picked":["Self Repair","Sweeping Beam"],"picked":"Melter","floor":17},{"not_picked":["Heatsinks","Axe Kick"],"picked":"Impulse","floor":17},{"not_picked":["Impulse","Ball Lightning"],"picked":"Tempest","floor":18},{"not_picked":["Static Discharge","Force Field"],"picked":"Capacitor","floor":20},{"not_picked":["Go for the Eyes","Cold Snap"],"picked":"Stack","floor":22},{"not_picked":["Beam Cell","Biased Cognition"],"picked":"Force Field","floor":23}],"player_experience":60964,"potions_floor_usage":[5,16,23,23,23,28],"damage_taken":[{"damage":1,"enemies":"Cultist","floor":1,"turns":4},{"damage":0,"enemies":"Small Slimes","floor":2,"turns":4},{"damage":1,"enemies":"Jaw Worm","floor":3,"turns":4},{"damage":1,"enemies":"Blue Slaver","floor":4,"turns":4},{"damage":3,"enemies":"Gremlin Gang","floor":5,"turns":5},{"damage":44,"enemies":"Gremlin Nob","floor":7,"turns":5},{"damage":0,"enemies":"Large Slime","floor":8,"turns":4},{"damage":0,"enemies":"Blue Slaver","floor":10,"turns":4},{"damage":0,"enemies":"Exordium Wildlife","floor":11,"turns":4},{"damage":1,"enemies":"Looter","floor":14,"turns":2},{"damage":1,"enemies":"The Guardian","floor":16,"turns":9},{"damage":6,"enemies":"Spheric Guardian","floor":18,"turns":4},{"damage":1,"enemies":"Chosen","floor":20,"turns":5},{"damage":1,"enemies":"Centurion and Healer","floor":22,"turns":6},{"damage":35,"enemies":"Gremlin Leader","floor":23,"turns":7},{"damage":60,"enemies":"3 Cultists","floor":28,"turns":6}],"event_choices":[{"event_name":"Forgotten Altar","player_choice":"Shed Blood","floor":21,"damage_taken":0},{"event_name":"Bonfire Elementals","player_choice":"BASIC","floor":24,"damage_taken":0}],"boss_relics":[{"not_picked":["Runic Pyramid","Astrolabe"],"picked":"Orrery"}],"potions_floor_spawned":[2,8,11,14,16,20,23],"seed_played":"-2963579382236639575","killed_by":"3 Cultists","ascension_level":0,"is_trial":false}