{"gold_per_floor":[19,34,47,47,57,57,87,87,87,87,118,118,138,213,213,311,311,326,346,346,346,360,360,378,395,470,154,154,182,198,208,208,303,303,323,334,56,103,103,137,37,37,37,56,56,85,85,85,85,85],"floor_reached":51,"playtime":1160,"items_purged":["Defend_R","Defend_R"],"score":810,"play_id":"87003943-24a0-4369-8f4d-c7e7b625d7f0","local_time":"20191018163510","is_ascension_mode":false,"campfire_choices":[{"data":"Flex","floor":6.0,"key":"SMITH"},{"data":"Bash","floor":8.0,"key":"SMITH"},{"data":"Disarm","floor":10.0,"key":"SMITH"},{"data":"Heavy Blade","floor":15.0,"key":"SMITH"},{"data":"Limit Break","floor":23.0,"key":"SMITH"},{"data":"Flex","floor":28.0,"key":"SMITH"},{"floor":32.0,"key":"REST"},{"data":"Limit Break","floor":42,"key":"SMITH"},{"data":"Offering","floor":45,"key":"SMITH"},{"floor":49,"key":"REST"}],"neow_cost":"NO_GOLD","seed_source_timestamp":105443714162543,"circlet_count":0,"master_deck":["Strike_R+1","Strike_R+1","Strike_R+1","Strike_R+1","Strike_R+1","Defend_R+1","Defend_R+1","Bash+1","Flex+1","Clash+1","Disarm+1","Thunderclap+1","Heavy Blade+1","Limit Break+1","Cleave+1","Necronomicurse","Heavy Blade+1","Flex+1","Offering+1","Flex+1","Reaper+1","Limit Break+1","Flex+1","Trip+1","Heavy Blade+1","Whirlwind+1"],"special_seed":0,"relics":["Black Blood","Sundial","Champion Belt","Bird Faced Urn","Runic Dome","Necronomicon","InkBottle","Molten Egg 2","Anchor","Bronze Scales","Thread and Needle","Darkstone Periapt","Pear","Dodecahedron","Mark of the Bloom"],"potions_floor_usage":[38,50],"damage_taken":[{"damage":6.0,"enemies":"Cultist","floor":1.0,"turns":3.0},{"damage":9.0,"enemies":"2 Louse","floor":2.0,"turns":2.0},{"damage":1.0,"enemies":"Jaw Worm","floor":3.0,"turns":4.0},{"damage":11.0,"enemies":"Large Slime","floor":5.0,"turns":3.0},{"damage":30.0,"enemies":"Lagavulin","floor":7.0,"turns":8.0},{"damage":23.0,"enemies":"3 Sentries","floor":11.0,"turns":8.0},{"damage":9.0,"enemies":"Blue Slaver","floor":13.0,"turns":3.0},{"damage":14.0,"enemies":"Hexaghost","floor":16.0,"turns":9.0},{"damage":22.0,"enemies":"Spheric Guardian","floor":18.0,"turns":4.0},{"damage":12.0,"enemies":"3 Byrds","floor":19.0,"turns":5.0},{"damage":16.0,"enemies":"Snake Plant","floor":22.0,"turns":3.0},{"damage":5.0,"enemies":"Chosen and Byrds","floor":24.0,"turns":3.0},{"damage":12.0,"enemies":"Snecko","floor":25.0,"turns":3.0},{"damage":29.0,"enemies":"Slavers","floor":29.0,"turns":4.0},{"damage":6.0,"enemies":"Shelled Parasite and Fungi","floor":30.0,"turns":2.0},{"damage":15.0,"enemies":"Snake Plant","floor":31.0,"turns":3.0},{"damage":12.0,"enemies":"Automaton","floor":33.0,"turns":4.0},{"damage":6.0,"enemies":"Orb Walker","floor":35.0,"turns":1.0},{"damage":13.0,"enemies":"3 Darklings","floor":36.0,"turns":3.0},{"damage":42,"enemies":"2 Orb Walkers","floor":38,"turns":4},{"damage":33,"enemies":"Nemesis","floor":40,"turns":7},{"damage":6,"enemies":"Transient","floor":44,"turns":5},{"damage":28,"enemies":"Reptomancer","floor":46,"turns":3},{"damage":12,"enemies":"Donu and Deca","floor":50,"turns":2}],"seed_played":"-5032586133207786922","potions_obtained":[{"floor":3.0,"key":"EntropicBrew"},{"floor":11.0,"key":"Fire Potion"},{"floor":18.0,"key":"Ancient Potion"},{"floor":24.0,"key":"FearPotion"},{"floor":35.0,"key":"Swift Potion"},{"floor":44,"key":"Fire Potion"}],"is_trial":false,"path_per_floor":["M","M","M","$","M","R","E","R","T","R","E","?","M","?","R","B",null,"M","M","?","?","M","R","M","M","T","$","R","E","M","M","R","B",null,"M","M","$","?","?","E","$","R","T","M","R","E","?","?","R","B",null],"character_chosen":"IRONCLAD","items_purchased":["Molten Egg 2","Limit Break","Bronze Scales"],"campfire_rested":2,"item_purchase_floors":[27,37,37],"current_hp_per_floor":[96,93,96,96,91,91,67,67,67,67,50,55,52,41,41,33,101,101,95,79,79,69,69,70,64,64,64,64,41,41,32,62,56,101,101,100,100,77,77,56,56,56,66,110,110,94,94,94,94,82],"gold":85,"neow_bonus":"TWENTY_PERCENT_HP_BONUS","is_prod":false,"is_daily":false,"chose_seed":false,"campfire_upgraded":8,"win_rate":0,"timestamp":1571409310,"path_taken":["M","M","M","?","M","R","E","R","T","R","E","?","M","?","R","BOSS","M","M","?","?","M","R","M","?","T","$","R","E","M","M","R","BOSS","M","M","$","?","?","E","?","R","T","?","R","E","?","?","R","BOSS"],"build_version":"2019-10-17","purchased_purges":2,"victory":true,"max_hp_per_floor":[96,96,96,96,96,96,96,96,96,96,96,101,101,101,101,101,101,101,101,101,101,101,101,101,101,101,101,101,101,101,101,101,101,101,101,101,101,101,101,101,101,101,111,111,111,111,105,105,105,105],"card_choices":[{"not_picked":["Pommel Strike","Sword Boomerang"],"picked":"Flex","floor":1.0},{"not_picked":["Iron Wave","Entrench","Combust"],"picked":"SKIP","floor":2.0},{"not_picked":["Warcry","Blood for Blood"],"picked":"Clash","floor":3.0},{"not_picked":["Shrug It Off","Wild Strike"],"picked":"Disarm","floor":5.0},{"not_picked":["Evolve","Dual Wield"],"picked":"Thunderclap","floor":7.0},{"not_picked":["Exhume","Wild Strike","Shrug It Off"],"picked":"SKIP","floor":11.0},{"not_picked":["Dual Wield","Twin Strike"],"picked":"Heavy Blade","floor":13.0},{"not_picked":["Dark Embrace","Reaper"],"picked":"Limit Break","floor":16.0},{"not_picked":["Clash+1","Iron Wave"],"picked":"Cleave","floor":18.0},{"not_picked":["Sentinel","Wild Strike","Searing Blow"],"picked":"SKIP","floor":19.0},{"not_picked":["Burning Pact","Sword Boomerang"],"picked":"Flex","floor":22.0},{"not_picked":["Thunderclap","Cleave"],"picked":"Offering","floor":24.0},{"not_picked":["True Grit","Warcry+1"],"picked":"Flex","floor":25.0},{"not_picked":["Whirlwind+1","Ghostly Armor","Dropkick+1"],"picked":"SKIP","floor":29.0},{"not_picked":["Carnage+1","Armaments+1","Shrug It Off"],"picked":"SKIP","floor":30.0},{"not_picked":["Rage","Intimidate","Searing Blow+1"],"picked":"SKIP","floor":31.0},{"not_picked":["Impervious","Demon Form"],"picked":"Reaper+1","floor":33.0},{"not_picked":["Whirlwind+1","Armaments+1","Havoc"],"picked":"SKIP","floor":35.0},{"not_picked":["Disarm+1","Armaments","Twin Strike+1"],"picked":"SKIP","floor":36.0},{"not_picked":["Shrug It Off","Dark Embrace"],"picked":"Flex+1","floor":38},{"not_picked":["Panache","Sadistic Nature"],"picked":"Trip","floor":39},{"not_picked":["Warcry","Twin Strike+1","Blood for Blood+1"],"picked":"SKIP","floor":40},{"not_picked":["Pommel Strike+1","Thunderclap+1"],"picked":"Heavy Blade+1","floor":44},{"not_picked":["Whirlwind+1","Headbutt+1","Sentinel+1"],"picked":"SKIP","floor":46},{"not_picked":["Headbutt+1","Sentinel+1"],"picked":"Whirlwind+1","floor":46}],"player_experience":855041,"relics_obtained":[{"floor":7.0,"key":"Sundial"},{"floor":9.0,"key":"Champion Belt"},{"floor":11.0,"key":"Bird Faced Urn"},{"floor":20.0,"key":"Necronomicon"},{"floor":26.0,"key":"InkBottle"},{"floor":29.0,"key":"Anchor"},{"floor":38,"key":"Thread and Needle"},{"floor":40,"key":"Darkstone Periapt"},{"floor":43,"key":"Pear"},{"floor":46,"key":"Dodecahedron"}],"event_choices":[{"damage_healed":0.0,"max_hp_gain":5.0,"max_hp_loss":0.0,"gold_gain":0.0,"event_name":"Big Fish","player_choice":"Donut","floor":12.0,"gold_loss":0.0,"damage_taken":0.0},{"damage_healed":0.0,"max_hp_gain":0.0,"max_hp_loss":0.0,"gold_gain":75.0,"event_name":"World of Goop","player_choice":"Gather Gold","floor":14.0,"gold_loss":0.0,"damage_taken":11.0},{"damage_healed":0.0,"max_hp_gain":0.0,"max_hp_loss":0.0,"gold_gain":0.0,"event_name":"Cursed Tome","player_choice":"Obtained Book","floor":20.0,"gold_loss":0.0,"damage_taken":16.0},{"damage_healed":0.0,"max_hp_gain":0.0,"max_hp_loss":0.0,"gold_gain":0.0,"event_name":"Duplicator","player_choice":"Copied","floor":21.0,"gold_loss":0.0,"damage_taken":0.0,"cards_obtained":["Heavy Blade"]},{"damage_healed":0,"gold_gain":0,"player_choice":"Fight","damage_taken":0,"max_hp_gain":0,"max_hp_loss":0,"event_name":"Mysterious Sphere","floor":38,"gold_loss":0},{"damage_healed":0,"gold_gain":0,"player_choice":"Memory 1","damage_taken":0,"max_hp_gain":0,"max_hp_loss":0,"event_name":"SensoryStone","floor":39,"gold_loss":0},{"damage_healed":0,"gold_gain":0,"player_choice":"Max HP","damage_taken":0,"max_hp_gain":0,"max_hp_loss":6,"event_name":"Winding Halls","floor":47,"gold_loss":0},{"damage_healed":0,"gold_gain":0,"player_choice":"Upgrade","damage_taken":0,"relics_obtained":["Mark of the Bloom"],"max_hp_gain":0,"max_hp_loss":0,"event_name":"MindBloom","floor":48,"gold_loss":0,"cards_upgraded":["Strike_R","Strike_R","Strike_R","Strike_R","Strike_R","Defend_R","Defend_R","Clash","Thunderclap","Cleave","Flex","Trip"]}],"is_beta":true,"boss_relics":[{"not_picked":["Pandora\u0027s Box","Velvet Choker"],"picked":"Runic Dome"},{"not_picked":["Mark of Pain","Sozu"],"picked":"Black Blood"}],"items_purged_floors":[27,41],"is_endless":false,"potions_floor_spawned":[3,11,18,19,24,30,35,44],"ascension_level":0}