{"gold_per_floor":[113,128,145,66,83,83,83,97,123,152,167,167,195,195,195,271,271,288,308,323,50,50,50],"floor_reached":23,"playtime":1754,"items_purged":[],"score":345,"play_id":"18e9ab35-b435-47b5-a548-d402a7530c0f","local_time":"20180827140223","is_ascension_mode":true,"campfire_choices":[{"data":"Zap","floor":6,"key":"SMITH"},{"floor":12,"key":"REST"},{"floor":15,"key":"REST"}],"neow_cost":"NONE","seed_source_timestamp":103393582837685,"circlet_count":0,"master_deck":["Strike_B+1","Strike_B+1","Strike_B+1","Strike_B+1","Defend_B+1","Defend_B+1","Defend_B+1","Defend_B+1","Zap+1","Dualcast","AscendersBane","Ball Lightning","Turbo","Capacitor+1","Glacier","Leap+1","Conserve Battery","Sunder","Seek","Coolheaded","Buffer","Loop","Buffer"],"relics":["Cracked Core","DataDisk","Centennial Puzzle","Dream Catcher","Juzu Bracelet","Black Star","DollysMirror"],"potions_floor_usage":[5,10,19],"damage_taken":[{"damage":5,"enemies":"2 Louse","floor":1,"turns":2},{"damage":7,"enemies":"Jaw Worm","floor":2,"turns":3},{"damage":0,"enemies":"Small Slimes","floor":3,"turns":2},{"damage":18,"enemies":"Exordium Thugs","floor":5,"turns":6},{"damage":5,"enemies":"2 Fungi Beasts","floor":8,"turns":3},{"damage":8,"enemies":"Gremlin Nob","floor":10,"turns":4},{"damage":3,"enemies":"Large Slime","floor":11,"turns":5},{"damage":10,"enemies":"Lagavulin","floor":13,"turns":6},{"damage":13,"enemies":"The Guardian","floor":16,"turns":11},{"damage":1,"enemies":"Chosen","floor":18,"turns":5},{"damage":3,"enemies":"Spheric Guardian","floor":19,"turns":7},{"damage":30,"enemies":"Cultist and Chosen","floor":20,"turns":10},{"damage":24,"enemies":"Gremlin Leader","floor":23,"turns":6}],"seed_played":"-5082911047250804626","potions_obtained":[{"floor":3,"key":"Poison Potion"},{"floor":8,"key":"FocusPotion"},{"floor":10,"key":"EssenceOfSteel"}],"is_trial":false,"path_per_floor":["M","M","M","$","M","R","?","M","T","E","M","R","E","?","R","B",null,"M","M","M","$","?"],"character_chosen":"DEFECT","items_purchased":["Capacitor","DollysMirror","Loop"],"campfire_rested":2,"item_purchase_floors":[4,21,21],"current_hp_per_floor":[59,52,52,52,34,34,34,29,29,21,18,39,29,15,36,23,59,58,55,25,25,25,1],"gold":50,"neow_bonus":"RANDOM_COMMON_RELIC","is_prod":false,"is_daily":false,"chose_seed":false,"campfire_upgraded":1,"win_rate":0,"timestamp":1535371343,"path_taken":["M","M","M","$","M","R","?","M","T","E","M","R","E","?","R","BOSS","M","M","M","$","?","E"],"build_version":"2018-08-23v2","purchased_purges":0,"victory":false,"max_hp_per_floor":[71,71,71,71,71,71,71,71,71,71,71,71,71,71,71,71,71,71,71,71,71,71,71],"card_choices":[{"not_picked":["Steam","Gash"],"picked":"Ball Lightning","floor":1},{"not_picked":["Barrage","Rebound","Scrape"],"picked":"SKIP","floor":2},{"not_picked":["Rebound","Stack"],"picked":"Turbo","floor":3},{"not_picked":["Hyperbeam","Hello World","Stack"],"picked":"SKIP","floor":5},{"not_picked":["Turbo","Streamline"],"picked":"Glacier","floor":8},{"not_picked":["Sweeping Beam","Gash"],"picked":"Leap","floor":10},{"not_picked":["Redo","Rip and Tear","Scrape"],"picked":"SKIP","floor":11},{"not_picked":["Barrage","Beam Cell"],"picked":"Conserve Battery","floor":12},{"not_picked":["Darkness","Redo"],"picked":"Sunder","floor":13},{"not_picked":["Reboot","Meteor Strike"],"picked":"Seek","floor":16},{"not_picked":["Compile Driver","Scrape","Force Field"],"picked":"SKIP","floor":18},{"not_picked":["Rebound","Steam Power"],"picked":"Coolheaded","floor":19},{"not_picked":["White Noise","Ball Lightning"],"picked":"Buffer","floor":20}],"player_experience":565674,"relics_obtained":[{"floor":9,"key":"Centennial Puzzle"},{"floor":10,"key":"Dream Catcher"},{"floor":13,"key":"Juzu Bracelet"}],"event_choices":[{"event_name":"Living Wall","player_choice":"Grow","floor":7,"damage_taken":0},{"event_name":"Shining Light","player_choice":"Entered Light","floor":14,"damage_taken":0},{"event_name":"Back to Basics","player_choice":"Simplicity","floor":22,"damage_taken":0}],"is_beta":true,"boss_relics":[{"not_picked":["Coffee Dripper","Snecko Eye"],"picked":"Black Star"}],"items_purged_floors":[],"is_endless":false,"potions_floor_spawned":[3,8,10],"killed_by":"Gremlin Leader","ascension_level":14}