{"gold_per_floor":[111,111,111,121,141,158,171,171,171,171,199,216,216,249,249,348,348,368,467,467,278,294,322,332,332,332,332,360,373,10,27,27,128,128,147,197,197,54,54,54,81,81,159,178,190,207,7,36,36,36,36,36,36,62,62],"floor_reached":56,"playtime":1291,"items_purged":["Defend_R","Defend_R","Defend_R"],"score":1280,"play_id":"58ff3ede-d496-48f9-802f-719b4157f238","local_time":"20191024154022","is_ascension_mode":false,"campfire_choices":[{"data":"Heavy Blade","floor":10.0,"key":"SMITH"},{"data":"Heavy Blade","floor":15.0,"key":"SMITH"},{"data":"1","floor":25,"key":"LIFT"},{"data":"2","floor":27,"key":"LIFT"},{"data":"3","floor":32,"key":"LIFT"},{"data":"Demon Form","floor":40,"key":"SMITH"},{"floor":42,"key":"DIG"},{"floor":49,"key":"RECALL"},{"data":"Impervious","floor":52,"key":"SMITH"}],"neow_cost":"NONE","seed_source_timestamp":14918956137261,"circlet_count":0,"master_deck":["Strike_R","Strike_R","Strike_R","Strike_R","Strike_R","Defend_R","Bash","Reaper","Inflame+1","Heavy Blade+1","Heavy Blade+1","Thunderclap","Impervious+1","Spot Weakness+1","Demon Form+1"],"special_seed":0,"relics":["Burning Blood","Self Forming Clay","StrikeDummy","Shovel","Matryoshka","Sozu","Membership Card","Girya","Centennial Puzzle","Pantograph","Red Skull","Anchor","Eternal Feather","HandDrill","Busted Crown","Pocketwatch","TungstenRod","Prayer Wheel","Smiling Mask","Orichalcum","Pen Nib","Brimstone","Gremlin Horn","Champion Belt"],"potions_floor_usage":[],"damage_taken":[{"damage":7.0,"enemies":"Small Slimes","floor":1.0,"turns":5.0},{"damage":6.0,"enemies":"2 Louse","floor":4.0,"turns":3.0},{"damage":6.0,"enemies":"Cultist","floor":5.0,"turns":3.0},{"damage":11.0,"enemies":"Exordium Thugs","floor":6.0,"turns":4.0},{"damage":17.0,"enemies":"3 Louse","floor":7.0,"turns":3.0},{"damage":14.0,"enemies":"3 Sentries","floor":11.0,"turns":5.0},{"damage":6.0,"enemies":"Exordium Wildlife","floor":12.0,"turns":4.0},{"damage":17.0,"enemies":"Gremlin Nob","floor":14.0,"turns":4.0},{"damage":48.0,"enemies":"Hexaghost","floor":16.0,"turns":9.0},{"damage":5.0,"enemies":"Spheric Guardian","floor":18.0,"turns":3.0},{"damage":8.0,"enemies":"3 Byrds","floor":22.0,"turns":5.0},{"damage":4,"enemies":"Gremlin Leader","floor":23,"turns":4},{"damage":23,"enemies":"Centurion and Healer","floor":24,"turns":5},{"damage":22,"enemies":"Slavers","floor":28,"turns":5},{"damage":10,"enemies":"Chosen and Byrds","floor":29,"turns":3},{"damage":0,"enemies":"Cultist and Chosen","floor":31,"turns":3},{"damage":44,"enemies":"Automaton","floor":33,"turns":6},{"damage":3,"enemies":"3 Darklings","floor":35,"turns":3},{"damage":4,"enemies":"Mind Bloom Boss Battle","floor":36,"turns":4},{"damage":12,"enemies":"Giant Head","floor":41,"turns":6},{"damage":0,"enemies":"Orb Walker","floor":44,"turns":2},{"damage":0,"enemies":"Transient","floor":45,"turns":5},{"damage":0,"enemies":"Spire Growth","floor":46,"turns":3},{"damage":0,"enemies":"Reptomancer","floor":48,"turns":3},{"damage":36,"enemies":"Time Eater","floor":50,"turns":4},{"damage":13,"enemies":"Shield and Spear","floor":54,"turns":3},{"damage":60,"enemies":"The Heart","floor":55,"turns":5}],"seed_played":"4370002159019335669","potions_obtained":[{"floor":1.0,"key":"Weak Potion"},{"floor":7.0,"key":"DistilledChaos"},{"floor":11.0,"key":"LiquidBronze"}],"is_trial":false,"path_per_floor":["M","?","?","M","M","M","M","T","T","R","E","M","?","E","R","B",null,"M","?","?","$","M","E","M","R","T","R","E","M","$","M","R","B",null,"M","?","?","$","?","R","E","R","T","M","M","M","$","E","R","B",null,"R","$","E","B",null],"character_chosen":"IRONCLAD","items_purchased":["Membership Card","Anchor","Demon Form","Eternal Feather","HandDrill","TungstenRod","Pen Nib","Brimstone"],"campfire_rested":0,"item_purchase_floors":[21,30,30,30,30,38,47,47],"current_hp_per_floor":[80,77,77,80,80,80,78,78,78,78,76,80,80,69,69,36,80,80,80,80,80,78,80,63,63,63,63,65,70,70,79,80,42,80,80,80,80,80,80,80,80,80,80,80,80,80,80,80,80,50,80,80,80,80,26],"gold":62,"neow_bonus":"ONE_RANDOM_RARE_CARD","is_prod":false,"is_daily":false,"chose_seed":false,"campfire_upgraded":4,"win_rate":0,"timestamp":1571924422,"path_taken":["M","?","?","M","M","M","?","?","T","R","E","M","?","E","R","BOSS","M","?","?","$","M","E","?","R","T","R","E","M","$","M","R","BOSS","M","?","?","$","?","R","E","R","T","M","M","M","$","E","R","BOSS","R","$","E","BOSS"],"build_version":"2019-10-23","purchased_purges":3,"victory":true,"max_hp_per_floor":[80,80,80,80,80,80,80,80,80,80,80,80,80,80,80,80,80,80,80,80,80,80,80,80,80,80,80,80,80,80,80,80,80,80,80,80,80,80,80,80,80,80,80,80,80,80,80,80,80,80,80,80,80,80,80],"card_choices":[{"not_picked":["Dual Wield","Anger","Shrug It Off"],"picked":"SKIP","floor":1.0},{"not_picked":["Warcry","Cleave"],"picked":"Inflame","floor":4.0},{"not_picked":["Warcry","Thunderclap"],"picked":"Heavy Blade","floor":5.0},{"not_picked":["Perfected Strike","Shrug It Off","True Grit"],"picked":"SKIP","floor":6.0},{"not_picked":["Bloodletting","Clothesline"],"picked":"Heavy Blade","floor":7.0},{"not_picked":["Wild Strike","Shrug It Off"],"picked":"Thunderclap","floor":11.0},{"not_picked":["Warcry","Rampage","Seeing Red"],"picked":"SKIP","floor":12.0},{"not_picked":["Warcry","Ghostly Armor","Second Wind"],"picked":"SKIP","floor":14.0},{"not_picked":["Corruption","Fiend Fire"],"picked":"Impervious","floor":16.0},{"not_picked":["Armaments+1","Clash","Iron Wave"],"picked":"SKIP","floor":18.0},{"not_picked":["Warcry","Seeing Red"],"picked":"Spot Weakness+1","floor":22.0},{"not_picked":["Body Slam","Bludgeon","Clothesline"],"picked":"SKIP","floor":23},{"not_picked":["Combust","Thunderclap","Dark Embrace"],"picked":"SKIP","floor":24},{"not_picked":["Sever Soul","Anger+1","Flex"],"picked":"SKIP","floor":28},{"not_picked":["Warcry","Iron Wave","Sword Boomerang"],"picked":"SKIP","floor":29},{"not_picked":["Sever Soul","Combust+1","Inflame"],"picked":"SKIP","floor":31},{"not_picked":["Seeing Red"],"picked":"SKIP","floor":35},{"not_picked":["Wild Strike"],"picked":"SKIP","floor":41},{"not_picked":["Shrug It Off"],"picked":"SKIP","floor":44},{"not_picked":["Cleave+1"],"picked":"SKIP","floor":44},{"not_picked":["Flex+1"],"picked":"SKIP","floor":45},{"not_picked":["Armaments"],"picked":"SKIP","floor":45},{"not_picked":["Flex+1"],"picked":"SKIP","floor":46},{"not_picked":["Perfected Strike"],"picked":"SKIP","floor":46},{"not_picked":["Burning Pact"],"picked":"SKIP","floor":48},{"not_picked":["Intimidate"],"picked":"SKIP","floor":54}],"player_experience":891534,"relics_obtained":[{"floor":8.0,"key":"StrikeDummy"},{"floor":9.0,"key":"Shovel"},{"floor":11.0,"key":"Matryoshka"},{"floor":23,"key":"Girya"},{"floor":26,"key":"Centennial Puzzle"},{"floor":26,"key":"Pantograph"},{"floor":28,"key":"Red Skull"},{"floor":36,"key":"Pocketwatch"},{"floor":41,"key":"Prayer Wheel"},{"floor":42,"key":"Smiling Mask"},{"floor":43,"key":"Orichalcum"},{"floor":48,"key":"Gremlin Horn"},{"floor":54,"key":"Champion Belt"}],"event_choices":[{"damage_healed":0.0,"max_hp_gain":0.0,"max_hp_loss":0.0,"gold_gain":0.0,"event_name":"Scrap Ooze","player_choice":"Success","floor":2.0,"gold_loss":0.0,"damage_taken":3.0,"relics_obtained":["Self Forming Clay"]},{"damage_healed":0.0,"max_hp_gain":0.0,"max_hp_loss":0.0,"gold_gain":0.0,"event_name":"The Woman in Blue","player_choice":"Bought 0 Potions","floor":3.0,"gold_loss":0.0,"damage_taken":0.0},{"damage_healed":0.0,"max_hp_gain":0.0,"max_hp_loss":0.0,"gold_gain":0.0,"event_name":"Liars Game","player_choice":"Ignored","floor":13.0,"gold_loss":0.0,"damage_taken":0.0},{"damage_healed":0.0,"max_hp_gain":0.0,"max_hp_loss":0.0,"gold_gain":99.0,"event_name":"Nest","player_choice":"Stole From Cult","floor":19.0,"gold_loss":0.0,"damage_taken":0.0},{"damage_healed":0.0,"max_hp_gain":0.0,"max_hp_loss":0.0,"gold_gain":0.0,"event_name":"Accursed Blacksmith","player_choice":"Forge","floor":20.0,"gold_loss":0.0,"damage_taken":0.0,"cards_upgraded":["Inflame"]},{"damage_healed":0,"gold_gain":0,"player_choice":"Fight","damage_taken":0,"max_hp_gain":0,"max_hp_loss":0,"event_name":"MindBloom","floor":36,"gold_loss":0},{"damage_healed":0,"gold_gain":0,"player_choice":"Ignored","damage_taken":0,"max_hp_gain":0,"max_hp_loss":0,"event_name":"Tomb of Lord Red Mask","floor":37,"gold_loss":0},{"damage_healed":0,"gold_gain":0,"player_choice":"Memory 1","damage_taken":0,"max_hp_gain":0,"max_hp_loss":0,"event_name":"SensoryStone","floor":39,"gold_loss":0}],"is_beta":true,"boss_relics":[{"not_picked":["Empty Cage","Cursed Key"],"picked":"Sozu"},{"not_picked":["Calling Bell","Tiny House"],"picked":"Busted Crown"}],"items_purged_floors":[21,30,47],"is_endless":false,"potions_floor_spawned":[1,7,11,24,29,33,35,46,48,54],"ascension_level":0}