{"gold_per_floor":[109,120,139,149,162,162,173,173,173,186,186,186,111,127,127,222,222,242,252,152,29,42,58,76,76,76,89,101,101,121,139,139,139],"floor_reached":33,"playtime":932,"items_purged":["Defend_R","Defend_R"],"score":249,"play_id":"1787c261-b065-4897-9f41-9594fe9d3b41","local_time":"20181105113511","is_ascension_mode":false,"campfire_choices":[{"data":"Flex","floor":6.0,"key":"SMITH"},{"data":"Double Tap","floor":8.0,"key":"SMITH"},{"data":"Whirlwind","floor":11.0,"key":"SMITH"},{"data":"Rampage","floor":15.0,"key":"SMITH"},{"data":"Uppercut","floor":25.0,"key":"SMITH"},{"floor":32.0,"key":"REST"}],"neow_cost":"NONE","seed_source_timestamp":176350090302601,"circlet_count":0,"master_deck":["Strike_R","Strike_R","Strike_R","Strike_R","Strike_R","Defend_R","Defend_R","Bash","Rampage+1","Battle Trance","Flex+1","Double Tap+1","Whirlwind+1","Thunderclap","Reaper","Uppercut+1","Limit Break"],"special_seed":0,"relics":["Burning Blood"],"potions_floor_usage":[33,33],"damage_taken":[{"damage":1.0,"enemies":"Cultist","floor":1.0,"turns":3.0},{"damage":5.0,"enemies":"Jaw Worm","floor":2.0,"turns":5.0},{"damage":5.0,"enemies":"2 Louse","floor":3.0,"turns":3.0},{"damage":12.0,"enemies":"Lots of Slimes","floor":4.0,"turns":6.0},{"damage":16.0,"enemies":"Blue Slaver","floor":5.0,"turns":4.0},{"damage":10.0,"enemies":"Looter","floor":7.0,"turns":2.0},{"damage":3.0,"enemies":"Exordium Wildlife","floor":10.0,"turns":5.0},{"damage":0.0,"enemies":"Blue Slaver","floor":14.0,"turns":1.0},{"damage":7.0,"enemies":"Slime Boss","floor":16.0,"turns":6.0},{"damage":32.0,"enemies":"Shell Parasite","floor":18.0,"turns":5.0},{"damage":20.0,"enemies":"2 Thieves","floor":19.0,"turns":2.0},{"damage":22.0,"enemies":"Cultist and Chosen","floor":22.0,"turns":5.0},{"damage":10.0,"enemies":"Centurion and Healer","floor":23.0,"turns":6.0},{"damage":26.0,"enemies":"Chosen and Byrds","floor":24.0,"turns":5.0},{"damage":33.0,"enemies":"Shelled Parasite and Fungi","floor":27.0,"turns":4.0},{"damage":21.0,"enemies":"Snecko","floor":28.0,"turns":4.0},{"damage":31.0,"enemies":"Snake Plant","floor":30.0,"turns":4.0},{"damage":22.0,"enemies":"Shelled Parasite and Fungi","floor":31.0,"turns":3.0},{"damage":30,"enemies":"Automaton","floor":33,"turns":4}],"seed_played":"-2257762932817420988","potions_obtained":[{"floor":1.0,"key":"Ancient Potion"},{"floor":7.0,"key":"Fire Potion"},{"floor":10.0,"key":"Energy Potion"},{"floor":19.0,"key":"Strength Potion"},{"floor":22.0,"key":"Ancient Potion"},{"floor":28.0,"key":"EssenceOfSteel"},{"floor":31.0,"key":"Fire Potion"}],"is_trial":false,"path_per_floor":["M","M","M","M","M","R","M","R","T","M","R","?","$","M","R","B",null,"M","M","$","$","M","M","M","R","T","M","M","$","M","M","R","B"],"character_chosen":"IRONCLAD","items_purchased":["Uppercut","SteroidPotion"],"campfire_rested":1,"item_purchase_floors":[21,21],"current_hp_per_floor":[88,88,88,82,72,72,68,68,68,71,71,71,71,77,77,76,88,70,56,56,56,66,70,78,78,78,61,52,52,33,17,43,37],"gold":139,"neow_bonus":"TEN_PERCENT_HP_BONUS","is_prod":false,"is_daily":false,"chose_seed":false,"campfire_upgraded":5,"win_rate":0,"timestamp":1541414111,"path_taken":["M","M","M","M","M","R","?","R","T","M","R","?","$","M","R","BOSS","M","?","?","$","M","M","M","R","T","M","M","$","M","M","R","BOSS"],"build_version":"2018-11-02","purchased_purges":2,"victory":false,"max_hp_per_floor":[88,88,88,88,88,88,88,88,88,88,88,88,88,88,88,88,88,88,88,88,88,88,88,88,88,88,88,88,88,88,88,88,88],"card_choices":[{"not_picked":["Twin Strike","Flex"],"picked":"Rampage","floor":1.0},{"not_picked":["Clothesline","Heavy Blade","Headbutt"],"picked":"SKIP","floor":2.0},{"not_picked":["Heavy Blade","Sword Boomerang"],"picked":"Battle Trance","floor":3.0},{"not_picked":["Clothesline","Wild Strike","Heavy Blade"],"picked":"SKIP","floor":4.0},{"not_picked":["Flame Barrier","Armaments"],"picked":"Flex","floor":5.0},{"not_picked":["Rupture","Sword Boomerang"],"picked":"Double Tap","floor":7.0},{"not_picked":["Searing Blow","Havoc"],"picked":"Whirlwind","floor":10.0},{"not_picked":["Sword Boomerang","Shrug It Off"],"picked":"Thunderclap","floor":14.0},{"not_picked":["Fiend Fire","Immolate"],"picked":"Reaper","floor":16.0},{"not_picked":["Infernal Blade","Anger+1","Shrug It Off"],"picked":"SKIP","floor":18.0},{"not_picked":["Wild Strike","Iron Wave","Shockwave"],"picked":"SKIP","floor":19.0},{"not_picked":["Corruption+1","Pommel Strike","Iron Wave"],"picked":"SKIP","floor":22.0},{"not_picked":["Wild Strike","Twin Strike+1","Corruption"],"picked":"SKIP","floor":23.0},{"not_picked":["Wild Strike+1","Clothesline+1","Anger+1"],"picked":"SKIP","floor":24.0},{"not_picked":["Armaments","Thunderclap","Exhume"],"picked":"SKIP","floor":27.0},{"not_picked":["Rampage","Twin Strike","Heavy Blade"],"picked":"SKIP","floor":28.0},{"not_picked":["Feel No Pain","Thunderclap","Seeing Red"],"picked":"SKIP","floor":30.0},{"not_picked":["Havoc","Wild Strike"],"picked":"Limit Break","floor":31.0}],"player_experience":740548,"relics_obtained":[],"event_choices":[{"damage_healed":0.0,"max_hp_gain":0.0,"max_hp_loss":0.0,"gold_gain":0.0,"event_name":"WeMeetAgain","player_choice":"Ignored","floor":12.0,"gold_loss":0.0,"damage_taken":0.0}],"is_beta":true,"boss_relics":[{"not_picked":["Astrolabe","Mark of Pain","Calling Bell"]}],"items_purged_floors":[13,20],"is_endless":false,"potions_floor_spawned":[1,7,10,14,19,22,28,31],"killed_by":"Automaton","ascension_level":0}