{"gold_per_floor":[114,134,134,6,24,55,55,87,157,177,207,207,217,229,229,303,303,303,303,303,303,303,303,303,303,303,303,24,24,24,24,24,24,24,24,24,24,24,24,24,24,24,24,24,24,24,24,0,0,0],"floor_reached":51,"playtime":1718,"items_purged":["Defend_R"],"score":1253,"play_id":"1ee1784a-753f-4b43-83da-3769bfd510fa","local_time":"20180902003005","is_ascension_mode":true,"campfire_choices":[{"floor":7.0,"key":"REST"},{"data":"Inflame","floor":12.0,"key":"SMITH"},{"data":"Flex","floor":15.0,"key":"SMITH"},{"data":"Heavy Blade","floor":24.0,"key":"SMITH"},{"data":"Demon Form","floor":27.0,"key":"SMITH"},{"data":"Perfected Strike","floor":29.0,"key":"SMITH"},{"data":"Heavy Blade","floor":32.0,"key":"SMITH"},{"data":"Limit Break","floor":40.0,"key":"SMITH"},{"floor":42.0,"key":"REST"},{"data":"Perfected Strike","floor":49,"key":"SMITH"}],"neow_cost":"","seed_source_timestamp":572895521858696,"circlet_count":0,"master_deck":["Strike_R","Strike_R","Strike_R","Strike_R","Strike_R+1","Defend_R","Defend_R+1","Bash+1","AscendersBane","Shrug It Off","Flex+1","Pummel","Perfected Strike+1","Twin Strike","Reaper","Perfected Strike+1","Inflame+1","Offering","Bludgeon","Fire Breathing+1","Heavy Blade+1","Demon Form+1","Demon Form","Heavy Blade+1","Limit Break+1","Whirlwind","Flex+1","Perfected Strike"],"special_seed":0,"relics":["Burning Blood","Bird Faced Urn","Oddly Smooth Stone","Question Card","Gambling Chip","Ectoplasm","Mango","The Courier","War Paint","Regal Pillow","Lee\u0027s Waffle","MawBank","Sozu","Blue Candle","Bottled Flame","Red Mask"],"potions_floor_usage":[],"damage_taken":[{"damage":9.0,"enemies":"Small Slimes","floor":1.0,"turns":4.0},{"damage":10.0,"enemies":"Jaw Worm","floor":2.0,"turns":5.0},{"damage":0.0,"enemies":"Cultist","floor":5.0,"turns":3.0},{"damage":36.0,"enemies":"Lagavulin","floor":6.0,"turns":9.0},{"damage":25.0,"enemies":"Gremlin Nob","floor":8.0,"turns":4.0},{"damage":14.0,"enemies":"3 Louse","floor":10.0,"turns":3.0},{"damage":9.0,"enemies":"3 Sentries","floor":11.0,"turns":6.0},{"damage":10.0,"enemies":"Lots of Slimes","floor":13.0,"turns":4.0},{"damage":16.0,"enemies":"Red Slaver","floor":14.0,"turns":4.0},{"damage":31.0,"enemies":"Hexaghost","floor":16.0,"turns":8.0},{"damage":0.0,"enemies":"Spheric Guardian","floor":18.0,"turns":2.0},{"damage":12.0,"enemies":"Chosen","floor":20.0,"turns":4.0},{"damage":19.0,"enemies":"3 Cultists","floor":21.0,"turns":5.0},{"damage":12.0,"enemies":"Colosseum Slavers","floor":22.0,"turns":3.0},{"damage":22.0,"enemies":"Colosseum Nobs","floor":22.0,"turns":3.0},{"damage":48.0,"enemies":"Gremlin Leader","floor":23.0,"turns":4.0},{"damage":14.0,"enemies":"Centurion and Healer","floor":25.0,"turns":4.0},{"damage":35.0,"enemies":"Book of Stabbing","floor":30.0,"turns":3.0},{"damage":6.0,"enemies":"Cultist and Chosen","floor":31.0,"turns":3.0},{"damage":44.0,"enemies":"Collector","floor":33.0,"turns":6.0},{"damage":11.0,"enemies":"Orb Walker","floor":35.0,"turns":2.0},{"damage":32.0,"enemies":"3 Darklings","floor":36.0,"turns":4.0},{"damage":6.0,"enemies":"Transient","floor":39.0,"turns":5.0},{"damage":100.0,"enemies":"Giant Head","floor":41.0,"turns":7.0},{"damage":24.0,"enemies":"Spire Growth","floor":44.0,"turns":3.0},{"damage":29.0,"enemies":"4 Shapes","floor":45.0,"turns":4.0},{"damage":6,"enemies":"Jaw Worm Horde","floor":46,"turns":1},{"damage":105,"enemies":"Time Eater","floor":50,"turns":6}],"seed_played":"-272275664652191752","potions_obtained":[{"floor":10.0,"key":"Energy Potion"},{"floor":11.0,"key":"Block Potion"},{"floor":18.0,"key":"Fire Potion"},{"floor":21.0,"key":"GamblersBrew"},{"floor":22.0,"key":"SkillPotion"},{"floor":31.0,"key":"SkillPotion"}],"is_trial":false,"path_per_floor":["M","M","?","$","M","E","R","E","T","M","E","R","M","M","R","B",null,"M","?","M","M","?","E","R","M","T","R","$","R","E","M","R","B",null,"M","M","?","?","M","R","E","R","T","M","M","M","?","?","R","B"],"character_chosen":"IRONCLAD","items_purchased":["Flex","Pummel","Lee\u0027s Waffle","Demon Form"],"campfire_rested":2,"item_purchase_floors":[4,4,28,28],"current_hp_per_floor":[69,65,49,49,55,25,49,30,30,37,47,47,60,62,62,39,70,76,76,77,71,76,52,52,58,58,58,101,101,74,80,80,79,96,99,101,101,96,96,96,22,65,65,84,84,88,88,88,88,10],"gold":0,"neow_bonus":"","is_prod":false,"is_daily":false,"chose_seed":false,"campfire_upgraded":8,"win_rate":0,"timestamp":1535841005,"path_taken":["M","M","?","?","M","E","R","E","T","M","E","R","M","M","R","BOSS","M","?","?","M","?","E","R","M","T","R","$","R","E","M","R","BOSS","M","M","?","?","?","R","E","R","T","M","M","M","?","?","R","BOSS"],"build_version":"2018-08-30","purchased_purges":1,"victory":true,"max_hp_per_floor":[80,80,80,80,80,80,80,80,80,80,80,80,80,80,80,80,80,80,80,80,80,94,94,94,94,94,94,101,101,101,101,101,101,101,101,101,101,96,96,96,96,96,96,96,96,96,96,96,96,96],"card_choices":[{"not_picked":["Havoc","Wild Strike"],"picked":"Shrug It Off","floor":1.0},{"not_picked":["Bloodletting","True Grit"],"picked":"Armaments","floor":2.0},{"not_picked":["Sword Boomerang","Disarm"],"picked":"Perfected Strike","floor":5.0},{"not_picked":["Clothesline","Battle Trance"],"picked":"Twin Strike","floor":6.0},{"not_picked":["Feel No Pain","Burning Pact"],"picked":"Reaper","floor":8.0},{"not_picked":["Carnage","Burning Pact","Pommel Strike"],"picked":"Perfected Strike","floor":10.0},{"not_picked":["Iron Wave","Body Slam","Sword Boomerang"],"picked":"Inflame","floor":11.0},{"not_picked":["Wild Strike","Seeing Red","Anger","Flame Barrier"],"picked":"SKIP","floor":13.0},{"not_picked":["Havoc","Ghostly Armor","Headbutt"],"picked":"Offering","floor":14.0},{"not_picked":["Fiend Fire","Juggernaut","Barricade"],"picked":"Bludgeon","floor":16.0},{"not_picked":["Flame Barrier","Body Slam","Anger"],"picked":"Fire Breathing+1","floor":18.0},{"not_picked":["Dropkick","Wild Strike","Rampage"],"picked":"Heavy Blade","floor":20.0},{"not_picked":["Cleave","Twin Strike+1","Combust+1","Disarm+1"],"picked":"SKIP","floor":21.0},{"not_picked":["Fire Breathing","True Grit","Searing Blow"],"picked":"Demon Form","floor":23.0},{"not_picked":["Clash","Battle Trance","Sword Boomerang","Iron Wave"],"picked":"SKIP","floor":25.0},{"not_picked":["True Grit","Spot Weakness","Thunderclap"],"picked":"Heavy Blade","floor":30.0},{"not_picked":["Body Slam","Havoc+1","Iron Wave","Reckless Charge"],"picked":"SKIP","floor":31.0},{"not_picked":["Demon Form","Brutality","Offering"],"picked":"Limit Break","floor":33.0},{"not_picked":["Warcry","Infernal Blade","Pommel Strike"],"picked":"Whirlwind","floor":35.0},{"not_picked":["Armaments","Clothesline+1","Corruption+1","True Grit"],"picked":"SKIP","floor":36.0},{"not_picked":["Clothesline","Clash","Anger","Brutality"],"picked":"SKIP","floor":39.0},{"not_picked":["Shrug It Off","Pummel","Clothesline","Brutality"],"picked":"SKIP","floor":41.0},{"not_picked":["Warcry+1","Anger","Feel No Pain+1"],"picked":"Perfected Strike","floor":44.0},{"not_picked":["Bloodletting","Pommel Strike+1","Sword Boomerang","Uppercut"],"picked":"SKIP","floor":45.0},{"not_picked":["Cleave","Feel No Pain","Demon Form","Entrench"],"picked":"SKIP","floor":46}],"player_experience":626782,"relics_obtained":[{"floor":6.0,"key":"Bird Faced Urn"},{"floor":8.0,"key":"Oddly Smooth Stone"},{"floor":9.0,"key":"Question Card"},{"floor":11.0,"key":"Gambling Chip"},{"floor":22.0,"key":"Mango"},{"floor":22.0,"key":"The Courier"},{"floor":23.0,"key":"War Paint"},{"floor":26.0,"key":"Regal Pillow"},{"floor":30.0,"key":"MawBank"},{"floor":41.0,"key":"Blue Candle"},{"floor":43.0,"key":"Bottled Flame"}],"event_choices":[{"event_name":"Shining Light","player_choice":"Entered Light","floor":3.0,"damage_taken":0.0},{"event_name":"Purifier","player_choice":"One Purge","floor":19.0,"damage_taken":0.0},{"event_name":"Colosseum","player_choice":"Fight","floor":22.0,"damage_taken":0.0},{"event_name":"Colosseum","player_choice":"Fought Nobs","floor":22.0,"damage_taken":0.0},{"event_name":"Duplicator","player_choice":"One dupe","floor":37.0,"damage_taken":0.0},{"event_name":"Winding Halls","player_choice":"Max HP","floor":38.0,"damage_taken":0.0},{"event_name":"Falling","player_choice":"Removed Skill","floor":47,"damage_taken":0},{"event_name":"Tomb of Lord Red Mask","player_choice":"Paid","floor":48,"damage_taken":0}],"is_beta":true,"boss_relics":[{"not_picked":["Mark of Pain","Runic Dome"],"picked":"Ectoplasm"},{"not_picked":["Calling Bell","Orrery"],"picked":"Sozu"}],"items_purged_floors":[28],"is_endless":false,"potions_floor_spawned":[10,11,18,21,22,31,35],"ascension_level":13}