{"gold_per_floor":[114,134,154,329,345,345,371,383,410,26,42,59,24,55,55,132,132,142,142,162,9,23,23],"floor_reached":23,"playtime":1453,"items_purged":["Doubt","Writhe"],"score":332,"play_id":"6e8c09ba-864c-45d5-8b81-67ea64a3dd4e","local_time":"20180813123208","is_ascension_mode":true,"campfire_choices":[{"data":"Defragment","floor":6,"key":"SMITH"},{"data":"Streamline","floor":15,"key":"SMITH"}],"neow_cost":"NONE","seed_source_timestamp":1820461682791,"circlet_count":0,"master_deck":["Strike_B","Strike_B","Strike_B","Strike_B","Defend_B","Defend_B","Defend_B","Defend_B","Zap","Dualcast","AscendersBane","Cold Snap","Coolheaded","Defragment+1","Sweeping Beam","Streamline+1","Go for the Eyes","FTL","Electrodynamics","Compile Driver","Go for the Eyes","Machine Learning","Cold Snap+1","Gash","Conserve Battery","Gash"],"relics":["Cracked Core","Oddly Smooth Stone","Bag of Preparation","Runic Capacitor","Centennial Puzzle","Philosopher\u0027s Stone","Gremlin Horn"],"potions_floor_usage":[5,16,23],"damage_taken":[{"damage":4,"enemies":"Small Slimes","floor":1,"turns":3},{"damage":0,"enemies":"Cultist","floor":2,"turns":3},{"damage":4,"enemies":"Jaw Worm","floor":3,"turns":4},{"damage":1,"enemies":"Exordium Wildlife","floor":5,"turns":6},{"damage":8,"enemies":"Blue Slaver","floor":8,"turns":3},{"damage":22,"enemies":"Large Slime","floor":11,"turns":4},{"damage":0,"enemies":"Looter","floor":12,"turns":3},{"damage":19,"enemies":"Lagavulin","floor":14,"turns":4},{"damage":5,"enemies":"The Guardian","floor":16,"turns":8},{"damage":19,"enemies":"2 Thieves","floor":18,"turns":3},{"damage":15,"enemies":"Spheric Guardian","floor":20,"turns":4},{"damage":10,"enemies":"Snecko","floor":22,"turns":4},{"damage":21,"enemies":"Slavers","floor":23,"turns":1}],"seed_played":"-2005986104554943696","potions_obtained":[{"floor":1,"key":"AttackPotion"},{"floor":2,"key":"FearPotion"},{"floor":8,"key":"Swift Potion"},{"floor":11,"key":"SkillPotion"},{"floor":18,"key":"SpeedPotion"},{"floor":22,"key":"Weak Potion"}],"is_trial":false,"path_per_floor":["M","M","M","?","M","R","T","M","T","$","M","M","?","E","R","B",null,"M","?","M","$","M"],"character_chosen":"DEFECT","items_purchased":["Runic Capacitor","Go for the Eyes","FTL","Conserve Battery"],"campfire_rested":0,"item_purchase_floors":[10,10,10,21],"current_hp_per_floor":[67,67,63,63,62,62,62,54,54,54,32,32,51,32,32,27,65,46,46,31,31,21,0],"gold":23,"neow_bonus":"TEN_PERCENT_HP_BONUS","is_prod":false,"is_daily":false,"chose_seed":false,"campfire_upgraded":2,"win_rate":0,"timestamp":1534156328,"path_taken":["M","M","M","?","M","R","?","M","T","$","?","M","?","E","R","BOSS","M","?","M","$","M","E"],"build_version":"2018-08-08","purchased_purges":2,"victory":false,"max_hp_per_floor":[78,78,78,78,78,78,78,78,78,78,78,78,78,78,78,78,78,78,78,78,78,78,78],"card_choices":[{"not_picked":["Fusion","Chill"],"picked":"Cold Snap","floor":1},{"not_picked":["Chaos","Stack"],"picked":"Coolheaded","floor":2},{"not_picked":["Rip and Tear","Genetic Algorithm"],"picked":"Defragment","floor":3},{"not_picked":["Storm","Steam"],"picked":"Sweeping Beam","floor":5},{"not_picked":["Rebound","Ball Lightning"],"picked":"Streamline","floor":8},{"not_picked":["Glacier","Hello World"],"picked":"Electrodynamics","floor":11},{"not_picked":["Reinforced Body","Barrage"],"picked":"Compile Driver","floor":12},{"not_picked":["Redo","Recycle"],"picked":"Go for the Eyes","floor":14},{"not_picked":["Reboot","Amplify"],"picked":"Machine Learning","floor":16},{"not_picked":["Leap","Hologram"],"picked":"Cold Snap+1","floor":18},{"not_picked":["Fusion","Stack"],"picked":"Gash","floor":20},{"not_picked":["Reinforced Body","Hologram"],"picked":"Gash","floor":22}],"player_experience":534334,"relics_obtained":[{"floor":7,"key":"Oddly Smooth Stone"},{"floor":9,"key":"Bag of Preparation"},{"floor":14,"key":"Centennial Puzzle"}],"event_choices":[{"event_name":"Liars Game","player_choice":"agreed","floor":4,"damage_taken":0},{"event_name":"The Cleric","player_choice":"Healed","floor":13,"damage_taken":0},{"event_name":"The Mausoleum","player_choice":"Yes","floor":19,"damage_taken":0}],"is_beta":true,"boss_relics":[{"not_picked":["Tiny House","Calling Bell"],"picked":"Philosopher\u0027s Stone"}],"items_purged_floors":[10,21],"is_endless":false,"potions_floor_spawned":[1,2,8,11,18,22],"killed_by":"Slavers","ascension_level":14}