{"gold_per_floor":[117,131,144,144,155,185,185,110,134,134,165,176,176,186,186,285,285,302,202,222,296,296,296],"floor_reached":23,"playtime":1763,"items_purged":["Strike_G","Strike_G"],"score":201,"play_id":"5187840c-0a33-4d3b-9883-bcae17f7b933","local_time":"20180630193838","is_ascension_mode":false,"campfire_choices":[{"floor":10,"key":"REST"},{"floor":13,"key":"REST"},{"data":"Bouncing Flask","floor":15,"key":"SMITH"}],"neow_cost":"","seed_source_timestamp":404051062310,"circlet_count":0,"master_deck":["Defend_G","Defend_G","Defend_G","Defend_G","Defend_G","Strike_G","Strike_G","Strike_G","Survivor","Neutralize","Deadly Poison","Dagger Spray","Calculated Gamble","Bouncing Flask","Caltrops","All Out Attack","Distraction","Sucker Punch","Bouncing Flask+1","Bullet Time","Deadly Poison","Malaise","Dagger Spray","Noxious Fumes","Noxious Fumes","Bouncing Flask+1","Poisoned Stab"],"relics":["Ring of the Snake","Snake Skull","Dream Catcher","Vajra","Orrery","Molten Egg 2"],"potions_floor_usage":[6,6,16,23,23],"damage_taken":[{"damage":5,"enemies":"Jaw Worm","floor":1,"turns":5},{"damage":2,"enemies":"Cultist","floor":2,"turns":5},{"damage":0,"enemies":"Small Slimes","floor":3,"turns":3},{"damage":6,"enemies":"Exordium Wildlife","floor":5,"turns":4},{"damage":28,"enemies":"Gremlin Nob","floor":6,"turns":4},{"damage":13,"enemies":"Lagavulin","floor":11,"turns":5},{"damage":5,"enemies":"Red Slaver","floor":12,"turns":3},{"damage":6,"enemies":"Large Slime","floor":14,"turns":4},{"damage":8,"enemies":"Slime Boss","floor":16,"turns":8},{"damage":24,"enemies":"Chosen","floor":18,"turns":4},{"damage":26,"enemies":"Shell Parasite","floor":20,"turns":4},{"damage":31,"enemies":"Gremlin Leader","floor":23,"turns":5}],"seed_played":"-2770271292623570781","potions_obtained":[{"floor":2,"key":"Swift Potion"},{"floor":3,"key":"Swift Potion"},{"floor":5,"key":"Dexterity Potion"},{"floor":11,"key":"SteroidPotion"},{"floor":14,"key":"Weak Potion"},{"floor":18,"key":"GamblersBrew"}],"is_trial":false,"path_per_floor":["M","M","M","?","M","E","?","$","T","R","E","M","R","M","R","B",null,"M","$","M","T","?"],"character_chosen":"THE_SILENT","items_purchased":[],"campfire_rested":2,"item_purchase_floors":[],"current_hp_per_floor":[65,63,63,68,62,34,39,39,39,61,48,43,65,59,59,51,75,51,51,25,25,25,0],"gold":296,"neow_bonus":"","is_prod":false,"is_daily":false,"chose_seed":false,"campfire_upgraded":1,"win_rate":0.0,"timestamp":1530358718,"path_taken":["M","M","M","?","M","E","?","?","T","R","E","?","R","M","R","BOSS","M","$","M","?","?","E"],"build_version":"2018-06-28","purchased_purges":2,"victory":false,"max_hp_per_floor":[70,70,70,70,70,70,75,75,75,75,75,75,75,75,75,75,75,75,75,75,75,75,75],"card_choices":[{"not_picked":["Outmaneuver","Deflect"],"picked":"Deadly Poison","floor":1},{"not_picked":["Eviscerate","Sucker Punch"],"picked":"Dagger Spray","floor":2},{"not_picked":["Caltrops","Outmaneuver"],"picked":"Quick Slash","floor":3},{"not_picked":["Deflect","Flying Knee"],"picked":"Calculated Gamble","floor":5},{"not_picked":["Prepared","Flying Knee"],"picked":"Bouncing Flask","floor":6},{"not_picked":["Quick Slash","Choke"],"picked":"Caltrops","floor":10},{"not_picked":["Deadly Poison","Glass Knife"],"picked":"All Out Attack","floor":11},{"not_picked":["Dagger Throw","Sucker Punch"],"picked":"Distraction","floor":12},{"not_picked":["Choke","Heel Hook"],"picked":"Sucker Punch","floor":13},{"not_picked":["Dagger Spray","Slice"],"picked":"Bouncing Flask","floor":14},{"not_picked":["Tools of the Trade","Tactician"],"picked":"Bullet Time","floor":16},{"not_picked":["Dagger Spray","Prepared"],"picked":"Deadly Poison","floor":17},{"not_picked":["Slice","A Thousand Cuts"],"picked":"Malaise","floor":17},{"not_picked":["Finisher","Blade Dance"],"picked":"Dagger Spray","floor":17},{"not_picked":["Deadly Poison","Flying Knee"],"picked":"Noxious Fumes","floor":17},{"not_picked":["Riddle With Holes","Distraction"],"picked":"Noxious Fumes","floor":17},{"not_picked":["Deadly Poison","Prepared"],"picked":"Bouncing Flask+1","floor":18},{"not_picked":["Leg Sweep","Heel Hook"],"picked":"Poisoned Stab","floor":20}],"player_experience":18596,"relics_obtained":[{"floor":6,"key":"Snake Skull"},{"floor":9,"key":"Dream Catcher"},{"floor":11,"key":"Vajra"},{"floor":21,"key":"Molten Egg 2"}],"event_choices":[{"event_name":"Bonfire Elementals","player_choice":"COMMON","floor":4,"damage_taken":0},{"event_name":"Big Fish","player_choice":"Donut","floor":7,"damage_taken":0},{"event_name":"Ghosts","player_choice":"Ignored","floor":22,"damage_taken":0}],"boss_relics":[{"not_picked":["Cursed Key","Tiny House"],"picked":"Orrery"}],"items_purged_floors":[8,19],"is_endless":false,"potions_floor_spawned":[2,3,5,11,14,18],"killed_by":"Gremlin Leader","ascension_level":0}