{"gold_per_floor":[115,115,115,127,127,157,157,157,157,157],"floor_reached":10,"playtime":111,"items_purged":[],"score":178,"play_id":"41bb1fb7-5b84-4348-a945-e532f8458133","local_time":"20181124135438","is_ascension_mode":true,"campfire_choices":[{"data":"Creative AI","floor":7.0,"key":"SMITH"}],"neow_cost":"NONE","seed_source_timestamp":356786776799603,"circlet_count":0,"master_deck":["AscendersBane","Strike_B","Strike_B","Strike_B","Defend_B","Defend_B","Defend_B+1","Defend_B+1","Zap","Dualcast","Steam","Hologram","Creative AI+1"],"special_seed":0,"relics":["Cracked Core","NeowsBlessing","Kunai","Pantograph","Bottled Lightning"],"potions_floor_usage":[10],"damage_taken":[{"damage":0.0,"enemies":"Small Slimes","floor":1.0,"turns":1.0},{"damage":0.0,"enemies":"2 Louse","floor":4.0,"turns":1.0},{"damage":0.0,"enemies":"Lagavulin","floor":6.0,"turns":1.0},{"damage":36,"enemies":"3 Sentries","floor":10,"turns":6}],"seed_played":"2836252441368397873","potions_obtained":[{"floor":1.0,"key":"FocusPotion"}],"is_trial":false,"path_per_floor":["M","?","?","M","T","E","R","?","T","E"],"character_chosen":"DEFECT","items_purchased":[],"campfire_rested":0,"item_purchase_floors":[],"current_hp_per_floor":[64,57,36,36,36,36,36,36,36,0],"gold":157,"neow_bonus":"THREE_ENEMY_KILL","is_prod":false,"is_daily":false,"chose_seed":false,"campfire_upgraded":1,"win_rate":0,"timestamp":1543064078,"path_taken":["M","?","?","?","?","E","R","?","T","E"],"build_version":"2018-11-15","purchased_purges":0,"victory":false,"max_hp_per_floor":[71,71,71,71,71,71,71,71,71,71],"card_choices":[{"not_picked":["Scrape","Go for the Eyes"],"picked":"Steam","floor":1.0},{"not_picked":["Rebound","Turbo"],"picked":"Hologram","floor":4.0},{"not_picked":["Cold Snap","Glacier"],"picked":"Creative AI","floor":6.0}],"player_experience":773244,"relics_obtained":[{"floor":5.0,"key":"Kunai"},{"floor":6.0,"key":"Pantograph"},{"floor":9,"key":"Bottled Lightning"}],"event_choices":[{"cards_removed":["Strike_B"],"damage_healed":0.0,"max_hp_gain":0.0,"max_hp_loss":0.0,"gold_gain":0.0,"event_name":"Golden Wing","player_choice":"Card Removal","floor":2.0,"gold_loss":0.0,"damage_taken":7.0},{"damage_healed":0.0,"max_hp_gain":0.0,"max_hp_loss":0.0,"gold_gain":0.0,"event_name":"Shining Light","player_choice":"Entered Light","floor":3.0,"gold_loss":0.0,"damage_taken":21.0,"cards_upgraded":["Defend_B","Defend_B"]},{"damage_healed":0,"gold_gain":0,"player_choice":"Searched \u00270\u0027 times","damage_taken":0,"max_hp_gain":0,"max_hp_loss":0,"event_name":"Dead Adventurer","floor":8,"gold_loss":0}],"is_beta":true,"boss_relics":[],"items_purged_floors":[],"is_endless":false,"potions_floor_spawned":[1],"killed_by":"3 Sentries","ascension_level":20}