{"gold_per_floor":[110,17,17,30,30,65,65,95,95,95,95,109,109,127,127,204,204,204],"floor_reached":18,"playtime":289,"items_purged":[],"score":386,"play_id":"a996dcc0-43ed-40a4-ae5c-71a9e0d34865","local_time":"20190421194144","is_ascension_mode":true,"campfire_choices":[{"data":"Bane","floor":7.0,"key":"SMITH"},{"data":"Noxious Fumes","floor":11.0,"key":"SMITH"},{"data":"Deadly Poison","floor":13.0,"key":"SMITH"},{"data":"Survivor","floor":15.0,"key":"SMITH"}],"neow_cost":"NONE","seed_source_timestamp":29933623676419,"circlet_count":0,"master_deck":["AscendersBane","Defend_G","Defend_G","Defend_G","Defend_G","Defend_G","Strike_G","Strike_G","Strike_G","Strike_G","Survivor+1","Neutralize","Noxious Fumes+1","Deadly Poison+1","Bane+1","Noxious Fumes+1","Venomology"],"special_seed":0,"relics":["Ring of the Snake","NeowsBlessing","Sundial","Anchor","Potion Belt","Blood Vial","Black Star"],"potions_floor_usage":[16,16],"damage_taken":[{"damage":0.0,"enemies":"Jaw Worm","floor":1.0,"turns":1.0},{"damage":0.0,"enemies":"Cultist","floor":4.0,"turns":1.0},{"damage":0.0,"enemies":"Gremlin Nob","floor":6.0,"turns":1.0},{"damage":26.0,"enemies":"Lagavulin","floor":8.0,"turns":8.0},{"damage":0.0,"enemies":"2 Louse","floor":12.0,"turns":3.0},{"damage":4.0,"enemies":"Red Slaver","floor":14.0,"turns":4.0},{"damage":23,"enemies":"Slime Boss","floor":16,"turns":9},{"damage":14,"enemies":"3 Byrds","floor":18,"turns":3}],"seed_played":"-1870533994114479292","potions_obtained":[{"floor":12.0,"key":"Strength Potion"},{"floor":14.0,"key":"SteroidPotion"}],"is_trial":false,"path_per_floor":["M","$","?","M","T","E","R","E","T","?","R","M","R","M","R","B",null,"M"],"character_chosen":"THE_SILENT","items_purchased":["Noxious Fumes","Deadly Poison"],"campfire_rested":0,"item_purchase_floors":[2,2],"current_hp_per_floor":[59,59,59,59,59,59,59,33,33,33,33,35,35,33,33,12,53,41],"gold":204,"neow_bonus":"THREE_ENEMY_KILL","is_prod":false,"is_daily":false,"chose_seed":false,"campfire_upgraded":4,"win_rate":0,"timestamp":1555868504,"path_taken":["M","$","?","?","?","E","R","E","T","?","R","M","R","M","R","BOSS","M"],"build_version":"2019-01-23","purchased_purges":0,"victory":false,"max_hp_per_floor":[66,66,66,66,66,66,66,66,66,66,66,66,66,66,66,66,66,66],"card_choices":[{"not_picked":["Blade Dance","Slice","Underhanded Strike"],"picked":"SKIP","floor":1.0},{"not_picked":["Blade Dance","Bane","Expertise"],"picked":"SKIP","floor":4.0},{"not_picked":["Flechettes","Acrobatics"],"picked":"Bane","floor":6.0},{"not_picked":["Prepared","Bane"],"picked":"Noxious Fumes","floor":8.0},{"not_picked":["Distraction","Dagger Spray","Blade Dance"],"picked":"SKIP","floor":12.0},{"not_picked":["Riddle With Holes","Quick Slash","Doppelganger"],"picked":"SKIP","floor":14.0},{"not_picked":["Envenom","Malaise"],"picked":"Venomology","floor":16}],"player_experience":851728,"relics_obtained":[{"floor":5.0,"key":"Sundial"},{"floor":6.0,"key":"Anchor"},{"floor":8.0,"key":"Potion Belt"},{"floor":9.0,"key":"Blood Vial"}],"event_choices":[{"cards_removed":["Strike_G"],"damage_healed":0.0,"max_hp_gain":0.0,"max_hp_loss":0.0,"gold_gain":0.0,"event_name":"Purifier","player_choice":"Purged","floor":3.0,"gold_loss":0.0,"damage_taken":0.0},{"damage_healed":0.0,"max_hp_gain":0.0,"max_hp_loss":0.0,"gold_gain":0.0,"event_name":"Accursed Blacksmith","player_choice":"Forge","floor":10.0,"gold_loss":0.0,"damage_taken":0.0,"cards_upgraded":["Noxious Fumes"]}],"is_beta":false,"boss_relics":[{"not_picked":["Runic Pyramid","Pandora\u0027s Box"],"picked":"Black Star"}],"items_purged_floors":[],"is_endless":false,"potions_floor_spawned":[12,14],"killed_by":"3 Byrds","ascension_level":20}