{"gold_per_floor":[119,132,132,207,280,306,318,349,386,398,92,109,134,153,153,153],"floor_reached":16,"playtime":269,"items_purged":["Strike_B"],"score":270,"play_id":"0189a714-a75c-4f8c-8fd5-155f54f67165","local_time":"20190705181549","is_ascension_mode":true,"campfire_choices":[{"data":"Defragment","floor":7.0,"key":"SMITH"},{"data":"Capacitor","floor":15.0,"key":"SMITH"}],"neow_cost":"NONE","seed_source_timestamp":7766922000668,"circlet_count":0,"master_deck":["AscendersBane","Strike_B","Strike_B","Strike_B","Defend_B","Defend_B","Defend_B","Defend_B","Zap","Dualcast","Defragment+1","White Noise","Turbo","Streamline","Storm","Self Repair","Capacitor+1"],"special_seed":0,"relics":["Cracked Core","NeowsBlessing","Mercury Hourglass","MawBank","Ancient Tea Set","Regal Pillow","Bottled Lightning"],"potions_floor_usage":[16],"damage_taken":[{"damage":0.0,"enemies":"Jaw Worm","floor":1.0,"turns":1.0},{"damage":0.0,"enemies":"2 Louse","floor":2.0,"turns":1.0},{"damage":0.0,"enemies":"Lagavulin","floor":6.0,"turns":1.0},{"damage":1.0,"enemies":"Cultist","floor":8.0,"turns":3.0},{"damage":1.0,"enemies":"Exordium Wildlife","floor":12.0,"turns":2.0},{"damage":20.0,"enemies":"3 Sentries","floor":13.0,"turns":4.0},{"damage":6.0,"enemies":"Blue Slaver","floor":14.0,"turns":3.0},{"damage":33,"enemies":"Hexaghost","floor":16,"turns":8}],"seed_played":"-6198527971489554365","potions_obtained":[{"floor":1.0,"key":"SpeedPotion"},{"floor":8.0,"key":"Fire Potion"},{"floor":14.0,"key":"Explosive Potion"}],"is_trial":false,"path_per_floor":["M","M","?","?","T","E","R","M","T","?","$","M","E","M","R","B"],"character_chosen":"DEFECT","items_purchased":["Storm","Regal Pillow"],"campfire_rested":0,"item_purchase_floors":[11,11],"current_hp_per_floor":[64,64,64,53,53,53,53,52,52,52,52,51,38,32,32,0],"gold":153,"neow_bonus":"THREE_ENEMY_KILL","is_prod":false,"is_daily":false,"chose_seed":false,"campfire_upgraded":2,"win_rate":0,"timestamp":1562343349,"path_taken":["M","M","?","?","?","E","R","?","T","?","$","M","E","M","R","BOSS"],"build_version":"2019-07-01","purchased_purges":1,"victory":false,"max_hp_per_floor":[71,71,71,71,71,71,71,71,71,71,71,71,71,71,71,71],"card_choices":[{"not_picked":["Cold Snap","Compile Driver"],"picked":"Defragment","floor":1.0},{"not_picked":["Aggregate","Go for the Eyes"],"picked":"White Noise","floor":2.0},{"not_picked":["FTL","Meteor Strike"],"picked":"Turbo","floor":6.0},{"not_picked":["Hologram","Steam"],"picked":"Streamline","floor":8.0},{"not_picked":["Skim","Coolheaded"],"picked":"Self Repair","floor":12.0},{"not_picked":["Cold Snap","Doom and Gloom"],"picked":"Capacitor","floor":13.0},{"not_picked":["Steam","Reprogram","Reinforced Body"],"picked":"SKIP","floor":14.0}],"player_experience":900772,"relics_obtained":[{"floor":5.0,"key":"Mercury Hourglass"},{"floor":6.0,"key":"MawBank"},{"floor":9.0,"key":"Ancient Tea Set"},{"floor":13.0,"key":"Bottled Lightning"}],"event_choices":[{"damage_healed":0.0,"max_hp_gain":0.0,"max_hp_loss":0.0,"gold_gain":0.0,"event_name":"Shining Light","player_choice":"Ignored","floor":3.0,"gold_loss":0.0,"damage_taken":0.0},{"damage_healed":0.0,"max_hp_gain":0.0,"max_hp_loss":0.0,"gold_gain":75.0,"event_name":"World of Goop","player_choice":"Gather Gold","floor":4.0,"gold_loss":0.0,"damage_taken":11.0},{"damage_healed":0.0,"max_hp_gain":0.0,"max_hp_loss":0.0,"gold_gain":0.0,"event_name":"Dead Adventurer","player_choice":"Searched \u00270\u0027 times","floor":10.0,"gold_loss":0.0,"damage_taken":0.0}],"is_beta":false,"boss_relics":[],"items_purged_floors":[11],"is_endless":false,"potions_floor_spawned":[1,8,12,14],"killed_by":"Hexaghost","ascension_level":20}