{"gold_per_floor":[114,114,289,308,233,260,260,291,315,345,357,384,346,364,364,464,464,478,351,367,367,467,467,467,467,467,467,487,487,412,210,210,307,307,326,340,254,554,573,573,573,573,597,607,607,607,607,625,625,625],"floor_reached":50,"playtime":3183,"items_purged":["Doubt","Strike_G","Defend_G","Defend_G","Decay"],"score":639,"play_id":"a48611cc-43c6-42cd-ba47-d6af5dc2c058","local_time":"20181025134547","is_ascension_mode":true,"campfire_choices":[{"data":"Dagger Spray","floor":7.0,"key":"SMITH"},{"data":"Tools of the Trade","floor":11.0,"key":"SMITH"},{"data":"Neutralize","floor":15.0,"key":"SMITH"},{"floor":23.0,"key":"REST"},{"data":"Infinite Blades","floor":25.0,"key":"SMITH"},{"data":"Blade Dance","floor":27.0,"key":"SMITH"},{"data":"Well Laid Plans","floor":29.0,"key":"SMITH"},{"floor":32.0,"key":"REST"},{"floor":40.0,"key":"REST"},{"data":"A Thousand Cuts","floor":42.0,"key":"SMITH"},{"data":"Prepared","floor":45.0,"key":"SMITH"},{"floor":49.0,"key":"REST"}],"neow_cost":"NONE","seed_source_timestamp":4359738508256,"circlet_count":0,"master_deck":["Defend_G","Defend_G","Defend_G","Survivor","Neutralize+1","Flying Knee","Unload","Dagger Spray+1","Well Laid Plans+1","Underhanded Strike","Tools of the Trade+1","Tactician","Dodge and Roll+1","Accuracy+1","Heel Hook+1","Blade Dance+1","Infinite Blades+1","Cloak And Dagger+1","Backflip+1","A Thousand Cuts+1","Parasite","Decay","Backflip+1","Finisher","Blade Dance+1","Prepared+1","Tactician+1","Accuracy+1"],"special_seed":0,"relics":["Ring of the Snake","NeowsBlessing","Smiling Mask","Darkstone Periapt","MawBank","Astrolabe","Ornamental Fan","Pen Nib","Calling Bell","Bronze Scales","Sundial","Unceasing Top","Old Coin","Ancient Tea Set","Juzu Bracelet"],"potions_floor_usage":[50,50,50],"damage_taken":[{"damage":0.0,"enemies":"Jaw Worm","floor":1.0,"turns":1.0},{"damage":0.0,"enemies":"Cultist","floor":4.0,"turns":1.0},{"damage":0.0,"enemies":"Lagavulin","floor":6.0,"turns":1.0},{"damage":38.0,"enemies":"Gremlin Nob","floor":8.0,"turns":5.0},{"damage":0.0,"enemies":"2 Louse","floor":10.0,"turns":2.0},{"damage":0.0,"enemies":"Large Slime","floor":12.0,"turns":4.0},{"damage":0.0,"enemies":"3 Louse","floor":14.0,"turns":3.0},{"damage":25.0,"enemies":"Slime Boss","floor":16.0,"turns":11.0},{"damage":0.0,"enemies":"3 Byrds","floor":18.0,"turns":6.0},{"damage":13.0,"enemies":"2 Thieves","floor":20.0,"turns":4.0},{"damage":28.0,"enemies":"Snake Plant","floor":28.0,"turns":5.0},{"damage":37.0,"enemies":"Collector","floor":33.0,"turns":10.0},{"damage":33.0,"enemies":"3 Shapes","floor":35.0,"turns":4.0},{"damage":22.0,"enemies":"Orb Walker","floor":36.0,"turns":3.0},{"damage":0.0,"enemies":"Mind Bloom Boss Battle","floor":38.0,"turns":6.0},{"damage":13.0,"enemies":"3 Darklings","floor":39.0,"turns":5.0},{"damage":5.0,"enemies":"Maw","floor":44.0,"turns":6.0},{"damage":13.0,"enemies":"4 Shapes","floor":48.0,"turns":3.0},{"damage":59,"enemies":"Donu and Deca","floor":50,"turns":5}],"seed_played":"56754439747015934","potions_obtained":[{"floor":1.0,"key":"SteroidPotion"},{"floor":4.0,"key":"Block Potion"},{"floor":8.0,"key":"SteroidPotion"},{"floor":16.0,"key":"SteroidPotion"},{"floor":28.0,"key":"LiquidBronze"},{"floor":33.0,"key":"Weak Potion"},{"floor":36.0,"key":"FearPotion"},{"floor":38.0,"key":"FearPotion"},{"floor":39.0,"key":"AttackPotion"},{"floor":44.0,"key":"Dexterity Potion"}],"is_trial":false,"path_per_floor":["M","?","?","M","$","E","R","E","T","M","R","M","$","M","R","B",null,"M","$","M","?","?","R","?","R","T","R","M","R","?","$","R","B",null,"M","M","$","?","M","R","?","R","T","M","R","T","?","M","R"],"character_chosen":"THE_SILENT","items_purchased":["Infinite Blades","Pen Nib","Finisher"],"campfire_rested":4,"item_purchase_floors":[19,31,37],"current_hp_per_floor":[70,70,70,70,70,70,70,32,32,32,32,32,32,32,32,7,54,54,54,41,28,28,50,50,50,50,50,22,22,22,22,44,7,76,43,21,21,21,8,35,35,35,35,30,30,30,30,17,44,0],"gold":625,"neow_bonus":"THREE_ENEMY_KILL","is_prod":false,"is_daily":false,"chose_seed":false,"campfire_upgraded":8,"win_rate":0,"timestamp":1540446347,"path_taken":["M","?","?","?","$","E","R","E","T","M","R","M","$","M","R","BOSS","M","$","M","?","?","R","?","R","T","R","?","R","?","?","R","BOSS","M","M","$","?","M","R","?","R","T","?","R","?","?","M","R","BOSS"],"build_version":"2018-10-18","purchased_purges":5,"victory":false,"max_hp_per_floor":[70,70,70,70,70,70,70,70,70,70,70,70,70,70,70,70,70,70,70,70,75,75,75,75,75,75,75,75,75,75,75,75,75,93,93,93,93,93,93,93,93,93,93,93,93,93,93,93,93,93],"card_choices":[{"not_picked":["Reflex","Deflect"],"picked":"Flying Knee","floor":1.0},{"not_picked":["Poisoned Stab","Slice","Catalyst"],"picked":"SKIP","floor":4.0},{"not_picked":["Backflip","Heel Hook"],"picked":"Underhanded Strike","floor":6.0},{"not_picked":["Escape Plan","Expertise"],"picked":"Tools of the Trade","floor":8.0},{"not_picked":["Noxious Fumes","Slice","Dagger Spray"],"picked":"SKIP","floor":10.0},{"not_picked":["Outmaneuver","Infinite Blades","Poisoned Stab"],"picked":"SKIP","floor":12.0},{"not_picked":["Flying Knee","Glass Knife"],"picked":"Tactician","floor":14.0},{"not_picked":["Backflip","Slice+1"],"picked":"Blade Dance","floor":18.0},{"not_picked":["Masterful Stab","Choke"],"picked":"Cloak And Dagger+1","floor":20.0},{"not_picked":["Underhanded Strike","Venomology"],"picked":"Backflip+1","floor":28.0},{"not_picked":["Envenom","Storm of Steel"],"picked":"A Thousand Cuts","floor":33.0},{"not_picked":["Quick Slash+1","Caltrops"],"picked":"Backflip+1","floor":35.0},{"not_picked":["Underhanded Strike","PiercingWail+1","Well Laid Plans"],"picked":"SKIP","floor":36.0},{"not_picked":["Outmaneuver","Bouncing Flask+1"],"picked":"Blade Dance+1","floor":38.0},{"not_picked":["Flying Knee","Quick Slash"],"picked":"Prepared","floor":39.0},{"not_picked":["Phantasmal Killer","Dodge and Roll+1"],"picked":"Tactician+1","floor":44.0},{"not_picked":["Well Laid Plans","Slice+1"],"picked":"Accuracy+1","floor":48.0}],"player_experience":342075,"relics_obtained":[{"floor":6.0,"key":"Smiling Mask"},{"floor":8.0,"key":"Darkstone Periapt"},{"floor":9.0,"key":"MawBank"},{"floor":26.0,"key":"Ornamental Fan"},{"floor":34.0,"key":"Bronze Scales"},{"floor":34.0,"key":"Sundial"},{"floor":34.0,"key":"Unceasing Top"},{"floor":38.0,"key":"Old Coin"},{"floor":43.0,"key":"Ancient Tea Set"},{"floor":46.0,"key":"Juzu Bracelet"}],"event_choices":[{"damage_healed":0.0,"max_hp_gain":0.0,"max_hp_loss":0.0,"gold_gain":0.0,"event_name":"Match and Keep!","player_choice":"3 cards matched","floor":2.0,"gold_loss":0.0,"damage_taken":0.0,"cards_obtained":["Unload","Dagger Spray","Well Laid Plans"]},{"damage_healed":0.0,"max_hp_gain":0.0,"max_hp_loss":0.0,"gold_gain":175.0,"event_name":"Liars Game","player_choice":"AGREE","floor":3.0,"gold_loss":0.0,"damage_taken":0.0,"cards_obtained":["Doubt"]},{"damage_healed":0.0,"max_hp_gain":5.0,"max_hp_loss":0.0,"gold_gain":0.0,"event_name":"Forgotten Altar","player_choice":"Shed Blood","floor":21.0,"gold_loss":0.0,"damage_taken":18.0},{"damage_healed":0.0,"max_hp_gain":0.0,"max_hp_loss":0.0,"gold_gain":100.0,"event_name":"Golden Shrine","player_choice":"Pray","floor":22.0,"gold_loss":0.0,"damage_taken":0.0},{"damage_healed":0.0,"max_hp_gain":0.0,"max_hp_loss":0.0,"gold_gain":0.0,"event_name":"Vampires","player_choice":"Ignored","floor":24.0,"gold_loss":0.0,"damage_taken":0.0},{"cards_removed":["Strike_G"],"damage_healed":0.0,"max_hp_gain":0.0,"max_hp_loss":0.0,"gold_gain":0.0,"event_name":"Beggar","player_choice":"Gave Gold","floor":30.0,"gold_loss":75.0,"damage_taken":0.0},{"damage_healed":0.0,"max_hp_gain":0.0,"max_hp_loss":0.0,"gold_gain":0.0,"event_name":"MindBloom","player_choice":"Fight","floor":38.0,"gold_loss":0.0,"damage_taken":0.0},{"damage_healed":0.0,"max_hp_gain":0.0,"max_hp_loss":0.0,"gold_gain":0.0,"event_name":"Tomb of Lord Red Mask","player_choice":"Ignored","floor":41.0,"gold_loss":0.0,"damage_taken":0.0},{"damage_healed":0.0,"max_hp_gain":0.0,"max_hp_loss":0.0,"gold_gain":0.0,"event_name":"Mysterious Sphere","player_choice":"Ignored","floor":47.0,"gold_loss":0.0,"damage_taken":0.0}],"is_beta":false,"boss_relics":[{"not_picked":["WristBlade","Runic Pyramid"],"picked":"Astrolabe"},{"not_picked":["Empty Cage","Velvet Choker"],"picked":"Calling Bell"}],"items_purged_floors":[5,13,19,31,37],"is_endless":false,"potions_floor_spawned":[1,4,8,16,28,33,36,38,39,44],"killed_by":"Donu and Deca","ascension_level":5}