{"gold_per_floor":[114,127,137,137,155,155,174,204,253,253,283,302,302,316,316,415,415,432,59,69,69,80,80,80,80,104,132,144,177,187,187,187,282,282,292,292,306,317,111,111,129,159,210,210,210,244,255,274,274,274],"floor_reached":51,"playtime":2400,"items_purged":[],"score":836,"play_id":"7fc22c2f-d01f-4aa9-9996-c00f115615a3","local_time":"20180730145726","is_ascension_mode":false,"campfire_choices":[{"data":"Perfected Strike","floor":6.0,"key":"SMITH"},{"data":"Havoc","floor":10.0,"key":"SMITH"},{"data":"True Grit","floor":15.0,"key":"SMITH"},{"data":"Perfected Strike","floor":23.0,"key":"SMITH"},{"data":"Apotheosis","floor":25.0,"key":"SMITH"},{"floor":32.0,"key":"REST"},{"floor":40.0,"key":"REST"},{"data":"Pommel Strike","floor":45.0,"key":"SMITH"},{"floor":49.0,"key":"REST"}],"neow_cost":"NONE","seed_source_timestamp":9961282990348,"circlet_count":0,"master_deck":["Strike_R","Strike_R","Strike_R","Strike_R","Strike_R","Defend_R","Bash","Impervious","Perfected Strike+1","Ghostly Armor","Thunderclap","Twin Strike","Perfected Strike+1","Havoc+1","True Grit+1","Dropkick+1","Feed","Pommel Strike","Apotheosis+1","Twin Strike","Pommel Strike+1","Feed","True Grit+1","Dual Wield+1","Madness","Madness","True Grit+1","Havoc+1"],"special_seed":0,"relics":["Burning Blood","Bag of Marbles","Dodecahedron","Lantern","Dream Catcher","Velvet Choker","Pen Nib","Mango","Ancient Tea Set","Empty Cage","Strange Spoon","Red Skull","Centennial Puzzle","Molten Egg 2"],"potions_floor_usage":[50,50,50],"damage_taken":[{"damage":1.0,"enemies":"Cultist","floor":1.0,"turns":3.0},{"damage":6.0,"enemies":"Jaw Worm","floor":2.0,"turns":3.0},{"damage":2.0,"enemies":"Small Slimes","floor":3.0,"turns":4.0},{"damage":4.0,"enemies":"Blue Slaver","floor":5.0,"turns":5.0},{"damage":14.0,"enemies":"Exordium Thugs","floor":7.0,"turns":5.0},{"damage":20.0,"enemies":"Gremlin Nob","floor":8.0,"turns":4.0},{"damage":18.0,"enemies":"Lagavulin","floor":11.0,"turns":3.0},{"damage":3.0,"enemies":"Exordium Wildlife","floor":12.0,"turns":4.0},{"damage":5.0,"enemies":"Looter","floor":14.0,"turns":2.0},{"damage":38.0,"enemies":"Slime Boss","floor":16.0,"turns":8.0},{"damage":2.0,"enemies":"Shell Parasite","floor":18.0,"turns":3.0},{"damage":10.0,"enemies":"Spheric Guardian","floor":20.0,"turns":3.0},{"damage":13.0,"enemies":"Snake Plant","floor":22.0,"turns":2.0},{"damage":25.0,"enemies":"Slavers","floor":27.0,"turns":2.0},{"damage":0.0,"enemies":"Cultist and Chosen","floor":28.0,"turns":3.0},{"damage":23.0,"enemies":"Book of Stabbing","floor":29.0,"turns":4.0},{"damage":7.0,"enemies":"Snecko","floor":30.0,"turns":3.0},{"damage":69.0,"enemies":"Champ","floor":33.0,"turns":8.0},{"damage":27.0,"enemies":"Flame Bruiser 1 Orb","floor":35.0,"turns":4.0},{"damage":25.0,"enemies":"3 Darklings","floor":37.0,"turns":3.0},{"damage":50.0,"enemies":"Spire Growth","floor":38.0,"turns":4.0},{"damage":16.0,"enemies":"Maw","floor":41.0,"turns":6.0},{"damage":15.0,"enemies":"2 Orb Walkers","floor":42.0,"turns":3.0},{"damage":8.0,"enemies":"Giant Head","floor":46.0,"turns":5.0},{"damage":22.0,"enemies":"Sphere and 2 Shapes","floor":47.0,"turns":3.0},{"damage":16.0,"enemies":"Spire Growth","floor":48.0,"turns":2.0},{"damage":66,"enemies":"Time Eater","floor":50,"turns":8}],"seed_played":"-4895068375248659613","potions_obtained":[{"floor":1.0,"key":"AttackPotion"},{"floor":2.0,"key":"Regen Potion"},{"floor":5.0,"key":"BloodPotion"},{"floor":11.0,"key":"Dexterity Potion"},{"floor":14.0,"key":"Explosive Potion"},{"floor":16.0,"key":"SteroidPotion"},{"floor":18.0,"key":"Explosive Potion"},{"floor":22.0,"key":"LiquidBronze"},{"floor":30.0,"key":"Weak Potion"},{"floor":37.0,"key":"LiquidBronze"},{"floor":42.0,"key":"Strength Potion"}],"is_trial":false,"path_per_floor":["M","M","M","?","M","R","M","E","T","R","E","M","?","M","R","B",null,"M","$","M","?","M","R","?","R","T","E","M","E","M","?","R","B",null,"M","?","M","M","$","R","M","E","T","?","R","E","M","M","R","B"],"character_chosen":"IRONCLAD","items_purchased":["Feed","Pommel Strike","Apotheosis","Strange Spoon"],"campfire_rested":3,"item_purchase_floors":[19,19,19,39],"current_hp_per_floor":[80,80,80,80,80,80,72,58,58,58,46,49,42,43,43,11,80,80,80,76,76,77,77,77,77,77,76,82,65,64,44,74,11,103,82,103,84,52,52,82,72,67,67,54,54,56,48,38,73,13],"gold":274,"neow_bonus":"ONE_RANDOM_RARE_CARD","is_prod":false,"is_daily":false,"chose_seed":false,"campfire_upgraded":6,"win_rate":0,"timestamp":1532933846,"path_taken":["M","?","M","?","M","R","?","E","T","R","E","M","?","M","R","BOSS","M","$","M","?","M","R","?","R","T","E","M","E","M","?","R","BOSS","M","?","M","M","$","R","M","E","T","?","R","E","M","M","R","BOSS"],"build_version":"2018-07-26","purchased_purges":0,"victory":true,"max_hp_per_floor":[80,80,80,80,80,80,80,80,80,80,80,80,80,80,80,80,80,80,80,80,80,80,80,80,80,80,98,98,98,98,103,103,103,103,103,103,103,103,103,103,103,107,107,107,107,111,119,119,119,119],"card_choices":[{"not_picked":["Shockwave","Bloodletting"],"picked":"Perfected Strike","floor":1.0},{"not_picked":["Wild Strike","Rupture"],"picked":"Ghostly Armor","floor":2.0},{"not_picked":["Clothesline","Reckless Charge"],"picked":"Thunderclap","floor":3.0},{"not_picked":["Clothesline","Cleave"],"picked":"Twin Strike","floor":5.0},{"not_picked":["Wild Strike","Body Slam"],"picked":"Perfected Strike","floor":7.0},{"not_picked":["Cleave","Uppercut"],"picked":"Havoc","floor":8.0},{"not_picked":["Blood for Blood","Infernal Blade"],"picked":"True Grit","floor":11.0},{"not_picked":["Havoc","Thunderclap","Evolve"],"picked":"SKIP","floor":12.0},{"not_picked":["Offering","Heavy Blade","Havoc"],"picked":"SKIP","floor":14.0},{"not_picked":["Heavy Blade","Reckless Charge+1"],"picked":"Dropkick+1","floor":18.0},{"not_picked":["Rupture+1","Entrench"],"picked":"Twin Strike","floor":20.0},{"not_picked":["Whirlwind+1","Power Through"],"picked":"Pommel Strike","floor":22.0},{"not_picked":["True Grit","Hemokinesis","Feel No Pain"],"picked":"SKIP","floor":27.0},{"not_picked":["Flame Barrier+1","Headbutt","Whirlwind"],"picked":"SKIP","floor":28.0},{"not_picked":["Demon Form","Sword Boomerang","Shrug It Off"],"picked":"SKIP","floor":29.0},{"not_picked":["Reckless Charge+1","True Grit","Iron Wave"],"picked":"SKIP","floor":30.0},{"not_picked":["Immolate","Dark Embrace"],"picked":"Feed","floor":33.0},{"not_picked":["Spot Weakness","Inflame+1"],"picked":"True Grit+1","floor":35.0},{"not_picked":["Wild Strike","Sever Soul+1"],"picked":"Dual Wield+1","floor":37.0},{"not_picked":["Hemokinesis+1","Headbutt","Sword Boomerang+1"],"picked":"SKIP","floor":38.0},{"not_picked":["Anger+1","Shockwave","Headbutt+1"],"picked":"SKIP","floor":41.0},{"not_picked":["Heavy Blade+1","Thunderclap","Power Through+1"],"picked":"SKIP","floor":42.0},{"not_picked":["Exhume","Clash","Headbutt+1"],"picked":"SKIP","floor":46.0},{"not_picked":["Clash+1","Clothesline+1"],"picked":"True Grit+1","floor":47.0},{"not_picked":["Headbutt+1","Flex+1"],"picked":"Havoc+1","floor":48.0}],"player_experience":250542,"relics_obtained":[{"floor":8.0,"key":"Dodecahedron"},{"floor":9.0,"key":"Lantern"},{"floor":11.0,"key":"Dream Catcher"},{"floor":26.0,"key":"Pen Nib"},{"floor":27.0,"key":"Mango"},{"floor":29.0,"key":"Ancient Tea Set"},{"floor":42.0,"key":"Red Skull"},{"floor":43.0,"key":"Centennial Puzzle"},{"floor":46.0,"key":"Molten Egg 2"}],"event_choices":[{"event_name":"Wheel of Change","player_choice":"Relic","floor":4.0,"damage_taken":0.0},{"event_name":"Golden Wing","player_choice":"Card Removal","floor":13.0,"damage_taken":0.0},{"event_name":"The Lab","player_choice":"Got Potions","floor":21.0,"damage_taken":0.0},{"event_name":"Drug Dealer","player_choice":"Ignored","floor":24.0,"damage_taken":0.0},{"event_name":"Forgotten Altar","player_choice":"Shed Blood","floor":31.0,"damage_taken":0.0},{"event_name":"Wheel of Change","player_choice":"Full Heal","floor":36.0,"damage_taken":0.0},{"event_name":"Winding Halls","player_choice":"Embrace Madness","floor":44.0,"damage_taken":0.0}],"is_beta":false,"boss_relics":[{"not_picked":["Lizard Tail","Runic Pyramid"],"picked":"Velvet Choker"},{"not_picked":["Black Star","Fusion Hammer"],"picked":"Empty Cage"}],"items_purged_floors":[],"is_endless":false,"potions_floor_spawned":[1,2,5,11,14,16,18,20,22,30,37,42,47,48],"ascension_level":0}