{"gold_per_floor":[114,132,151,226,8,40,40,71,117,146,146,163,163,176,176,280,280,290,0,0,16,115,115,115,115,115,40,68,81,81,108,108,210,210,224,234,234,12,12,12],"floor_reached":40,"playtime":1964,"items_purged":["Strike_B"],"score":660,"play_id":"df1437a1-7a89-4f46-a231-6f195e90e038","local_time":"20180731165605","is_ascension_mode":true,"campfire_choices":[{"data":"Zap","floor":7,"key":"SMITH"},{"floor":11,"key":"REST"},{"data":"Beam Cell","floor":13,"key":"SMITH"},{"data":"Defragment","floor":15,"key":"SMITH"},{"data":"Buffer","floor":23,"key":"SMITH"},{"data":"Storm","floor":25,"key":"SMITH"},{"data":"Go for the Eyes","floor":30,"key":"SMITH"},{"data":"Buffer","floor":32,"key":"SMITH"}],"neow_cost":"NONE","seed_source_timestamp":108982630952408,"circlet_count":0,"master_deck":["Strike_B","Strike_B","Strike_B","Defend_B","Defend_B+1","Defend_B","Defend_B","Zap+1","Dualcast","AscendersBane","Chill","Beam Cell+1","Sweeping Beam","Storm+1","Ball Lightning","Melter","Coolheaded+1","Biased Cognition","Gash","BootSequence","Cold Snap","Defragment+1","Buffer+1","Skim","Defragment+1","Go for the Eyes+1","BootSequence","Buffer+1","Reboot+1","Capacitor+1","Sweeping Beam+1"],"relics":["Cracked Core","Bronze Scales","Dodecahedron","Juzu Bracelet","Oddly Smooth Stone","Regal Pillow","Busted Crown","DollysMirror","Girya","Bottled Flame","War Paint","Nunchaku","Fusion Hammer","Ancient Tea Set"],"potions_floor_usage":[8,10,16,31,31,33,40,40],"damage_taken":[{"damage":2,"enemies":"Jaw Worm","floor":1,"turns":3},{"damage":5,"enemies":"Small Slimes","floor":2,"turns":3},{"damage":0,"enemies":"Cultist","floor":3,"turns":3},{"damage":4,"enemies":"3 Sentries","floor":6,"turns":6},{"damage":18,"enemies":"Gremlin Nob","floor":8,"turns":3},{"damage":13,"enemies":"3 Sentries","floor":10,"turns":5},{"damage":0,"enemies":"Lots of Slimes","floor":12,"turns":3},{"damage":2,"enemies":"Exordium Wildlife","floor":14,"turns":4},{"damage":18,"enemies":"The Guardian","floor":16,"turns":8},{"damage":0,"enemies":"Spheric Guardian","floor":18,"turns":1},{"damage":0,"enemies":"3 Byrds","floor":21,"turns":2},{"damage":9,"enemies":"Slavers","floor":28,"turns":5},{"damage":6,"enemies":"3 Cultists","floor":29,"turns":4},{"damage":15,"enemies":"Gremlin Leader","floor":31,"turns":7},{"damage":21,"enemies":"Champ","floor":33,"turns":11},{"damage":0,"enemies":"3 Darklings","floor":35,"turns":4},{"damage":0,"enemies":"Orb Walker","floor":36,"turns":3},{"damage":67,"enemies":"Donu and Deca","floor":40,"turns":8}],"seed_played":"-1655347834333840416","potions_obtained":[{"floor":3,"key":"SpeedPotion"},{"floor":6,"key":"FocusPotion"},{"floor":10,"key":"Block Potion"},{"floor":14,"key":"Swift Potion"},{"floor":21,"key":"FocusPotion"},{"floor":28,"key":"Regen Potion"},{"floor":31,"key":"SmokeBomb"},{"floor":33,"key":"SpeedPotion"},{"floor":36,"key":"SpeedPotion"}],"is_trial":false,"path_per_floor":["M","M","M","?","$","E","R","E","T","E","R","M","R","M","R","B",null,"M","$","?","M","?","R","?","R","T","?","E","M","R","E","R","B",null,"M","M","?","$","?"],"character_chosen":"DEFECT","items_purchased":["Storm","Ball Lightning","Melter","Coolheaded","DollysMirror","Go for the Eyes","BootSequence","Ancient Tea Set"],"campfire_rested":1,"item_purchase_floors":[5,5,5,5,19,19,19,38],"current_hp_per_floor":[66,61,61,50,50,46,46,28,28,15,52,52,52,50,50,32,64,64,64,64,64,64,64,64,64,64,64,55,49,49,49,49,28,63,63,63,63,63,63,0],"gold":12,"neow_bonus":"RANDOM_COMMON_RELIC","is_prod":false,"is_daily":false,"chose_seed":false,"campfire_upgraded":7,"win_rate":0,"timestamp":1533048965,"path_taken":["M","M","M","?","$","E","R","E","T","E","R","M","R","M","R","BOSS","M","?","?","M","?","R","?","R","T","?","E","M","R","E","R","BOSS","M","M","?","$","?","BOSS"],"build_version":"2018-07-30","purchased_purges":1,"victory":false,"max_hp_per_floor":[75,75,75,75,75,75,75,75,75,75,75,75,75,75,75,75,75,75,75,75,75,75,75,75,75,75,75,75,75,75,75,75,75,75,75,75,75,75,75,75],"card_choices":[{"not_picked":["Compile Driver","Go for the Eyes"],"picked":"Chill","floor":1},{"not_picked":["Aggregate","Coolheaded"],"picked":"Beam Cell","floor":2},{"not_picked":["Reinforced Body","FTL"],"picked":"Sweeping Beam","floor":3},{"not_picked":["Steam","Hologram"],"picked":"Biased Cognition","floor":6},{"not_picked":["Steam","Skim"],"picked":"Gash","floor":8},{"not_picked":["Stack","Rebound"],"picked":"BootSequence","floor":10},{"not_picked":["Force Field","Aggregate"],"picked":"Cold Snap","floor":12},{"not_picked":["Undo","Steam"],"picked":"Defragment","floor":14},{"not_picked":["Reboot","Amplify"],"picked":"Buffer","floor":16},{"not_picked":[],"picked":"Skim","floor":18},{"not_picked":["Hologram"],"picked":"SKIP","floor":21},{"not_picked":["Stack"],"picked":"SKIP","floor":28},{"not_picked":["Hologram"],"picked":"SKIP","floor":29},{"not_picked":[],"picked":"Buffer","floor":31},{"not_picked":[],"picked":"Reboot","floor":33},{"not_picked":[],"picked":"Capacitor+1","floor":35},{"not_picked":[],"picked":"Sweeping Beam+1","floor":36}],"player_experience":469804,"relics_obtained":[{"floor":6,"key":"Dodecahedron"},{"floor":8,"key":"Juzu Bracelet"},{"floor":9,"key":"Oddly Smooth Stone"},{"floor":10,"key":"Regal Pillow"},{"floor":26,"key":"Bottled Flame"},{"floor":28,"key":"War Paint"},{"floor":31,"key":"Nunchaku"}],"event_choices":[{"event_name":"World of Goop","player_choice":"Gather Gold","floor":4,"damage_taken":0},{"event_name":"Drug Dealer","player_choice":"Ignored","floor":20,"damage_taken":0},{"event_name":"Nest","player_choice":"Stole From Cult","floor":22,"damage_taken":0},{"event_name":"The Mausoleum","player_choice":"Yes","floor":24,"damage_taken":0},{"event_name":"Beggar","player_choice":"Gave Gold","floor":27,"damage_taken":0},{"event_name":"Upgrade Shrine","player_choice":"Upgraded","floor":37,"damage_taken":0},{"event_name":"SecretPortal","player_choice":"Took Portal.","floor":39,"damage_taken":0}],"is_beta":true,"boss_relics":[{"not_picked":["Ectoplasm","Sozu"],"picked":"Busted Crown"},{"not_picked":["Eternal Feather","Coffee Dripper"],"picked":"Fusion Hammer"}],"items_purged_floors":[38],"is_endless":false,"potions_floor_spawned":[3,6,10,14,21,28,31,33,36],"killed_by":"Donu and Deca","ascension_level":10}