{"gold_per_floor":[115,115,190,207,207,235,32,67,67,86,86,86,86,86],"floor_reached":14,"playtime":360,"items_purged":["Regret"],"score":169,"play_id":"8ebd5bf7-a65d-4a85-a7ca-bf0191e382d8","local_time":"20180716232904","is_ascension_mode":true,"campfire_choices":[{"data":"Defragment","floor":11,"key":"SMITH"},{"data":"Self Repair","floor":13,"key":"SMITH"}],"neow_cost":"NONE","seed_source_timestamp":303581993322476,"circlet_count":0,"master_deck":["Strike_B","Strike_B","Strike_B","Defend_B","Defend_B","Defend_B","Defend_B","Zap","Dualcast","Loop","Turbo","Self Repair+1","Defragment+1","Ball Lightning","Turbo","Leap"],"relics":["Cracked Core","NeowsBlessing","Pear","Dream Catcher","Pantograph","Omamori","FaceOfCleric"],"potions_floor_usage":[8,10,14],"damage_taken":[{"damage":0,"enemies":"Jaw Worm","floor":1,"turns":1},{"damage":0,"enemies":"Cultist","floor":4,"turns":1},{"damage":0,"enemies":"3 Sentries","floor":6,"turns":1},{"damage":28,"enemies":"Gremlin Nob","floor":8,"turns":4},{"damage":12,"enemies":"Small Slimes","floor":10,"turns":3},{"damage":41,"enemies":"Gremlin Gang","floor":14,"turns":4}],"seed_played":"-5406331223368978677","potions_obtained":[{"floor":1,"key":"Ancient Potion"},{"floor":6,"key":"SteroidPotion"},{"floor":8,"key":"SpeedPotion"}],"is_trial":false,"path_per_floor":["M","?","?","M","?","E","$","E","T","M","R","?","R"],"character_chosen":"DEFECT","items_purchased":["Defragment","Ball Lightning"],"campfire_rested":0,"item_purchase_floors":[7,7],"current_hp_per_floor":[68,68,57,57,67,67,67,46,46,41,41,41,41,0],"gold":86,"neow_bonus":"THREE_ENEMY_KILL","is_prod":false,"is_daily":false,"chose_seed":false,"campfire_upgraded":2,"win_rate":0,"timestamp":1531776544,"path_taken":["M","?","?","M","?","E","$","E","T","?","R","?","R","?"],"build_version":"2018-07-13","purchased_purges":1,"victory":false,"max_hp_per_floor":[75,75,75,75,85,85,85,85,85,85,85,85,85,85],"card_choices":[{"not_picked":["Heatsinks","Rebound"],"picked":"Loop","floor":1},{"not_picked":["Stack","Capacitor"],"picked":"Turbo","floor":4},{"not_picked":["Steam Power","Capacitor"],"picked":"Self Repair","floor":6},{"not_picked":["Lockon","Barrage"],"picked":"Turbo","floor":8},{"not_picked":["Ball Lightning","Gash"],"picked":"Leap","floor":10}],"player_experience":410007,"relics_obtained":[{"floor":6,"key":"Dream Catcher"},{"floor":8,"key":"Pantograph"},{"floor":9,"key":"Omamori"}],"event_choices":[{"event_name":"Purifier","player_choice":"One Purge","floor":2,"damage_taken":0},{"event_name":"World of Goop","player_choice":"Gather Gold","floor":3,"damage_taken":0},{"event_name":"Big Fish","player_choice":"Box","floor":5,"damage_taken":0},{"event_name":"FaceTrader","player_choice":"Trade","floor":12,"damage_taken":0}],"boss_relics":[],"items_purged_floors":[7],"is_endless":false,"potions_floor_spawned":[1,6,8],"killed_by":"Gremlin Gang","ascension_level":8}