{"gold_per_floor":[115,115,40,54,4,4,24,56,56,91,166,166,166,166,166,287,287,276,33,48,48,48],"floor_reached":22,"playtime":1212,"items_purged":["Normality","Defend_B"],"score":219,"play_id":"a6942cba-5f69-49a1-9981-ee6bb7dcf620","local_time":"20180721233018","is_ascension_mode":true,"campfire_choices":[{"data":"Creative AI","floor":6,"key":"SMITH"},{"floor":15,"key":"REST"}],"neow_cost":"CURSE","seed_source_timestamp":3212437660432,"circlet_count":0,"master_deck":["Strike_B","Strike_B","Strike_B","Defend_B","Defend_B","Zap","Dualcast","Creative AI+1","Reinforced Body","Go for the Eyes","Conserve Battery","Steam","Stack","Consume"],"relics":["Cracked Core","Juzu Bracelet","Sundial","Pear","Ornamental Fan","Golden Idol","Inserter","Bronze Scales"],"potions_floor_usage":[10,16,16],"damage_taken":[{"damage":1,"enemies":"Cultist","floor":1,"turns":3},{"damage":16,"enemies":"2 Louse","floor":4,"turns":2},{"damage":2,"enemies":"Jaw Worm","floor":7,"turns":5},{"damage":22,"enemies":"Lagavulin","floor":8,"turns":7},{"damage":8,"enemies":"3 Sentries","floor":10,"turns":9},{"damage":18,"enemies":"The Guardian","floor":16,"turns":15},{"damage":34,"enemies":"2 Thieves","floor":18,"turns":5},{"damage":19,"enemies":"Spheric Guardian","floor":20,"turns":6},{"damage":30,"enemies":"Snake Plant","floor":22,"turns":4}],"seed_played":"-7244700011325278785","potions_obtained":[{"floor":1,"key":"Swift Potion"},{"floor":7,"key":"EssenceOfSteel"},{"floor":10,"key":"Energy Potion"},{"floor":18,"key":"SpeedPotion"}],"is_trial":false,"path_per_floor":["M","T","$","M","?","R","M","E","T","E","?","?","?","?","R","B",null,"M","$","M","$"],"character_chosen":"DEFECT","items_purchased":["Bronze Scales"],"campfire_rested":1,"item_purchase_floors":[19],"current_hp_per_floor":[74,74,74,58,58,58,56,34,44,36,25,25,25,18,41,23,79,45,45,26,26,0],"gold":48,"neow_bonus":"THREE_RARE_CARDS","is_prod":false,"is_daily":false,"chose_seed":false,"campfire_upgraded":1,"win_rate":0,"timestamp":1532187018,"path_taken":["M","?","$","M","?","R","M","E","T","E","?","?","?","?","R","BOSS","M","$","M","$","M"],"build_version":"2018-07-19v2","purchased_purges":2,"victory":false,"max_hp_per_floor":[75,75,75,75,75,75,75,75,85,85,85,85,79,79,79,79,79,79,79,79,79,79],"card_choices":[{"not_picked":["Hyperbeam","Fission"],"picked":"Creative AI","floor":0},{"not_picked":["Ball Lightning","Sweeping Beam"],"picked":"Reinforced Body","floor":1},{"not_picked":["Conserve Battery","Rebound"],"picked":"Go for the Eyes","floor":4},{"not_picked":["Undo","Self Repair"],"picked":"Conserve Battery","floor":7},{"not_picked":["Compile Driver","Chaos"],"picked":"Steam","floor":8},{"not_picked":["Defragment","Compile Driver","Buffer"],"picked":"SKIP","floor":10},{"not_picked":["Stack","Hologram","Leap+1"],"picked":"SKIP","floor":18},{"not_picked":["Stack","Hologram","Leap+1"],"picked":"SKIP","floor":18},{"not_picked":["Hologram","Leap+1"],"picked":"Stack","floor":18},{"not_picked":["Genetic Algorithm","Doom and Gloom"],"picked":"Consume","floor":20}],"player_experience":179813,"relics_obtained":[{"floor":2,"key":"Juzu Bracelet"},{"floor":8,"key":"Sundial"},{"floor":9,"key":"Pear"},{"floor":10,"key":"Ornamental Fan"}],"event_choices":[{"event_name":"The Cleric","player_choice":"Card Removal","floor":5,"damage_taken":0},{"event_name":"World of Goop","player_choice":"Gather Gold","floor":11,"damage_taken":0},{"event_name":"Liars Game","player_choice":"disagreed","floor":12,"damage_taken":0},{"event_name":"Golden Idol","player_choice":"Lose Max HP","floor":13,"damage_taken":0},{"event_name":"Golden Wing","player_choice":"Card Removal","floor":14,"damage_taken":0}],"is_beta":false,"boss_relics":[{"not_picked":["FrozenCore","Fusion Hammer"],"picked":"Inserter"}],"items_purged_floors":[3,19],"is_endless":false,"potions_floor_spawned":[1,7,10,18],"killed_by":"Snake Plant","ascension_level":3}