{"gold_per_floor":[114,214,117,136,151,151,176,176,176,193,226,301,336,355,355,458,458,440,455,455,53,65,65,97,115,183,183],"floor_reached":27,"playtime":2076,"items_purged":["Defend_G"],"score":303,"play_id":"6041a2d9-6d01-40b9-b598-e75d50b9b92f","local_time":"20180719093244","is_ascension_mode":true,"campfire_choices":[{"data":"Neutralize","floor":6.0,"key":"SMITH"},{"floor":15.0,"key":"REST"},{"floor":23.0,"key":"REST"}],"neow_cost":"NONE","seed_source_timestamp":374363837332,"circlet_count":0,"master_deck":["Defend_G","Defend_G","Defend_G","Defend_G","Strike_G","Strike_G","Strike_G","Strike_G","Strike_G","Survivor","Neutralize+1","Blur","Flying Knee","Quick Slash","Backstab","Flying Knee","PiercingWail+1","Malaise+1"],"special_seed":0,"relics":["Busted Crown","Calipers","Gambling Chip","Incense Burner","Toxic Egg 2","Dead Branch","Black Star","Singing Bowl","Dream Catcher","Ancient Tea Set","Strawberry","Molten Egg 2"],"potions_floor_usage":[25],"damage_taken":[{"damage":2.0,"enemies":"Jaw Worm","floor":1.0,"turns":4.0},{"damage":0.0,"enemies":"Cultist","floor":4.0,"turns":4.0},{"damage":0.0,"enemies":"2 Louse","floor":5.0,"turns":2.0},{"damage":8.0,"enemies":"3 Sentries","floor":7.0,"turns":7.0},{"damage":8.0,"enemies":"Large Slime","floor":10.0,"turns":5.0},{"damage":13.0,"enemies":"Gremlin Nob","floor":11.0,"turns":4.0},{"damage":11.0,"enemies":"Lagavulin","floor":13.0,"turns":6.0},{"damage":8.0,"enemies":"Exordium Thugs","floor":14.0,"turns":3.0},{"damage":1.0,"enemies":"Hexaghost","floor":16.0,"turns":13.0},{"damage":10.0,"enemies":"2 Thieves","floor":18.0,"turns":4.0},{"damage":6.0,"enemies":"3 Byrds","floor":19.0,"turns":5.0},{"damage":35.0,"enemies":"Cultist and Chosen","floor":22.0,"turns":8.0},{"damage":2.0,"enemies":"Book of Stabbing","floor":24.0,"turns":10.0},{"damage":10,"enemies":"Slaver and Parasite","floor":25,"turns":10},{"damage":6,"enemies":"Gremlin Leader","floor":27,"turns":8}],"seed_played":"2823495577547150445","potions_obtained":[{"floor":1.0,"key":"Dexterity Potion"},{"floor":11.0,"key":"GhostInAJar"},{"floor":14.0,"key":"FearPotion"},{"floor":18.0,"key":"Explosive Potion"},{"floor":22.0,"key":"SkillPotion"},{"floor":24.0,"key":"Regen Potion"}],"is_trial":false,"path_per_floor":["M","?","$","M","M","R","E","?","T","M","E","?","E","M","R","B",null,"M","M","?","$","M","R","E","M","T"],"character_chosen":"THE_SILENT","items_purchased":["Flying Knee","Singing Bowl","Dream Catcher"],"campfire_rested":2,"item_purchase_floors":[3,21,21],"current_hp_per_floor":[68,68,68,68,68,68,60,57,57,49,36,25,14,6,27,26,70,60,54,54,54,21,44,51,43,43,37],"gold":183,"neow_bonus":"BOSS_RELIC","is_prod":false,"is_daily":false,"chose_seed":false,"campfire_upgraded":1,"win_rate":0,"timestamp":1531963964,"path_taken":["M","?","$","M","M","R","E","?","T","?","E","?","E","M","R","BOSS","M","M","?","?","M","R","E","M","T","E"],"build_version":"2018-07-12","purchased_purges":1,"victory":false,"max_hp_per_floor":[70,70,70,70,70,70,70,70,70,70,70,70,70,70,70,70,70,70,70,70,70,72,74,83,85,85,85],"card_choices":[{"not_picked":[],"picked":"Blur","floor":1.0},{"not_picked":[],"picked":"Quick Slash","floor":4.0},{"not_picked":[],"picked":"Backstab","floor":5.0},{"not_picked":["Catalyst"],"picked":"SKIP","floor":7.0},{"not_picked":["Well Laid Plans"],"picked":"SKIP","floor":10.0},{"not_picked":[],"picked":"Flying Knee","floor":11.0},{"not_picked":["Bane"],"picked":"SKIP","floor":13.0},{"not_picked":[],"picked":"PiercingWail+1","floor":14.0},{"not_picked":[],"picked":"Malaise+1","floor":18.0},{"not_picked":["Sucker Punch"],"picked":"SKIP","floor":19.0},{"not_picked":["Sucker Punch+1"],"picked":"Singing Bowl","floor":22.0},{"not_picked":["Well Laid Plans+1"],"picked":"Singing Bowl","floor":23.0},{"not_picked":["Bane"],"picked":"Singing Bowl","floor":24.0},{"not_picked":["Bane"],"picked":"Singing Bowl","floor":25}],"player_experience":153938,"relics_obtained":[{"floor":7.0,"key":"Calipers"},{"floor":9.0,"key":"Incense Burner"},{"floor":11.0,"key":"Toxic Egg 2"},{"floor":13.0,"key":"Dead Branch"},{"floor":24.0,"key":"Ancient Tea Set"},{"floor":24.0,"key":"Strawberry"},{"floor":26,"key":"Molten Egg 2"}],"event_choices":[{"event_name":"Wheel of Change","player_choice":"Gold","floor":2.0,"damage_taken":0.0},{"event_name":"Scrap Ooze","player_choice":"success","floor":8.0,"damage_taken":3.0},{"event_name":"World of Goop","player_choice":"Gather Gold","floor":12.0,"damage_taken":0.0},{"event_name":"Ghosts","player_choice":"Ignored","floor":20.0,"damage_taken":0.0}],"boss_relics":[{"not_picked":["Philosopher\u0027s Stone","Tiny House"],"picked":"Black Star"}],"items_purged_floors":[3],"is_endless":false,"potions_floor_spawned":[1,11,14,18,22,24],"killed_by":"Gremlin Leader","ascension_level":2}