{"gold_per_floor":[20,31,51,63,63,63,78,112,112,123,138,138,171,187,187,286,286,306,306,325,325,257,257,257,257,257,276,276,286,201,201,201,201],"floor_reached":33,"playtime":2002,"items_purged":[],"score":311,"play_id":"59df59e7-1a09-406e-9a06-652df0c1a399","local_time":"20180805195058","is_ascension_mode":true,"campfire_choices":[{"data":"Perfected Strike","floor":6.0,"key":"SMITH"},{"data":"Pommel Strike","floor":12.0,"key":"SMITH"},{"data":"Burning Pact","floor":15.0,"key":"SMITH"},{"data":"Corruption","floor":23,"key":"SMITH"},{"data":"Double Tap","floor":25,"key":"SMITH"},{"data":"Rage","floor":32,"key":"SMITH"}],"neow_cost":"NO_GOLD","seed_source_timestamp":7201188888855,"circlet_count":0,"master_deck":["Strike_R","Strike_R","Strike_R","Strike_R","Strike_R","Defend_R","Defend_R","Defend_R","Defend_R","Bash","Perfected Strike+1","Twin Strike","Double Tap+1","Pommel Strike+1","Twin Strike","Twin Strike","Rage+1","Burning Pact+1","Dark Embrace+1","Seeing Red","Corruption+1","Seeing Red"],"special_seed":0,"relics":["Burning Blood","Thread and Needle","Bag of Preparation","Magic Flower","Ginger","White Beast Statue","Letter Opener","Gambling Chip"],"potions_floor_usage":[20,29,29,29,33],"damage_taken":[{"damage":7.0,"enemies":"Small Slimes","floor":1.0,"turns":4.0},{"damage":0.0,"enemies":"Cultist","floor":2.0,"turns":3.0},{"damage":0.0,"enemies":"Jaw Worm","floor":3.0,"turns":3.0},{"damage":0.0,"enemies":"Gremlin Gang","floor":4.0,"turns":5.0},{"damage":0.0,"enemies":"Lots of Slimes","floor":7.0,"turns":5.0},{"damage":11.0,"enemies":"Gremlin Nob","floor":8.0,"turns":3.0},{"damage":1.0,"enemies":"2 Fungi Beasts","floor":10.0,"turns":3.0},{"damage":0.0,"enemies":"Large Slime","floor":11.0,"turns":3.0},{"damage":9.0,"enemies":"3 Sentries","floor":13.0,"turns":5.0},{"damage":5.0,"enemies":"3 Louse","floor":14.0,"turns":3.0},{"damage":75.0,"enemies":"Hexaghost","floor":16.0,"turns":11.0},{"damage":0,"enemies":"Spheric Guardian","floor":18,"turns":2},{"damage":1,"enemies":"3 Byrds","floor":20,"turns":5},{"damage":25,"enemies":"Cultist and Chosen","floor":27,"turns":5},{"damage":24,"enemies":"Snake Plant","floor":29,"turns":3},{"damage":78,"enemies":"Champ","floor":33,"turns":7}],"seed_played":"8555641755577690703","potions_obtained":[{"floor":1.0,"key":"Fire Potion"},{"floor":4.0,"key":"Regen Potion"},{"floor":5.0,"key":"Block Potion"},{"floor":7.0,"key":"SpeedPotion"},{"floor":8.0,"key":"Regen Potion"},{"floor":16.0,"key":"SkillPotion"},{"floor":20,"key":"Regen Potion"},{"floor":29,"key":"Fire Potion"}],"is_trial":false,"path_per_floor":["M","M","M","M","?","R","M","E","T","M","M","R","E","M","R","B",null,"M","$","M","?","$","R","?","R","T","M","$","M","?","$","R"],"character_chosen":"IRONCLAD","items_purchased":["Corruption"],"campfire_rested":0,"item_purchase_floors":[22],"current_hp_per_floor":[79,80,80,80,80,80,80,75,75,80,80,80,80,80,80,14,80,80,80,80,80,80,80,80,80,80,64,64,78,78,78,78,0],"gold":201,"neow_bonus":"ONE_RARE_RELIC","is_prod":false,"is_daily":false,"chose_seed":false,"campfire_upgraded":6,"win_rate":0,"timestamp":1533469858,"path_taken":["M","M","M","M","?","R","M","E","T","M","?","R","E","M","R","BOSS","M","?","M","?","$","R","?","R","T","M","$","?","?","$","R","BOSS"],"build_version":"2018-08-02","purchased_purges":0,"victory":false,"max_hp_per_floor":[80,80,80,80,80,80,80,80,80,80,80,80,80,80,80,80,80,80,80,80,80,80,80,80,80,80,80,80,80,80,80,80,80],"card_choices":[{"not_picked":["Burning Pact","Shrug It Off"],"picked":"Perfected Strike","floor":1.0},{"not_picked":["Heavy Blade","Warcry","Flex"],"picked":"SKIP","floor":2.0},{"not_picked":["Spot Weakness","Heavy Blade"],"picked":"Twin Strike","floor":3.0},{"not_picked":["Anger","Fire Breathing"],"picked":"Double Tap","floor":4.0},{"not_picked":["True Grit","Dropkick"],"picked":"Pommel Strike","floor":7.0},{"not_picked":["Infernal Blade","Inflame"],"picked":"Twin Strike","floor":8.0},{"not_picked":["Cleave","Pummel"],"picked":"Twin Strike","floor":10.0},{"not_picked":["Warcry","Sword Boomerang"],"picked":"Rage","floor":11.0},{"not_picked":["Flex","Headbutt"],"picked":"Burning Pact","floor":13.0},{"not_picked":["Iron Wave","Sword Boomerang","Flame Barrier"],"picked":"SKIP","floor":14.0},{"not_picked":["Offering","Juggernaut"],"picked":"Dark Embrace","floor":16.0},{"not_picked":["Spot Weakness+1","Second Wind","Thunderclap"],"picked":"SKIP","floor":18},{"not_picked":["Flame Barrier","Perfected Strike"],"picked":"Seeing Red","floor":20},{"not_picked":["Dropkick","Clothesline","Reckless Charge"],"picked":"SKIP","floor":27},{"not_picked":["Combust","Flex","Iron Wave"],"picked":"SKIP","floor":29}],"player_experience":261078,"relics_obtained":[{"floor":8.0,"key":"Bag of Preparation"},{"floor":9.0,"key":"Magic Flower"},{"floor":13.0,"key":"Ginger"},{"floor":26,"key":"Letter Opener"}],"event_choices":[{"event_name":"The Lab","player_choice":"Got Potions","floor":5.0,"damage_taken":0.0},{"event_name":"Upgrade Shrine","player_choice":"Upgraded","floor":21,"damage_taken":0},{"event_name":"The Library","player_choice":"Read","floor":24,"damage_taken":0},{"event_name":"Addict","player_choice":"Obtained Relic","floor":30,"damage_taken":0}],"is_beta":false,"boss_relics":[{"not_picked":["Orrery","Sozu"],"picked":"White Beast Statue"}],"items_purged_floors":[],"is_endless":false,"potions_floor_spawned":[1,4,7,8,16,18,20,27,29],"killed_by":"Champ","ascension_level":4}