{"gold_per_floor":[115,115,115,129,7,7,36,50,119,119,149,176,176,195,195,297,297,314,264,275,275,295,295,210,222,268,283,233,265,180,180,180,276,276,296,296,314,314,331,331,74,91,141,152,102,118,152,169,169,169],"floor_reached":51,"playtime":879,"items_purged":["Defend_R","Strike_R","Strike_R","Strike_R","Strike_R","Doubt"],"score":882,"play_id":"fb302b5d-16fb-4759-98b2-ae1c4a885556","local_time":"20191020135456","is_ascension_mode":false,"campfire_choices":[{"data":"Flex","floor":6,"key":"SMITH"},{"data":"Clash","floor":10,"key":"SMITH"},{"data":"Bash","floor":15,"key":"SMITH"},{"data":"Offering","floor":23,"key":"SMITH"},{"data":"Clash","floor":32,"key":"SMITH"},{"data":"Limit Break","floor":40,"key":"SMITH"},{"data":"Heavy Blade","floor":49,"key":"SMITH"}],"neow_cost":"NONE","seed_source_timestamp":268936121618970,"circlet_count":0,"master_deck":["Bash+1","Clash+1","Flex+1","Feed","Clash+1","Offering+1","Clash","Dropkick","RitualDagger","Limit Break+1","Flex+1","Heavy Blade+1"],"relics":["Burning Blood","PreservedInsect","Ornamental Fan","Dodecahedron","Smiling Mask","Empty Cage","Blood Vial","War Paint","Cursed Key","Brimstone","Vajra","Red Skull"],"potions_floor_usage":[50,50],"damage_taken":[{"damage":0,"enemies":"Small Slimes","floor":1,"turns":3},{"damage":6,"enemies":"Jaw Worm","floor":4,"turns":4},{"damage":16,"enemies":"Gremlin Nob","floor":7,"turns":3},{"damage":0,"enemies":"Cultist","floor":8,"turns":2},{"damage":9,"enemies":"3 Sentries","floor":11,"turns":5},{"damage":12,"enemies":"Exordium Thugs","floor":14,"turns":4},{"damage":41,"enemies":"The Guardian","floor":16,"turns":7},{"damage":12,"enemies":"2 Thieves","floor":18,"turns":2},{"damage":6,"enemies":"Spheric Guardian","floor":20,"turns":2},{"damage":6,"enemies":"Snake Plant","floor":22,"turns":1},{"damage":6,"enemies":"Snecko","floor":25,"turns":1},{"damage":6,"enemies":"Centurion and Healer","floor":27,"turns":2},{"damage":6,"enemies":"Slavers","floor":29,"turns":2},{"damage":16,"enemies":"Champ","floor":33,"turns":4},{"damage":6,"enemies":"3 Shapes","floor":35,"turns":1},{"damage":17,"enemies":"Orb Walker","floor":37,"turns":2},{"damage":6,"enemies":"Transient","floor":39,"turns":5},{"damage":6,"enemies":"Spire Growth","floor":42,"turns":1},{"damage":21,"enemies":"4 Shapes","floor":44,"turns":2},{"damage":6,"enemies":"Transient","floor":46,"turns":4},{"damage":6,"enemies":"Reptomancer","floor":47,"turns":1},{"damage":0,"enemies":"Sphere and 2 Shapes","floor":48,"turns":2},{"damage":6,"enemies":"Awakened One","floor":50,"turns":2}],"seed_played":"-8149077875476174455","potions_obtained":[{"floor":4,"key":"Block Potion"},{"floor":7,"key":"FearPotion"},{"floor":8,"key":"SpeedPotion"},{"floor":11,"key":"DuplicationPotion"},{"floor":46,"key":"SteroidPotion"}],"is_trial":false,"path_per_floor":["M","?","?","M","$","R","E","M","T","R","E","T","?","M","R","B",null,"M","$","M","?","M","R","?","M","T","M","$","E","$","?","R","B",null,"M","?","M","?","M","R","$","M","T","M","$","M","E","M","R","B",null],"character_chosen":"IRONCLAD","items_purchased":["Flex","Dropkick","Brimstone","Heavy Blade"],"campfire_rested":0,"item_purchase_floors":[5,30,41,41],"current_hp_per_floor":[88,88,93,93,93,93,83,89,89,89,86,86,86,83,83,48,96,93,93,93,93,96,96,96,101,101,106,106,111,111,105,105,97,111,114,114,106,106,108,108,108,110,110,100,100,102,104,112,112,114],"gold":169,"neow_bonus":"TEN_PERCENT_HP_BONUS","is_prod":false,"is_daily":false,"chose_seed":false,"campfire_upgraded":7,"win_rate":0,"timestamp":1571572496,"path_taken":["M","?","?","M","?","R","E","?","T","R","E","?","?","?","R","BOSS","M","$","M","?","M","R","?","?","T","M","$","E","$","?","R","BOSS","M","?","?","?","M","R","$","M","T","M","$","M","E","M","R","BOSS"],"build_version":"2019-10-18","purchased_purges":6,"victory":true,"max_hp_per_floor":[88,88,93,93,93,93,93,93,93,93,93,93,93,96,96,96,96,99,99,99,99,102,102,102,105,105,108,108,111,111,111,111,111,111,114,114,117,117,117,117,117,117,117,120,120,120,120,120,120,120],"card_choices":[{"not_picked":["Body Slam","Feel No Pain","Pommel Strike"],"picked":"SKIP","floor":1},{"not_picked":["Warcry","Fire Breathing"],"picked":"Clash","floor":4},{"not_picked":["Twin Strike","Havoc","Reckless Charge"],"picked":"SKIP","floor":7},{"not_picked":["Warcry","Clothesline","Headbutt"],"picked":"SKIP","floor":8},{"not_picked":["Heavy Blade","Wild Strike"],"picked":"Feed","floor":11},{"not_picked":["Second Wind","Flame Barrier"],"picked":"Clash","floor":14},{"not_picked":["Dark Embrace","Juggernaut"],"picked":"Offering","floor":16},{"not_picked":["Clothesline","Uppercut"],"picked":"Clash","floor":18},{"not_picked":["Rupture","Warcry","Infernal Blade"],"picked":"SKIP","floor":20},{"not_picked":["Clothesline","Perfected Strike+1","Carnage"],"picked":"SKIP","floor":22},{"not_picked":["Headbutt","Hemokinesis","Twin Strike+1"],"picked":"SKIP","floor":25},{"not_picked":["Twin Strike","Blood for Blood","Clothesline+1"],"picked":"SKIP","floor":27},{"not_picked":["Body Slam","Dual Wield","Ghostly Armor"],"picked":"SKIP","floor":29},{"not_picked":["Impervious","Bludgeon"],"picked":"Limit Break","floor":33},{"not_picked":["Bloodletting","Warcry+1","Fire Breathing+1"],"picked":"SKIP","floor":35},{"not_picked":["Wild Strike+1","Sentinel+1","Perfected Strike"],"picked":"SKIP","floor":37},{"not_picked":["True Grit+1","Power Through"],"picked":"Flex+1","floor":39},{"not_picked":["Rampage+1","Iron Wave+1","Cleave"],"picked":"SKIP","floor":42},{"not_picked":["Corruption","Heavy Blade","Sword Boomerang"],"picked":"SKIP","floor":44},{"not_picked":["Wild Strike+1","Pommel Strike+1","Entrench+1"],"picked":"SKIP","floor":46},{"not_picked":["Cleave+1","Rupture","Twin Strike"],"picked":"SKIP","floor":47},{"not_picked":["Infernal Blade+1","Hemokinesis","Shrug It Off+1"],"picked":"SKIP","floor":48}],"player_experience":862669,"relics_obtained":[{"floor":7,"key":"PreservedInsect"},{"floor":9,"key":"Ornamental Fan"},{"floor":11,"key":"Dodecahedron"},{"floor":12,"key":"Smiling Mask"},{"floor":29,"key":"War Paint"},{"floor":43,"key":"Vajra"},{"floor":47,"key":"Red Skull"}],"event_choices":[{"cards_removed":["Defend_R"],"damage_healed":0,"gold_gain":0,"player_choice":"Forget","damage_taken":0,"max_hp_gain":0,"max_hp_loss":0,"event_name":"Living Wall","floor":2,"gold_loss":0},{"damage_healed":0,"gold_gain":0,"player_choice":"Donut","damage_taken":0,"max_hp_gain":5,"max_hp_loss":0,"event_name":"Big Fish","floor":3,"gold_loss":0},{"damage_healed":0,"gold_gain":0,"player_choice":"0 cards matched","damage_taken":0,"max_hp_gain":0,"max_hp_loss":0,"event_name":"Match and Keep!","floor":13,"gold_loss":0,"cards_obtained":[]},{"cards_removed":["Strike_R"],"damage_healed":0,"gold_gain":0,"player_choice":"Elegance","damage_taken":0,"max_hp_gain":0,"max_hp_loss":0,"event_name":"Back to Basics","floor":21,"gold_loss":0},{"damage_healed":0,"gold_gain":0,"player_choice":"Obtained Relic","damage_taken":0,"relics_obtained":["Blood Vial"],"max_hp_gain":0,"max_hp_loss":0,"event_name":"Addict","floor":24,"gold_loss":85},{"damage_healed":0,"gold_gain":0,"player_choice":"Joined the Cult","damage_taken":6,"max_hp_gain":0,"max_hp_loss":0,"event_name":"Nest","floor":31,"gold_loss":0,"cards_obtained":["RitualDagger"]},{"damage_healed":0,"gold_gain":0,"player_choice":"Got Potions","damage_taken":0,"max_hp_gain":0,"max_hp_loss":0,"event_name":"Lab","floor":36,"gold_loss":0},{"damage_healed":0,"gold_gain":0,"player_choice":"Bought 0 Potions","damage_taken":0,"max_hp_gain":0,"max_hp_loss":0,"event_name":"The Woman in Blue","floor":38,"gold_loss":0}],"is_beta":true,"boss_relics":[{"not_picked":["Runic Cube","Fusion Hammer"],"picked":"Empty Cage"},{"not_picked":["Mark of Pain","Astrolabe"],"picked":"Cursed Key"}],"items_purged_floors":[5,19,28,30,41,45],"is_endless":false,"potions_floor_spawned":[4,7,8,11,18,29,35,39,46,47,48],"ascension_level":0}