{"gold_per_floor":[360,360,73,93,107,133,153,133,179,179,199,199,199,213,213,289,289,307,197,25,39,0,0,15,15,40,40,58,73,73,90,90,168,168,185,60,60,75,75,75,6,6,85,120,120,152,163,175,175,175],"floor_reached":50,"playtime":2614,"items_purged":["Regret","Parasite","Parasite"],"score":904,"play_id":"86bed862-6a04-4a75-9e1d-33dd29517290","local_time":"20180831025450","is_ascension_mode":true,"campfire_choices":[{"floor":12.0,"key":"REST"},{"data":"Zap","floor":15.0,"key":"SMITH"},{"data":"Streamline","floor":23.0,"key":"SMITH"},{"data":"Conserve Battery","floor":25.0,"key":"SMITH"},{"floor":32.0,"key":"REST"},{"floor":40.0,"key":"REST"},{"data":"White Noise","floor":45,"key":"SMITH"},{"floor":49,"key":"REST"}],"neow_cost":"PERCENT_DAMAGE","seed_source_timestamp":407879273634574,"circlet_count":0,"master_deck":["Strike_B+1","Strike_B","Strike_B","Defend_B+1","Defend_B","Defend_B","Defend_B","Zap+1","Dualcast+1","AscendersBane","Steam","Echo Form","Gash","Ball Lightning","Streamline+1","White Noise+1","Conserve Battery+1","Machine Learning","Fission","Glacier+1","White Noise+1","Leap+1","Leap","White Noise+1","White Noise+1","Chill+1","Self Repair","Electrodynamics"],"special_seed":0,"relics":["Cracked Core","Letter Opener","Bag of Preparation","Regal Pillow","Orichalcum","Torii","Calling Bell","Bronze Scales","Gremlin Horn","Du-Vu Doll","War Paint","Busted Crown","Singing Bowl","Bag of Marbles","Toxic Egg 2"],"potions_floor_usage":[46],"damage_taken":[{"damage":3.0,"enemies":"Jaw Worm","floor":1.0,"turns":4.0},{"damage":9.0,"enemies":"2 Louse","floor":4.0,"turns":2.0},{"damage":0.0,"enemies":"Small Slimes","floor":5.0,"turns":2.0},{"damage":5.0,"enemies":"Lagavulin","floor":6.0,"turns":7.0},{"damage":4.0,"enemies":"2 Fungi Beasts","floor":7.0,"turns":3.0},{"damage":6.0,"enemies":"Lots of Slimes","floor":11.0,"turns":3.0},{"damage":1.0,"enemies":"Blue Slaver","floor":14.0,"turns":2.0},{"damage":33.0,"enemies":"The Guardian","floor":16.0,"turns":8.0},{"damage":12.0,"enemies":"Shell Parasite","floor":18.0,"turns":4.0},{"damage":6.0,"enemies":"Chosen","floor":21.0,"turns":4.0},{"damage":0.0,"enemies":"Snecko","floor":24.0,"turns":4.0},{"damage":7.0,"enemies":"Centurion and Healer","floor":28.0,"turns":6.0},{"damage":17.0,"enemies":"Snake Plant","floor":29.0,"turns":4.0},{"damage":1.0,"enemies":"3 Cultists","floor":31.0,"turns":4.0},{"damage":42.0,"enemies":"Automaton","floor":33.0,"turns":12.0},{"damage":9.0,"enemies":"Orb Walker","floor":35.0,"turns":3.0},{"damage":19.0,"enemies":"3 Darklings","floor":38.0,"turns":3.0},{"damage":16,"enemies":"Nemesis","floor":44,"turns":9},{"damage":50,"enemies":"Giant Head","floor":46,"turns":9},{"damage":1,"enemies":"4 Shapes","floor":47,"turns":2},{"damage":38,"enemies":"Transient","floor":48,"turns":5},{"damage":72,"enemies":"Awakened One","floor":50,"turns":3}],"seed_played":"312481171407002303","potions_obtained":[{"floor":1.0,"key":"Energy Potion"},{"floor":7.0,"key":"PowerPotion"},{"floor":8.0,"key":"FairyPotion"},{"floor":11.0,"key":"Fire Potion"},{"floor":21.0,"key":"Block Potion"},{"floor":29.0,"key":"PowerPotion"},{"floor":38.0,"key":"Block Potion"}],"is_trial":false,"path_per_floor":["M","?","$","M","M","E","M","?","T","?","M","R","T","M","R","B",null,"M","?","$","M","?","R","M","R","T","?","M","M","?","M","R","B",null,"M","$","?","M","?","R","$","$","T","E","R","E","M","M","R"],"character_chosen":"DEFECT","items_purchased":["Echo Form","Gash","Weak Potion","White Noise","Self Repair"],"campfire_rested":4,"item_purchase_floors":[3,3,3,20,41],"current_hp_per_floor":[43,43,43,34,34,29,25,25,25,25,19,55,55,54,54,21,59,54,54,54,48,48,48,48,48,48,48,41,24,24,23,58,16,55,46,46,46,27,27,61,61,61,61,61,61,25,26,15,51,0],"gold":175,"neow_bonus":"TWO_FIFTY_GOLD","is_prod":false,"is_daily":false,"chose_seed":false,"campfire_upgraded":4,"win_rate":0,"timestamp":1535676890,"path_taken":["M","?","$","M","M","E","M","?","T","?","?","R","?","M","R","BOSS","M","?","$","M","?","R","M","R","T","?","?","M","?","M","R","BOSS","M","$","?","?","?","R","?","$","T","E","R","E","M","M","R","BOSS"],"build_version":"2018-08-29","purchased_purges":3,"victory":false,"max_hp_per_floor":[71,71,71,71,71,71,71,71,71,71,71,71,71,71,71,71,71,71,71,68,68,68,68,68,68,68,68,68,68,68,68,68,68,68,68,65,65,65,65,65,65,65,65,67,67,67,69,71,71,71],"card_choices":[{"not_picked":["Genetic Algorithm","Redo"],"picked":"Steam","floor":1.0},{"not_picked":["Coolheaded","Recycle"],"picked":"Ball Lightning","floor":4.0},{"not_picked":["Reprogram","Hyperbeam"],"picked":"Streamline","floor":5.0},{"not_picked":["Scrape","Darkness","Barrage"],"picked":"SKIP","floor":6.0},{"not_picked":["Barrage","Steam"],"picked":"White Noise","floor":7.0},{"not_picked":["Beam Cell","Streamline"],"picked":"Conserve Battery","floor":11.0},{"not_picked":["BootSequence","Barrage"],"picked":"Machine Learning","floor":14.0},{"not_picked":["Reboot","Hyperbeam"],"picked":"Fission","floor":16.0},{"not_picked":["Hologram","Barrage+1"],"picked":"Glacier+1","floor":18.0},{"not_picked":["Rebound","Beam Cell+1"],"picked":"Leap+1","floor":21.0},{"not_picked":["Turbo","Redo","Consume"],"picked":"SKIP","floor":24.0},{"not_picked":["Streamline","Turbo"],"picked":"Leap","floor":28.0},{"not_picked":["Aggregate","Barrage","Hyperbeam"],"picked":"SKIP","floor":29.0},{"not_picked":["Genetic Algorithm","Cold Snap"],"picked":"White Noise+1","floor":31.0},{"not_picked":[],"picked":"White Noise+1","floor":35.0},{"not_picked":[],"picked":"Chill+1","floor":38.0},{"not_picked":["Leap"],"picked":"Singing Bowl","floor":44},{"not_picked":[],"picked":"Electrodynamics","floor":46},{"not_picked":["Barrage"],"picked":"Singing Bowl","floor":47},{"not_picked":["Chill+1"],"picked":"Singing Bowl","floor":48}],"player_experience":601045,"relics_obtained":[{"floor":6.0,"key":"Bag of Preparation"},{"floor":9.0,"key":"Regal Pillow"},{"floor":13.0,"key":"Torii"},{"floor":17.0,"key":"Bronze Scales"},{"floor":17.0,"key":"Gremlin Horn"},{"floor":17.0,"key":"Du-Vu Doll"},{"floor":26.0,"key":"War Paint"},{"floor":43.0,"key":"Singing Bowl"},{"floor":44,"key":"Bag of Marbles"},{"floor":46,"key":"Toxic Egg 2"}],"event_choices":[{"event_name":"Big Fish","player_choice":"Box","floor":2.0,"damage_taken":0.0},{"event_name":"The Woman in Blue","player_choice":"Bought 1 Potion","floor":8.0,"damage_taken":0.0},{"event_name":"WeMeetAgain","player_choice":"Potion","floor":10.0,"damage_taken":0.0},{"event_name":"Designer","player_choice":"Full Service","floor":19.0,"damage_taken":0.0},{"event_name":"Masked Bandits","player_choice":"Paid Fearfully","floor":22.0,"damage_taken":0.0},{"event_name":"Upgrade Shrine","player_choice":"Upgraded","floor":27.0,"damage_taken":0.0},{"event_name":"Falling","player_choice":"Removed Attack","floor":37.0,"damage_taken":0.0},{"event_name":"SensoryStone","player_choice":"Memory 1","floor":39.0,"damage_taken":0.0}],"is_beta":true,"boss_relics":[{"not_picked":["Astrolabe","Runic Pyramid"],"picked":"Calling Bell"},{"not_picked":["Philosopher\u0027s Stone","Pandora\u0027s Box"],"picked":"Busted Crown"}],"items_purged_floors":[3,20,36],"is_endless":false,"potions_floor_spawned":[1,6,7,11,16,21,24,29,38],"killed_by":"Awakened One","ascension_level":15}