{"gold_per_floor":[114,114,128,142,142,142,198,198,198,198,213,238,251,276,276,372,372,388,405,417,517,517,517],"floor_reached":23,"playtime":1267,"items_purged":[],"score":211,"play_id":"d2cb4e89-43b8-4563-ac65-bafe0898d45c","local_time":"20180707153238","is_ascension_mode":false,"campfire_choices":[{"data":"Redo","floor":6,"key":"SMITH"},{"floor":8,"key":"REST"},{"floor":15,"key":"REST"}],"neow_cost":"TEN_PERCENT_HP_LOSS","seed_source_timestamp":20441614241802,"circlet_count":0,"master_deck":["Strike_B","Strike_B","Defend_B","Defend_B","Defend_B","Zap+1","Dualcast","Rebound","Redo+1","Gash","Coolheaded","Core Surge","Steam","Rebound","Gash","Sweeping Beam","Electrodynamics","Sweeping Beam","Gash","Beam Cell","Necronomicurse"],"relics":["Cracked Core","Ornamental Fan","Tiny Chest","Mummified Hand","Blood Vial","Potion Belt","Black Star","Necronomicon"],"potions_floor_usage":[19,23,23],"damage_taken":[{"damage":0,"enemies":"2 Louse","floor":1,"turns":1},{"damage":0,"enemies":"Cultist","floor":3,"turns":3},{"damage":10,"enemies":"Small Slimes","floor":4,"turns":2},{"damage":17,"enemies":"Lagavulin","floor":7,"turns":5},{"damage":2,"enemies":"Blue Slaver","floor":11,"turns":3},{"damage":22,"enemies":"Gremlin Nob","floor":12,"turns":4},{"damage":1,"enemies":"2 Fungi Beasts","floor":13,"turns":2},{"damage":12,"enemies":"Lagavulin","floor":14,"turns":5},{"damage":6,"enemies":"Slime Boss","floor":16,"turns":9},{"damage":0,"enemies":"3 Byrds","floor":18,"turns":1},{"damage":4,"enemies":"Chosen","floor":19,"turns":5},{"damage":20,"enemies":"Centurion and Healer","floor":20,"turns":6},{"damage":35,"enemies":"Book of Stabbing","floor":23,"turns":4}],"seed_played":"-2670842865897015944","potions_obtained":[{"floor":12,"key":"Poison Potion"},{"floor":13,"key":"SteroidPotion"},{"floor":18,"key":"GamblersBrew"},{"floor":20,"key":"Swift Potion"}],"is_trial":false,"path_per_floor":["M","?","M","M","?","R","E","R","T","?","M","E","M","E","R","B",null,"M","M","M","?","?"],"character_chosen":"DEFECT","items_purchased":[],"campfire_rested":2,"item_purchase_floors":[],"current_hp_per_floor":[68,68,68,58,51,51,34,54,54,54,52,30,31,21,41,37,68,68,64,46,46,30,0],"gold":517,"neow_bonus":"REMOVE_TWO","is_prod":false,"is_daily":false,"chose_seed":false,"campfire_upgraded":1,"win_rate":0,"timestamp":1530948758,"path_taken":["M","?","M","M","?","R","E","R","T","?","M","E","M","E","R","BOSS","M","M","M","?","?","E"],"build_version":"2018-07-05","purchased_purges":0,"victory":false,"max_hp_per_floor":[68,68,68,68,68,68,68,68,68,68,68,68,68,68,68,68,68,68,68,68,68,68,68],"card_choices":[{"not_picked":["Stack","Hologram"],"picked":"Rebound","floor":1},{"not_picked":["Rebound","Rip and Tear"],"picked":"Redo","floor":3},{"not_picked":["Fusion","Force Field"],"picked":"Gash","floor":4},{"not_picked":["Go for the Eyes","Turbo"],"picked":"Coolheaded","floor":7},{"not_picked":["Coolheaded","Lockon"],"picked":"Steam","floor":11},{"not_picked":["Turbo","Streamline"],"picked":"Rebound","floor":12},{"not_picked":["Fission","Go for the Eyes"],"picked":"Gash","floor":13},{"not_picked":["Turbo","Hologram"],"picked":"Sweeping Beam","floor":14},{"not_picked":["Meteor Strike","Buffer"],"picked":"Electrodynamics","floor":16},{"not_picked":["Fusion","Barrage"],"picked":"Sweeping Beam","floor":18},{"not_picked":["Steam Power","Hello World+1"],"picked":"Gash","floor":19},{"not_picked":["Hologram","Machine Learning"],"picked":"Beam Cell","floor":20}],"player_experience":93782,"relics_obtained":[{"floor":7,"key":"Tiny Chest"},{"floor":9,"key":"Mummified Hand"},{"floor":12,"key":"Blood Vial"},{"floor":14,"key":"Potion Belt"},{"floor":22,"key":"Necronomicon"}],"event_choices":[{"event_name":"Upgrade Shrine","player_choice":"Upgraded","floor":2,"damage_taken":0},{"event_name":"Scrap Ooze","player_choice":"success","floor":5,"damage_taken":7},{"event_name":"Transmorgrifier","player_choice":"Transform","floor":10,"damage_taken":0},{"event_name":"Golden Shrine","player_choice":"Pray","floor":21,"damage_taken":0},{"event_name":"Cursed Tome","player_choice":"Obtained Book","floor":22,"damage_taken":0}],"boss_relics":[{"not_picked":["Calling Bell","Sozu"],"picked":"Black Star"}],"items_purged_floors":[],"is_endless":false,"potions_floor_spawned":[12,13,18,20],"killed_by":"Book of Stabbing","ascension_level":0}