{"gold_per_floor":[118,138,156,156,156,156,189,189,189,214,214,230,530,545,545,624,624,641,69,69,17,17,17,52,52,52,79,79,93,104,124,124,201,201,212,223,223,242,82,109,109,142,142,159,159,59,59,76,76,76],"floor_reached":50,"playtime":1032,"items_purged":["Defend_R","Defend_R"],"score":1141,"play_id":"4748ca1a-6749-4f38-a417-ac5b8501e275","local_time":"20181027223307","is_ascension_mode":true,"campfire_choices":[{"data":"Flex","floor":6.0,"key":"SMITH"},{"data":"Cleave","floor":8.0,"key":"SMITH"},{"data":"Inflame","floor":15.0,"key":"SMITH"},{"floor":23.0,"key":"REST"},{"data":"Immolate","floor":25.0,"key":"SMITH"},{"floor":32.0,"key":"REST"},{"floor":41.0,"key":"REST"},{"floor":45.0,"key":"REST"},{"floor":49.0,"key":"REST"}],"neow_cost":"NONE","seed_source_timestamp":34627524593582,"circlet_count":0,"master_deck":["Strike_R","Strike_R","Strike_R","Strike_R","Strike_R","Defend_R","Defend_R","Bash+1","AscendersBane","Flex+1","Heavy Blade+1","Cleave+1","Sword Boomerang","Inflame+1","Dropkick","Immolate+1","Thunderclap","Heavy Blade+1","Flex+1","Immolate","Twin Strike+1","Feed","Heavy Blade","Normality","Limit Break","Impatience"],"special_seed":0,"relics":["Burning Blood","Champion Belt","Paper Frog","Odd Mushroom","Old Coin","Cursed Key","Pear","DollysMirror","Bronze Scales","Letter Opener","Bottled Tornado","Spirit Poop","Sozu","Pen Nib","Ice Cream","Pantograph","Mango"],"potions_floor_usage":[],"damage_taken":[{"damage":6.0,"enemies":"Jaw Worm","floor":1.0,"turns":4.0},{"damage":19.0,"enemies":"Small Slimes","floor":2.0,"turns":4.0},{"damage":5.0,"enemies":"2 Louse","floor":3.0,"turns":3.0},{"damage":6.0,"enemies":"Gremlin Nob","floor":7.0,"turns":3.0},{"damage":8.0,"enemies":"The Mushroom Lair","floor":10.0,"turns":3.0},{"damage":9.0,"enemies":"Large Slime","floor":12.0,"turns":3.0},{"damage":2.0,"enemies":"Exordium Wildlife","floor":14.0,"turns":3.0},{"damage":29.0,"enemies":"The Guardian","floor":16.0,"turns":7.0},{"damage":11.0,"enemies":"Spheric Guardian","floor":18.0,"turns":3.0},{"damage":0.0,"enemies":"Gremlin Leader","floor":24.0,"turns":3.0},{"damage":19.0,"enemies":"Slavers","floor":27.0,"turns":3.0},{"damage":19.0,"enemies":"2 Thieves","floor":29.0,"turns":2.0},{"damage":9.0,"enemies":"Centurion and Healer","floor":30.0,"turns":2.0},{"damage":0.0,"enemies":"3 Cultists","floor":31.0,"turns":2.0},{"damage":54.0,"enemies":"Champ","floor":33.0,"turns":5.0},{"damage":12.0,"enemies":"Orb Walker","floor":35.0,"turns":2.0},{"damage":10.0,"enemies":"3 Darklings","floor":36.0,"turns":2.0},{"damage":14.0,"enemies":"Sphere and 2 Shapes","floor":38.0,"turns":2.0},{"damage":43.0,"enemies":"Reptomancer","floor":40.0,"turns":3.0},{"damage":21.0,"enemies":"Nemesis","floor":42.0,"turns":3.0},{"damage":28.0,"enemies":"Transient","floor":44.0,"turns":6.0},{"damage":30.0,"enemies":"Maw","floor":48.0,"turns":4.0},{"damage":108,"enemies":"Awakened One","floor":50,"turns":6}],"seed_played":"-2052103047325088289","potions_obtained":[{"floor":3.0,"key":"SteroidPotion"},{"floor":7.0,"key":"PowerPotion"},{"floor":10.0,"key":"FearPotion"},{"floor":27.0,"key":"Fire Potion"},{"floor":30.0,"key":"AttackPotion"},{"floor":31.0,"key":"FearPotion"}],"is_trial":false,"path_per_floor":["M","M","M","?","?","R","E","R","T","?","?","M","T","M","R","B",null,"M","$","?","$","?","R","E","R","T","E","?","M","M","M","R","B",null,"M","M","?","M","$","E","R","E","T","M","R","$","?","M","R"],"character_chosen":"IRONCLAD","items_purchased":["Pear","DollysMirror","Flex","Pen Nib"],"campfire_rested":5,"item_purchase_floors":[19,19,21,39],"current_hp_per_floor":[68,55,56,56,56,56,56,56,56,54,54,51,51,55,55,32,64,59,69,44,44,44,71,77,77,77,64,64,51,48,54,81,33,76,70,69,69,61,61,24,51,36,50,28,60,60,60,36,68,0],"gold":76,"neow_bonus":"UPGRADE_CARD","is_prod":false,"is_daily":false,"chose_seed":false,"campfire_upgraded":4,"win_rate":0,"timestamp":1540672387,"path_taken":["M","M","M","?","?","R","E","R","T","?","?","M","?","?","R","BOSS","M","$","?","?","?","R","E","R","T","E","?","M","M","M","R","BOSS","M","M","?","M","$","E","R","E","T","M","R","$","?","M","R","BOSS"],"build_version":"2018-10-25v2","purchased_purges":2,"victory":false,"max_hp_per_floor":[75,75,75,75,75,75,75,75,75,75,75,75,75,75,75,75,75,75,85,90,90,90,90,90,90,90,90,90,90,90,90,90,90,90,90,93,93,93,93,93,93,93,107,107,107,107,107,107,107,107],"card_choices":[{"not_picked":["Power Through","Searing Blow"],"picked":"Flex","floor":1.0},{"not_picked":["Thunderclap","Warcry"],"picked":"Heavy Blade","floor":2.0},{"not_picked":["Armaments","Clash"],"picked":"Cleave","floor":3.0},{"not_picked":["Hemokinesis","Entrench"],"picked":"Sword Boomerang","floor":7.0},{"not_picked":["True Grit","Seeing Red"],"picked":"Inflame","floor":12.0},{"not_picked":["Intimidate","Havoc"],"picked":"Dropkick","floor":14.0},{"not_picked":["Offering","Juggernaut"],"picked":"Immolate","floor":16.0},{"not_picked":["Sentinel","Shrug It Off"],"picked":"Thunderclap","floor":18.0},{"not_picked":["Body Slam","Hemokinesis","Pommel Strike"],"picked":"SKIP","floor":24.0},{"not_picked":["Perfected Strike","Metallicize"],"picked":"Immolate","floor":27.0},{"not_picked":["Sentinel+1","Combust","Second Wind"],"picked":"SKIP","floor":29.0},{"not_picked":["Wild Strike","Burning Pact"],"picked":"Twin Strike+1","floor":30.0},{"not_picked":["Entrench+1","Hemokinesis","Thunderclap"],"picked":"SKIP","floor":31.0},{"not_picked":["Dark Embrace","Juggernaut"],"picked":"Feed","floor":33.0},{"not_picked":["Shockwave+1","Searing Blow","Dropkick"],"picked":"SKIP","floor":35.0},{"not_picked":["Warcry+1","Rampage+1","Fire Breathing"],"picked":"SKIP","floor":36.0},{"not_picked":["Clash","Evolve","Inflame"],"picked":"SKIP","floor":38.0},{"not_picked":["Warcry","Infernal Blade","Corruption"],"picked":"SKIP","floor":40.0},{"not_picked":["Flex","Headbutt"],"picked":"Heavy Blade","floor":42.0},{"not_picked":["Perfected Strike+1","Thunderclap"],"picked":"Limit Break","floor":44.0},{"not_picked":["Madness","Mind Blast"],"picked":"Impatience","floor":47.0},{"not_picked":["Uppercut","Clash","Cleave"],"picked":"SKIP","floor":48.0}],"player_experience":703786,"relics_obtained":[{"floor":7.0,"key":"Champion Belt"},{"floor":9.0,"key":"Paper Frog"},{"floor":10.0,"key":"Odd Mushroom"},{"floor":13.0,"key":"Old Coin"},{"floor":24.0,"key":"Bronze Scales"},{"floor":26.0,"key":"Letter Opener"},{"floor":27.0,"key":"Bottled Tornado"},{"floor":40.0,"key":"Ice Cream"},{"floor":42.0,"key":"Pantograph"},{"floor":43.0,"key":"Mango"}],"event_choices":[{"damage_healed":0.0,"max_hp_gain":0.0,"max_hp_loss":0.0,"gold_gain":0.0,"event_name":"Shining Light","player_choice":"Ignored","floor":4.0,"gold_loss":0.0,"damage_taken":0.0},{"damage_healed":0.0,"max_hp_gain":0.0,"max_hp_loss":0.0,"gold_gain":0.0,"event_name":"Living Wall","player_choice":"Grow","floor":5.0,"gold_loss":0.0,"damage_taken":0.0,"cards_upgraded":["Heavy Blade"]},{"damage_healed":0.0,"max_hp_gain":0.0,"max_hp_loss":0.0,"gold_gain":0.0,"event_name":"Mushrooms","player_choice":"Fought Mushrooms","floor":10.0,"gold_loss":0.0,"damage_taken":0.0},{"damage_healed":0.0,"max_hp_gain":0.0,"max_hp_loss":0.0,"gold_gain":0.0,"event_name":"Liars Game","player_choice":"Ignored","floor":11.0,"gold_loss":0.0,"damage_taken":0.0},{"damage_healed":0.0,"max_hp_gain":5.0,"max_hp_loss":0.0,"gold_gain":0.0,"event_name":"Forgotten Altar","player_choice":"Shed Blood","floor":20.0,"gold_loss":0.0,"damage_taken":30.0},{"damage_healed":0.0,"max_hp_gain":0.0,"max_hp_loss":0.0,"gold_gain":0.0,"event_name":"Upgrade Shrine","player_choice":"Upgraded","floor":22.0,"gold_loss":0.0,"damage_taken":0.0,"cards_upgraded":["Flex"]},{"cards_removed":["Doubt"],"damage_healed":0.0,"max_hp_gain":0.0,"max_hp_loss":0.0,"gold_gain":0.0,"event_name":"Bonfire Elementals","player_choice":"Offered Curse","floor":28.0,"gold_loss":0.0,"damage_taken":0.0,"relics_obtained":["Spirit Poop"]},{"damage_healed":0.0,"max_hp_gain":0.0,"max_hp_loss":0.0,"gold_gain":0.0,"event_name":"Tomb of Lord Red Mask","player_choice":"Ignored","floor":37.0,"gold_loss":0.0,"damage_taken":0.0},{"damage_healed":0.0,"max_hp_gain":0.0,"max_hp_loss":0.0,"gold_gain":0.0,"event_name":"SensoryStone","player_choice":"Memory 1","floor":47.0,"gold_loss":0.0,"damage_taken":0.0}],"is_beta":true,"boss_relics":[{"not_picked":["Astrolabe","Runic Cube"],"picked":"Cursed Key"},{"not_picked":["Lizard Tail","Pandora\u0027s Box"],"picked":"Sozu"}],"items_purged_floors":[19,46],"is_endless":false,"potions_floor_spawned":[3,7,10,27,30,31,38,40,42,48],"killed_by":"Awakened One","ascension_level":18}