{"gold_per_floor":[117,34,49,49,199,232,232,232,287,314,15,34,34,34,34,110,110,122,22,48,60,19,19],"floor_reached":23,"playtime":496,"items_purged":["Doubt","Strike_B"],"score":440,"play_id":"daaf03f4-7f3c-450f-b2a5-e6b0082f7ced","local_time":"20190416112419","is_ascension_mode":true,"campfire_choices":[{"data":"Creative AI","floor":7.0,"key":"SMITH"},{"data":"Conserve Battery","floor":13,"key":"SMITH"},{"data":"Defend_B","floor":15,"key":"SMITH"}],"neow_cost":"NONE","seed_source_timestamp":2179475890978,"circlet_count":0,"master_deck":["AscendersBane","Strike_B","Strike_B","Strike_B","Defend_B+1","Defend_B+1","Defend_B+1","Defend_B+1","Zap","Dualcast","Storm","Glacier","Creative AI+1","Conserve Battery+1","Electrodynamics","Heatsinks","Self Repair"],"special_seed":0,"relics":["Cracked Core","NeowsBlessing","Oddly Smooth Stone","Regal Pillow","Bag of Marbles","War Paint","Black Star","Red Mask"],"potions_floor_usage":[16,20,23],"damage_taken":[{"damage":0.0,"enemies":"Jaw Worm","floor":1.0,"turns":1.0},{"damage":0.0,"enemies":"2 Louse","floor":3.0,"turns":1.0},{"damage":0.0,"enemies":"3 Sentries","floor":6.0,"turns":2.0},{"damage":9.0,"enemies":"Lagavulin","floor":10.0,"turns":8.0},{"damage":12,"enemies":"Small Slimes","floor":12,"turns":5},{"damage":6,"enemies":"Slime Boss","floor":16,"turns":10},{"damage":0,"enemies":"3 Byrds","floor":18,"turns":2},{"damage":3,"enemies":"Masked Bandits","floor":20,"turns":2},{"damage":15,"enemies":"Chosen","floor":21,"turns":5},{"damage":47,"enemies":"Slavers","floor":23,"turns":3}],"seed_played":"7257140100869762205","potions_obtained":[{"floor":3.0,"key":"PowerPotion"},{"floor":12,"key":"PowerPotion"},{"floor":16,"key":"Explosive Potion"},{"floor":20,"key":"GamblersBrew"}],"is_trial":false,"path_per_floor":["M","$","M","?","?","E","R","?","T","E","$","M","R","?","R","B",null,"M","$","?","M","$","E"],"character_chosen":"DEFECT","items_purchased":["Glacier","War Paint","Conserve Battery","Self Repair"],"campfire_rested":0,"item_purchase_floors":[2,11,11,22],"current_hp_per_floor":[64,64,64,64,64,64,64,64,64,55,55,43,43,43,43,37,63,63,63,60,45,45,0],"gold":19,"neow_bonus":"THREE_ENEMY_KILL","is_prod":false,"is_daily":false,"chose_seed":false,"campfire_upgraded":3,"win_rate":0,"timestamp":1555406659,"path_taken":["M","$","M","?","?","E","R","?","T","E","$","M","R","?","R","BOSS","M","$","?","M","$","E"],"build_version":"2019-01-23","purchased_purges":2,"victory":false,"max_hp_per_floor":[71,71,71,71,71,71,71,71,71,71,71,71,71,71,71,71,71,71,71,71,71,71,71],"card_choices":[{"not_picked":["Hologram","Stack"],"picked":"Storm","floor":1.0},{"not_picked":["Cold Snap","Steam"],"picked":"Creative AI","floor":3.0},{"not_picked":["Leap","Barrage","Blizzard"],"picked":"SKIP","floor":6.0},{"not_picked":["Recycle","Beam Cell","Coolheaded"],"picked":"SKIP","floor":10.0},{"not_picked":["Hello World","Redo","Leap"],"picked":"SKIP","floor":12},{"not_picked":["Biased Cognition","Core Surge"],"picked":"Electrodynamics","floor":16},{"not_picked":["Consume","Redo"],"picked":"Heatsinks","floor":18},{"not_picked":["Cold Snap","Stack","Conserve Battery"],"picked":"SKIP","floor":21}],"player_experience":839348,"relics_obtained":[{"floor":6.0,"key":"Oddly Smooth Stone"},{"floor":9.0,"key":"Regal Pillow"},{"floor":10.0,"key":"Bag of Marbles"},{"floor":20,"key":"Red Mask"}],"event_choices":[{"damage_healed":0.0,"max_hp_gain":0.0,"max_hp_loss":0.0,"gold_gain":0.0,"event_name":"The Cleric","player_choice":"Leave","floor":4.0,"gold_loss":0.0,"damage_taken":0.0},{"damage_healed":0.0,"max_hp_gain":0.0,"max_hp_loss":0.0,"gold_gain":150.0,"event_name":"Liars Game","player_choice":"AGREE","floor":5.0,"gold_loss":0.0,"damage_taken":0.0,"cards_obtained":["Doubt"]},{"damage_healed":0.0,"max_hp_gain":0.0,"max_hp_loss":0.0,"gold_gain":0.0,"event_name":"Dead Adventurer","player_choice":"Searched \u00270\u0027 times","floor":8.0,"gold_loss":0.0,"damage_taken":0.0},{"damage_healed":0,"gold_gain":0,"player_choice":"Grow","damage_taken":0,"max_hp_gain":0,"max_hp_loss":0,"event_name":"Living Wall","floor":14,"gold_loss":0,"cards_upgraded":["Defend_B"]},{"damage_healed":0,"gold_gain":0,"player_choice":"Fought Bandits","damage_taken":0,"max_hp_gain":0,"max_hp_loss":0,"event_name":"Masked Bandits","floor":20,"gold_loss":0}],"is_beta":false,"boss_relics":[{"not_picked":["White Beast Statue","Calling Bell"],"picked":"Black Star"}],"items_purged_floors":[11,19],"is_endless":false,"potions_floor_spawned":[3,12,16,18,20],"killed_by":"Slavers","ascension_level":20}