{"gold_per_floor":[119,133,44,98,98,98,131,131,131,131,154,154,186,205,205,276,276,286,156,206,220,620,620,630,630,704,736,747,759,759,778,778,851,851,870,604,624,681,691,691,726,726,779,806,864,876,318,347,347,347,347,347,347,10,39,39],"floor_reached":56,"playtime":1244,"items_purged":["Defend_R","Defend_R","Defend_R"],"score":2062,"play_id":"168cfcc0-c56d-455b-a7b0-66d8c5414608","local_time":"20190504145147","is_ascension_mode":true,"campfire_choices":[{"data":"Perfected Strike","floor":6.0,"key":"SMITH"},{"data":"Inflame","floor":8.0,"key":"SMITH"},{"data":"Twin Strike","floor":10.0,"key":"SMITH"},{"data":"Feed","floor":15.0,"key":"SMITH"},{"data":"Perfected Strike","floor":23.0,"key":"SMITH"},{"data":"Double Tap","floor":25.0,"key":"SMITH"},{"data":"Perfected Strike","floor":32.0,"key":"SMITH"},{"data":"Perfected Strike","floor":40.0,"key":"SMITH"},{"data":"Perfected Strike","floor":46.0,"key":"SMITH"},{"floor":49.0,"key":"RECALL"},{"data":"Flex","floor":53,"key":"SMITH"}],"neow_cost":"NONE","seed_source_timestamp":271354540166896,"circlet_count":0,"master_deck":["AscendersBane","Strike_R","Strike_R","Strike_R","Strike_R","Strike_R","Bash","Perfected Strike+1","Inflame+1","Twin Strike+1","Feed+1","Pommel Strike","Double Tap+1","Thunderclap","Perfected Strike+1","Reaper","Flex","Flex+1","Battle Trance","Perfected Strike+1","Immolate","Perfected Strike+1","Perfected Strike+1"],"special_seed":0,"relics":["Burning Blood","NeowsBlessing","Bag of Marbles","Question Card","FossilizedHelix","Odd Mushroom","Champion Belt","Coffee Dripper","Old Coin","Blue Candle","Mummified Hand","Matryoshka","Philosopher\u0027s Stone","PreservedInsect","Tiny Chest","Vajra","Ancient Tea Set","MawBank","Ginger","Pantograph","Red Skull","Mercury Hourglass","Paper Frog","Lantern"],"potions_floor_usage":[56],"damage_taken":[{"damage":0.0,"enemies":"Cultist","floor":1.0,"turns":1.0},{"damage":0.0,"enemies":"Small Slimes","floor":2.0,"turns":1.0},{"damage":0.0,"enemies":"3 Sentries","floor":7.0,"turns":2.0},{"damage":9.0,"enemies":"The Mushroom Lair","floor":11.0,"turns":3.0},{"damage":20.0,"enemies":"Lagavulin","floor":13.0,"turns":4.0},{"damage":0.0,"enemies":"2 Louse","floor":14.0,"turns":2.0},{"damage":56.0,"enemies":"Hexaghost","floor":16.0,"turns":7.0},{"damage":0.0,"enemies":"Spheric Guardian","floor":18.0,"turns":3.0},{"damage":0.0,"enemies":"3 Byrds","floor":21.0,"turns":4.0},{"damage":0.0,"enemies":"Colosseum Slavers","floor":22.0,"turns":2.0},{"damage":8.0,"enemies":"Colosseum Nobs","floor":22.0,"turns":4.0},{"damage":0.0,"enemies":"Snake Plant","floor":24.0,"turns":2.0},{"damage":5.0,"enemies":"Book of Stabbing","floor":27.0,"turns":3.0},{"damage":0.0,"enemies":"Sentry and Sphere","floor":28.0,"turns":3.0},{"damage":0.0,"enemies":"Snecko","floor":29.0,"turns":2.0},{"damage":0.0,"enemies":"3 Cultists","floor":31.0,"turns":2.0},{"damage":50.0,"enemies":"Champ","floor":33.0,"turns":7.0},{"damage":0.0,"enemies":"Orb Walker","floor":35.0,"turns":2.0},{"damage":0.0,"enemies":"3 Darklings","floor":37.0,"turns":2.0},{"damage":16.0,"enemies":"Maw","floor":39.0,"turns":5.0},{"damage":0.0,"enemies":"Giant Head","floor":41.0,"turns":4.0},{"damage":0.0,"enemies":"Spire Growth","floor":44.0,"turns":2.0},{"damage":0.0,"enemies":"2 Orb Walkers","floor":45.0,"turns":2.0},{"damage":0.0,"enemies":"Reptomancer","floor":48.0,"turns":1.0},{"damage":83.0,"enemies":"Donu and Deca","floor":50.0,"turns":6.0},{"damage":42,"enemies":"Time Eater","floor":51,"turns":4},{"damage":0,"enemies":"Shield and Spear","floor":55,"turns":2},{"damage":116,"enemies":"The Heart","floor":56,"turns":5}],"seed_played":"5546191318550962906","potions_obtained":[{"floor":11.0,"key":"Regen Potion"},{"floor":14.0,"key":"Swift Potion"},{"floor":22.0,"key":"AttackPotion"},{"floor":30.0,"key":"PowerPotion"},{"floor":55,"key":"SpeedPotion"}],"is_trial":false,"path_per_floor":["M","M","$","T","?","R","E","R","T","R","?","?","E","M","R","B",null,"M","$","?","M","?","R","M","R","T","E","M","M","?","M","R","B",null,"M","$","M","T","M","R","E","?","T","M","?","R","$","E","R","B","B",null,"R","$","E","B"],"character_chosen":"IRONCLAD","items_purchased":["Inflame","Perfected Strike","PreservedInsect","Pantograph","Red Skull","Paper Frog","Strength Potion"],"campfire_rested":0,"item_purchase_floors":[3,19,36,47,47,54,54],"current_hp_per_floor":[74,75,75,75,75,75,75,75,75,75,72,72,58,64,64,14,60,66,66,66,76,77,77,83,83,83,83,83,83,83,87,87,43,76,87,87,91,91,81,81,91,91,91,91,91,91,91,91,91,27,28,75,75,75,81,0],"gold":39,"neow_bonus":"THREE_ENEMY_KILL","is_prod":false,"is_daily":false,"chose_seed":false,"campfire_upgraded":10,"win_rate":0,"timestamp":1556974307,"path_taken":["M","?","$","?","?","R","E","R","T","R","?","?","E","M","R","BOSS","M","$","?","M","?","R","M","R","T","E","M","?","?","M","R","BOSS","M","$","M","?","M","R","E","?","T","M","?","R","$","E","R","BOSS","BOSS","R","$","E","BOSS"],"build_version":"2019-01-23","purchased_purges":3,"victory":false,"max_hp_per_floor":[75,75,75,75,75,75,75,75,75,75,75,75,75,75,75,75,75,75,75,75,79,79,79,83,83,83,83,83,83,83,87,87,87,87,87,87,91,91,91,91,91,91,91,91,91,91,91,91,91,91,91,91,91,91,91,91],"card_choices":[{"not_picked":["Pommel Strike","Havoc"],"picked":"Perfected Strike","floor":1.0},{"not_picked":["Carnage","Anger","Sword Boomerang"],"picked":"SKIP","floor":2.0},{"not_picked":["Clothesline","Reckless Charge"],"picked":"Twin Strike","floor":7.0},{"not_picked":["Thunderclap","Hemokinesis","Burning Pact"],"picked":"Feed","floor":13.0},{"not_picked":["Ghostly Armor","Reckless Charge","Carnage"],"picked":"Pommel Strike","floor":14.0},{"not_picked":["Juggernaut","Offering","Feed"],"picked":"Double Tap","floor":16.0},{"not_picked":["Corruption","Cleave","Inflame"],"picked":"Thunderclap","floor":18.0},{"not_picked":["Perfected Strike","Thunderclap","Clash"],"picked":"Reaper","floor":21.0},{"not_picked":["Cleave","Havoc","Thunderclap"],"picked":"Flex","floor":22.0},{"not_picked":["Combust","Sword Boomerang","Reckless Charge","Bludgeon"],"picked":"SKIP","floor":24.0},{"not_picked":["Clothesline","True Grit","Metallicize"],"picked":"Flex","floor":27.0},{"not_picked":["Anger","Entrench","Rage","Shockwave+1"],"picked":"SKIP","floor":28.0},{"not_picked":["Flex","Intimidate","Rage+1"],"picked":"Battle Trance","floor":29.0},{"not_picked":["Feel No Pain","Seeing Red","Shrug It Off"],"picked":"Perfected Strike","floor":31.0},{"not_picked":["Exhume","Demon Form","Feed"],"picked":"Immolate","floor":33.0},{"not_picked":["Havoc+1","Heavy Blade+1","Cleave"],"picked":"Perfected Strike","floor":35.0},{"not_picked":["Shrug It Off","Metallicize","Armaments","Intimidate"],"picked":"SKIP","floor":37.0},{"not_picked":["Sword Boomerang+1","Infernal Blade","Wild Strike","Armaments"],"picked":"SKIP","floor":39.0},{"not_picked":["Hemokinesis","Searing Blow","Thunderclap","Heavy Blade"],"picked":"SKIP","floor":41.0},{"not_picked":["Disarm","Clash","Twin Strike+1","Anger"],"picked":"SKIP","floor":44.0},{"not_picked":["Twin Strike+1","Carnage","Demon Form"],"picked":"Perfected Strike","floor":45.0},{"not_picked":["Armaments","Anger+1","Headbutt","Havoc"],"picked":"SKIP","floor":48.0},{"not_picked":["Perfected Strike","Dual Wield","Dropkick","Warcry"],"picked":"SKIP","floor":55}],"player_experience":858281,"relics_obtained":[{"floor":4.0,"key":"Bag of Marbles"},{"floor":7.0,"key":"Question Card"},{"floor":9.0,"key":"FossilizedHelix"},{"floor":11.0,"key":"Odd Mushroom"},{"floor":13.0,"key":"Champion Belt"},{"floor":22.0,"key":"Old Coin"},{"floor":22.0,"key":"Blue Candle"},{"floor":26.0,"key":"Mummified Hand"},{"floor":27.0,"key":"Matryoshka"},{"floor":38.0,"key":"Tiny Chest"},{"floor":41.0,"key":"Vajra"},{"floor":43.0,"key":"Ancient Tea Set"},{"floor":43.0,"key":"MawBank"},{"floor":45.0,"key":"Ginger"},{"floor":48.0,"key":"Mercury Hourglass"},{"floor":55,"key":"Lantern"}],"event_choices":[{"damage_healed":0.0,"max_hp_gain":0.0,"max_hp_loss":0.0,"gold_gain":0.0,"event_name":"Shining Light","player_choice":"Ignored","floor":5.0,"gold_loss":0.0,"damage_taken":0.0},{"damage_healed":0.0,"max_hp_gain":0.0,"max_hp_loss":0.0,"gold_gain":0.0,"event_name":"Mushrooms","player_choice":"Fought Mushrooms","floor":11.0,"gold_loss":0.0,"damage_taken":0.0},{"cards_removed":["Defend_R"],"damage_healed":0.0,"max_hp_gain":0.0,"max_hp_loss":0.0,"gold_gain":0.0,"event_name":"Purifier","player_choice":"Purged","floor":12.0,"gold_loss":0.0,"damage_taken":0.0},{"damage_healed":0.0,"max_hp_gain":0.0,"max_hp_loss":0.0,"gold_gain":50.0,"event_name":"Nest","player_choice":"Stole From Cult","floor":20.0,"gold_loss":0.0,"damage_taken":0.0},{"damage_healed":0.0,"max_hp_gain":0.0,"max_hp_loss":0.0,"gold_gain":0.0,"event_name":"Colosseum","player_choice":"Fight","floor":22.0,"gold_loss":0.0,"damage_taken":0.0},{"damage_healed":0.0,"max_hp_gain":0.0,"max_hp_loss":0.0,"gold_gain":0.0,"event_name":"Colosseum","player_choice":"Fought Nobs","floor":22.0,"gold_loss":0.0,"damage_taken":0.0},{"damage_healed":0.0,"max_hp_gain":0.0,"max_hp_loss":0.0,"gold_gain":0.0,"event_name":"Lab","player_choice":"Got Potions","floor":30.0,"gold_loss":0.0,"damage_taken":0.0},{"damage_healed":0.0,"max_hp_gain":0.0,"max_hp_loss":0.0,"gold_gain":0.0,"event_name":"Tomb of Lord Red Mask","player_choice":"Ignored","floor":42.0,"gold_loss":0.0,"damage_taken":0.0},{"damage_healed":0.0,"max_hp_gain":0.0,"max_hp_loss":0.0,"gold_gain":0.0,"event_name":"Mysterious Sphere","player_choice":"Fight","floor":45.0,"gold_loss":0.0,"damage_taken":0.0}],"is_beta":false,"boss_relics":[{"not_picked":["Orrery","White Beast Statue"],"picked":"Coffee Dripper"},{"not_picked":["Runic Dome","Pandora\u0027s Box"],"picked":"Philosopher\u0027s Stone"}],"items_purged_floors":[19,36,47],"is_endless":false,"potions_floor_spawned":[11,14,22,27,28,29,35,37,48,55],"killed_by":"The Heart","ascension_level":20}