{"gold_per_floor":[114,39,39,39,39,66,80,112,112,143,143,163,175,230,230,327,327,346,364,364,379,396,423,423,423,492,492,519,537,537,547,547,643,643,663,663,369,369,380,380,410,410,435,435,454,472,491,511,511,511],"floor_reached":51,"playtime":3084,"items_purged":["Defend_P","Strike_P"],"score":773,"play_id":"00ee966d-f991-44a4-99cf-93ba8aaae7ac","local_time":"20190927013159","is_ascension_mode":true,"campfire_choices":[{"data":"CarveReality","floor":11.0,"key":"SMITH"},{"data":"SashWhip","floor":15.0,"key":"SMITH"},{"data":"Wallop","floor":24.0,"key":"SMITH"},{"data":"Meditate","floor":27.0,"key":"SMITH"},{"data":"SignatureMove","floor":32.0,"key":"SMITH"},{"data":"Prostrate","floor":40.0,"key":"SMITH"},{"data":"Conclude","floor":42.0,"key":"SMITH"},{"data":"Vigilance","floor":44.0,"key":"SMITH"},{"data":"MentalFortress","floor":49.0,"key":"SMITH"}],"neow_cost":"NONE","seed_source_timestamp":19007055248567,"circlet_count":0,"master_deck":["Strike_P","Defend_P","Defend_P","Eruption+1","Vigilance+1","CarveReality+1","DeusExMachina","Meditate+1","SashWhip+1","Conclude+1","FollowUp","Judgement","Perseverance+1","MentalFortress+1","SignatureMove+1","Wallop+1","FearNoEvil+1","Halt","Prostrate+1","Madness","Madness","CutThroughFate+1","JustLucky+1","EmptyFist+1","FollowUp+1","Vault"],"special_seed":0,"relics":["Black Star","Eternal Feather","Bottled Flame","Dodecahedron","Art of War","Oddly Smooth Stone","Orichalcum","Bronze Scales","Anchor","Empty Cage","Ginger","Mummified Hand","Enchiridion","TungstenRod","Regal Pillow","MutagenicStrength","Runic Pyramid","Ancient Tea Set","White Beast Statue","The Courier","Toy Ornithopter"],"potions_floor_usage":[50,50,50],"damage_taken":[{"damage":1.0,"enemies":"Jaw Worm","floor":1.0,"turns":3.0},{"damage":38.0,"enemies":"Lagavulin","floor":6.0,"turns":4.0},{"damage":0.0,"enemies":"2 Louse","floor":7.0,"turns":2.0},{"damage":14.0,"enemies":"Gremlin Nob","floor":8.0,"turns":3.0},{"damage":0.0,"enemies":"Lagavulin","floor":10.0,"turns":5.0},{"damage":0.0,"enemies":"Cultist","floor":12.0,"turns":3.0},{"damage":0.0,"enemies":"3 Louse","floor":13.0,"turns":1.0},{"damage":6.0,"enemies":"3 Sentries","floor":14.0,"turns":4.0},{"damage":16.0,"enemies":"Hexaghost","floor":16.0,"turns":8.0},{"damage":0.0,"enemies":"Spheric Guardian","floor":18.0,"turns":1.0},{"damage":0.0,"enemies":"Shell Parasite","floor":19.0,"turns":3.0},{"damage":0.0,"enemies":"Snake Plant","floor":21.0,"turns":2.0},{"damage":0.0,"enemies":"Cultist and Chosen","floor":22.0,"turns":4.0},{"damage":21.0,"enemies":"Gremlin Leader","floor":23.0,"turns":4.0},{"damage":6.0,"enemies":"Book of Stabbing","floor":28.0,"turns":4.0},{"damage":0.0,"enemies":"Sentry and Sphere","floor":29.0,"turns":1.0},{"damage":0.0,"enemies":"Shelled Parasite and Fungi","floor":31.0,"turns":2.0},{"damage":23.0,"enemies":"Collector","floor":33.0,"turns":7.0},{"damage":12.0,"enemies":"3 Darklings","floor":35.0,"turns":3.0},{"damage":0.0,"enemies":"Orb Walker","floor":39.0,"turns":1.0},{"damage":13.0,"enemies":"Reptomancer","floor":41.0,"turns":7.0},{"damage":0.0,"enemies":"Jaw Worm Horde","floor":45.0,"turns":3.0},{"damage":0.0,"enemies":"Sphere and 2 Shapes","floor":46.0,"turns":3.0},{"damage":0.0,"enemies":"Transient","floor":47.0,"turns":5.0},{"damage":0.0,"enemies":"4 Shapes","floor":48.0,"turns":3.0},{"damage":33,"enemies":"Awakened One","floor":50,"turns":13}],"seed_played":"7272442625491210893","potions_obtained":[{"floor":7.0,"key":"SkillPotion"},{"floor":14.0,"key":"Dexterity Potion"},{"floor":16.0,"key":"LiquidBronze"},{"floor":18.0,"key":"SteroidPotion"},{"floor":19.0,"key":"Swift Potion"},{"floor":31.0,"key":"Energy Potion"},{"floor":33.0,"key":"SmokeBomb"},{"floor":35.0,"key":"Fire Potion"},{"floor":41.0,"key":"Weak Potion"},{"floor":46.0,"key":"Strength Potion"},{"floor":47.0,"key":"AttackPotion"}],"is_trial":false,"path_per_floor":["M","$","?","?","?","E","M","E","T","E","R","M","M","?","R","B",null,"M","M","?","M","M","E","R","?","T","R","E","M","?","M","R","B",null,"M","?","$","?","M","R","E","R","T","R","M","M","M","M","R","B",null],"character_chosen":"WATCHER","items_purchased":["Ancient Tea Set","Prostrate"],"campfire_rested":0,"item_purchase_floors":[37,37],"current_hp_per_floor":[64,64,69,69,69,31,31,17,17,17,23,23,23,17,26,10,70,70,70,70,70,70,49,58,42,42,51,45,45,45,45,54,31,70,58,58,58,50,50,62,49,61,61,70,70,70,70,70,70,37],"gold":511,"neow_bonus":"BOSS_RELIC","is_prod":false,"is_daily":false,"chose_seed":false,"campfire_upgraded":9,"win_rate":0,"timestamp":1569515519,"path_taken":["M","$","?","?","?","E","M","E","T","E","R","?","M","?","R","BOSS","M","M","?","M","?","E","R","?","T","R","E","M","?","M","R","BOSS","M","?","$","?","M","R","E","R","T","R","M","M","M","M","R","BOSS"],"build_version":"2019-09-25","purchased_purges":2,"victory":true,"max_hp_per_floor":[65,65,70,70,70,70,70,70,70,70,70,70,70,70,70,70,70,70,70,70,70,70,70,70,70,70,70,70,70,70,70,70,70,70,70,70,70,70,70,70,70,70,70,70,70,70,70,70,70,70],"card_choices":[{"not_picked":["Prostrate","Fasting"],"picked":"CarveReality","floor":1.0},{"not_picked":["Indignation","Perseverance"],"picked":"DeusExMachina","floor":6.0},{"not_picked":["WreathOfFlame","Prostrate"],"picked":"Meditate","floor":7.0},{"not_picked":["Swivel","Sanctity"],"picked":"SashWhip","floor":8.0},{"not_picked":["PathToVictory","Wireheading","Sanctity"],"picked":"SKIP","floor":10.0},{"not_picked":["Sanctity","ClearTheMind"],"picked":"Conclude","floor":12.0},{"not_picked":["Prostrate","ForeignInfluence","SashWhip"],"picked":"SKIP","floor":13.0},{"not_picked":["Meditate","Fasting"],"picked":"FollowUp","floor":14.0},{"not_picked":["MasterReality","Nirvana"],"picked":"Judgement","floor":16.0},{"not_picked":["Indignation","WindmillStrike"],"picked":"Perseverance+1","floor":18.0},{"not_picked":["Consecrate","Crescendo"],"picked":"MentalFortress","floor":19.0},{"not_picked":["SashWhip","Prostrate","Crescendo"],"picked":"SKIP","floor":21.0},{"not_picked":["BowlingBash+1","FollowUp"],"picked":"Wallop","floor":22.0},{"not_picked":["Protect","ClearTheMind","Crescendo"],"picked":"SKIP","floor":23.0},{"not_picked":["Sanctity","FollowUp","SashWhip"],"picked":"SKIP","floor":28.0},{"not_picked":["Protect","SpiritShield"],"picked":"FearNoEvil+1","floor":29.0},{"not_picked":["Collect","Fasting","Meditate"],"picked":"SKIP","floor":31.0},{"not_picked":["DeceiveReality","FlyingSleeves+1"],"picked":"Halt","floor":35.0},{"not_picked":["WindmillStrike","ForeignInfluence+1"],"picked":"CutThroughFate+1","floor":39.0},{"not_picked":["Wallop","EmptyFist"],"picked":"JustLucky+1","floor":41.0},{"not_picked":["DeceiveReality+1","Consecrate"],"picked":"EmptyFist+1","floor":45.0},{"not_picked":["EmptyFist","InnerPeace+1","Sanctity"],"picked":"SKIP","floor":46.0},{"not_picked":["Protect","Vengeance+1"],"picked":"FollowUp+1","floor":47.0},{"not_picked":["Protect+1","JustLucky+1"],"picked":"Vault","floor":48.0}],"player_experience":547395,"relics_obtained":[{"floor":6.0,"key":"Eternal Feather"},{"floor":6.0,"key":"Bottled Flame"},{"floor":8.0,"key":"Dodecahedron"},{"floor":8.0,"key":"Art of War"},{"floor":9.0,"key":"Oddly Smooth Stone"},{"floor":10.0,"key":"Orichalcum"},{"floor":10.0,"key":"Bronze Scales"},{"floor":14.0,"key":"Anchor"},{"floor":23.0,"key":"Ginger"},{"floor":23.0,"key":"Mummified Hand"},{"floor":25.0,"key":"Enchiridion"},{"floor":28.0,"key":"TungstenRod"},{"floor":28.0,"key":"Regal Pillow"},{"floor":41.0,"key":"White Beast Statue"},{"floor":41.0,"key":"The Courier"},{"floor":43.0,"key":"Toy Ornithopter"}],"event_choices":[{"damage_healed":0.0,"max_hp_gain":5.0,"max_hp_loss":0.0,"gold_gain":0.0,"event_name":"Big Fish","player_choice":"Donut","floor":3.0,"gold_loss":0.0,"damage_taken":0.0},{"damage_healed":0.0,"max_hp_gain":0.0,"max_hp_loss":0.0,"gold_gain":0.0,"event_name":"Shining Light","player_choice":"Ignored","floor":4.0,"gold_loss":0.0,"damage_taken":0.0},{"damage_healed":0.0,"max_hp_gain":0.0,"max_hp_loss":0.0,"gold_gain":0.0,"event_name":"Upgrade Shrine","player_choice":"Upgraded","floor":5.0,"gold_loss":0.0,"damage_taken":0.0,"cards_upgraded":["Eruption"]},{"damage_healed":0.0,"max_hp_gain":0.0,"max_hp_loss":0.0,"gold_gain":0.0,"event_name":"Dead Adventurer","player_choice":"Searched \u00271\u0027 times","floor":14.0,"gold_loss":0.0,"damage_taken":0.0},{"damage_healed":0.0,"max_hp_gain":0.0,"max_hp_loss":0.0,"gold_gain":0.0,"cards_transformed":["Strike_P"],"event_name":"Transmorgrifier","player_choice":"Transformed","floor":20.0,"gold_loss":0.0,"damage_taken":0.0,"cards_obtained":["SignatureMove"]},{"damage_healed":0.0,"max_hp_gain":0.0,"max_hp_loss":0.0,"gold_gain":0.0,"event_name":"Cursed Tome","player_choice":"Obtained Book","floor":25.0,"gold_loss":0.0,"damage_taken":16.0},{"damage_healed":0.0,"max_hp_gain":0.0,"max_hp_loss":0.0,"gold_gain":0.0,"event_name":"Drug Dealer","player_choice":"Inject Mutagens","floor":30.0,"gold_loss":0.0,"damage_taken":0.0,"relics_obtained":["MutagenicStrength"]},{"damage_healed":0.0,"max_hp_gain":0.0,"max_hp_loss":0.0,"gold_gain":0.0,"event_name":"Tomb of Lord Red Mask","player_choice":"Ignored","floor":36.0,"gold_loss":0.0,"damage_taken":0.0},{"damage_healed":0.0,"max_hp_gain":0.0,"max_hp_loss":0.0,"gold_gain":0.0,"event_name":"Winding Halls","player_choice":"Embrace Madness","floor":38.0,"gold_loss":0.0,"damage_taken":9.0,"cards_obtained":["Madness","Madness"]}],"is_beta":true,"boss_relics":[{"not_picked":["Busted Crown","SacredBark"],"picked":"Empty Cage"},{"not_picked":["Cursed Key","Sozu"],"picked":"Runic Pyramid"}],"items_purged_floors":[2,37],"is_endless":false,"potions_floor_spawned":[7,14,16,18,19,31,33,35,41,45,46,47,48],"ascension_level":1}