{"gold_per_floor":[112,112,132,146,161,196,196,196,196,196,196,196,219,250,250,345,345,358,358,358,384,384,384,418,418,463,476,476,476,495,522,522,620,620,637,656,672,672,349,382,56,83,83,83,83,102,102,114,114,114],"floor_reached":51,"playtime":3456,"items_purged":["Writhe","Writhe"],"score":1179,"play_id":"48a92279-7e02-4ceb-834e-b96c18e5bdf5","local_time":"20181115151146","is_ascension_mode":true,"campfire_choices":[{"data":"Sunder","floor":7.0,"key":"SMITH"},{"data":"Zap","floor":10.0,"key":"SMITH"},{"data":"Dualcast","floor":12.0,"key":"SMITH"},{"floor":15.0,"key":"REST"},{"data":"Buffer","floor":23.0,"key":"SMITH"},{"data":"Machine Learning","floor":25.0,"key":"SMITH"},{"data":"Defragment","floor":28.0,"key":"SMITH"},{"floor":32.0,"key":"REST"},{"data":"Aggregate","floor":44.0,"key":"SMITH"},{"data":"Impatience","floor":49.0,"key":"SMITH"}],"neow_cost":"NONE","seed_source_timestamp":0,"circlet_count":0,"master_deck":["Defend_B","Defend_B","Defend_B","Defend_B","Zap+1","Dualcast+1","Impatience+1","Buffer+1","Cold Snap","Cold Snap","FTL","Sunder+1","Blizzard","Defragment+1","Meteor Strike","Compile Driver+1","Machine Learning+1","Go for the Eyes","Streamline","Heatsinks+1","Electrodynamics+1","Force Field","Aggregate+1","Core Surge","Auto Shields+1","Glacier+1","Capacitor+1","Panache+1","Doom and Gloom+1","Stack+1"],"special_seed":0,"relics":["Cracked Core","PreservedInsect","Pen Nib","Torii","Odd Mushroom","Sundial","Snecko Eye","Red Mask","Frozen Egg 2","Dream Catcher","Ice Cream","Matryoshka","Philosopher\u0027s Stone","Cables","Darkstone Periapt","Lantern","Toxic Egg 2","Shuriken","Dead Branch"],"potions_floor_usage":[50,50,50],"damage_taken":[{"damage":8.0,"enemies":"2 Louse","floor":1.0,"turns":2.0},{"damage":0.0,"enemies":"Cultist","floor":3.0,"turns":4.0},{"damage":0.0,"enemies":"Small Slimes","floor":4.0,"turns":2.0},{"damage":4.0,"enemies":"2 Fungi Beasts","floor":5.0,"turns":4.0},{"damage":25.0,"enemies":"3 Sentries","floor":6.0,"turns":9.0},{"damage":8.0,"enemies":"The Mushroom Lair","floor":13.0,"turns":5.0},{"damage":14.0,"enemies":"Gremlin Nob","floor":14.0,"turns":3.0},{"damage":13.0,"enemies":"Hexaghost","floor":16.0,"turns":9.0},{"damage":0.0,"enemies":"Shell Parasite","floor":18.0,"turns":2.0},{"damage":7.0,"enemies":"Masked Bandits","floor":21.0,"turns":3.0},{"damage":2.0,"enemies":"Gremlin Leader","floor":24.0,"turns":7.0},{"damage":28.0,"enemies":"3 Byrds","floor":27.0,"turns":4.0},{"damage":0.0,"enemies":"Sentry and Sphere","floor":30.0,"turns":3.0},{"damage":17.0,"enemies":"Slavers","floor":31.0,"turns":3.0},{"damage":0.0,"enemies":"Automaton","floor":33.0,"turns":7.0},{"damage":18.0,"enemies":"Orb Walker","floor":35.0,"turns":3.0},{"damage":0.0,"enemies":"3 Darklings","floor":36.0,"turns":3.0},{"damage":0.0,"enemies":"Sphere and 2 Shapes","floor":37.0,"turns":4.0},{"damage":1.0,"enemies":"Reptomancer","floor":40.0,"turns":5.0},{"damage":0.0,"enemies":"Giant Head","floor":42.0,"turns":6.0},{"damage":0.0,"enemies":"Jaw Worm Horde","floor":46.0,"turns":2.0},{"damage":8.0,"enemies":"Transient","floor":48.0,"turns":5.0},{"damage":0,"enemies":"Time Eater","floor":50,"turns":8}],"seed_played":"1204839738960436155","potions_obtained":[{"floor":3.0,"key":"EssenceOfSteel"},{"floor":5.0,"key":"PowerPotion"},{"floor":14.0,"key":"FocusPotion"},{"floor":24.0,"key":"Weak Potion"},{"floor":27.0,"key":"Energy Potion"},{"floor":33.0,"key":"FocusPotion"},{"floor":36.0,"key":"Weak Potion"},{"floor":40.0,"key":"LiquidBronze"}],"is_trial":false,"path_per_floor":["M","?","M","M","M","E","R","T","T","R","?","R","?","E","R","B",null,"M","?","?","?","?","R","E","R","T","M","R","?","M","M","E","R","B",null,"M","M","M","?","$","E","$","E","T","R","?","M","?","M","R","B",null],"character_chosen":"DEFECT","items_purchased":["Cables","Capacitor+1","Lantern"],"campfire_rested":2,"item_purchase_floors":[39,41,41],"current_hp_per_floor":[60,60,60,60,56,31,31,31,31,31,31,31,23,9,31,18,61,61,61,61,54,54,54,52,52,52,24,24,24,24,7,29,29,64,46,46,46,65,65,64,64,64,64,64,64,64,69,61,61,61],"gold":114,"neow_bonus":"RANDOM_COLORLESS","is_prod":false,"is_daily":false,"chose_seed":false,"campfire_upgraded":8,"win_rate":0,"timestamp":1542265906,"path_taken":["M","?","M","?","M","E","R","?","T","R","?","R","?","E","R","BOSS","M","?","?","?","?","R","E","R","T","M","R","?","M","E","R","BOSS","M","M","M","?","$","E","$","E","T","R","?","M","?","M","R","BOSS"],"build_version":"2018-11-08","purchased_purges":2,"victory":true,"max_hp_per_floor":[75,75,75,75,75,75,75,75,75,75,75,75,75,75,75,75,75,75,75,75,75,75,75,75,75,75,75,75,75,75,75,75,75,75,75,75,75,75,75,75,75,75,75,75,75,75,75,75,75,75],"card_choices":[{"not_picked":["Ball Lightning","Steam"],"picked":"Gash","floor":1.0},{"not_picked":["Stack","Skim"],"picked":"Cold Snap","floor":3.0},{"not_picked":["Rip and Tear","Coolheaded"],"picked":"Cold Snap","floor":4.0},{"not_picked":["Leap","Melter"],"picked":"FTL","floor":5.0},{"not_picked":["Amplify","Streamline"],"picked":"Sunder","floor":6.0},{"not_picked":["Cold Snap","Darkness"],"picked":"Blizzard","floor":13.0},{"not_picked":["Rip and Tear","Rainbow"],"picked":"Defragment","floor":14.0},{"not_picked":["Rainbow","Electrodynamics"],"picked":"Meteor Strike","floor":16.0},{"not_picked":["Rebound","Sweeping Beam+1"],"picked":"Compile Driver+1","floor":18.0},{"not_picked":["Gash","Sweeping Beam+1"],"picked":"Streamline","floor":21.0},{"not_picked":["Auto Shields+1","Hologram"],"picked":"Heatsinks+1","floor":24.0},{"not_picked":["Turbo","Compile Driver+1"],"picked":"Electrodynamics+1","floor":27.0},{"not_picked":["Streamline","Redo+1"],"picked":"Force Field","floor":30.0},{"not_picked":["Static Discharge+1","Ball Lightning","Scrape"],"picked":"SKIP","floor":31.0},{"not_picked":["Barrage+1","Rebound+1"],"picked":"Aggregate","floor":32.0},{"not_picked":["All For One","Hyperbeam"],"picked":"Core Surge","floor":33.0},{"not_picked":["Conserve Battery+1","Steam+1"],"picked":"Auto Shields+1","floor":35.0},{"not_picked":["Recycle+1","Gash+1"],"picked":"Glacier+1","floor":36.0},{"not_picked":["Streamline","Aggregate","Steam"],"picked":"SKIP","floor":37.0},{"not_picked":["Blizzard","Barrage","Fusion"],"picked":"SKIP","floor":40.0},{"not_picked":["BootSequence+1","Melter+1","Redo"],"picked":"SKIP","floor":42.0},{"not_picked":["Finesse+1","Violence+1"],"picked":"Panache+1","floor":45.0},{"not_picked":["Auto Shields+1","Steam+1"],"picked":"Doom and Gloom+1","floor":46.0},{"not_picked":["Gash","Turbo+1"],"picked":"Stack+1","floor":48.0}],"player_experience":439500,"relics_obtained":[{"floor":6.0,"key":"PreservedInsect"},{"floor":8.0,"key":"Pen Nib"},{"floor":9.0,"key":"Torii"},{"floor":13.0,"key":"Odd Mushroom"},{"floor":14.0,"key":"Sundial"},{"floor":21.0,"key":"Red Mask"},{"floor":24.0,"key":"Frozen Egg 2"},{"floor":26.0,"key":"Dream Catcher"},{"floor":31.0,"key":"Matryoshka"},{"floor":40.0,"key":"Darkstone Periapt"},{"floor":42.0,"key":"Toxic Egg 2"},{"floor":43.0,"key":"Shuriken"},{"floor":43.0,"key":"Dead Branch"}],"event_choices":[{"damage_healed":0.0,"max_hp_gain":0.0,"max_hp_loss":0.0,"gold_gain":0.0,"cards_transformed":["Strike_B"],"event_name":"Transmorgrifier","player_choice":"Transformed","floor":2.0,"gold_loss":0.0,"damage_taken":0.0,"cards_obtained":["Buffer"]},{"damage_healed":0.0,"max_hp_gain":0.0,"max_hp_loss":0.0,"gold_gain":0.0,"event_name":"Liars Game","player_choice":"Ignored","floor":11.0,"gold_loss":0.0,"damage_taken":0.0},{"damage_healed":0.0,"max_hp_gain":0.0,"max_hp_loss":0.0,"gold_gain":0.0,"event_name":"Mushrooms","player_choice":"Fought Mushrooms","floor":13.0,"gold_loss":0.0,"damage_taken":0.0},{"damage_healed":0.0,"max_hp_gain":0.0,"max_hp_loss":0.0,"gold_gain":0.0,"event_name":"Ghosts","player_choice":"Ignored","floor":19.0,"gold_loss":0.0,"damage_taken":0.0},{"damage_healed":0.0,"max_hp_gain":0.0,"max_hp_loss":0.0,"gold_gain":0.0,"cards_transformed":["Strike_B","Strike_B"],"event_name":"Drug Dealer","player_choice":"Became Test Subject","floor":20.0,"gold_loss":0.0,"damage_taken":0.0,"cards_obtained":["Machine Learning","Go for the Eyes"]},{"damage_healed":0.0,"max_hp_gain":0.0,"max_hp_loss":0.0,"gold_gain":0.0,"event_name":"Masked Bandits","player_choice":"Fought Bandits","floor":21.0,"gold_loss":0.0,"damage_taken":0.0},{"cards_removed":["Strike_B"],"damage_healed":0.0,"max_hp_gain":0.0,"max_hp_loss":0.0,"gold_gain":0.0,"event_name":"Back to Basics","player_choice":"Elegance","floor":22.0,"gold_loss":0.0,"damage_taken":0.0},{"damage_healed":0.0,"max_hp_gain":0.0,"max_hp_loss":0.0,"gold_gain":0.0,"event_name":"The Mausoleum","player_choice":"Opened","floor":29.0,"gold_loss":0.0,"damage_taken":0.0,"relics_obtained":["Ice Cream"],"cards_obtained":["Writhe"]},{"damage_healed":19.0,"max_hp_gain":0.0,"max_hp_loss":0.0,"gold_gain":0.0,"event_name":"Winding Halls","player_choice":"Writhe","floor":38.0,"gold_loss":0.0,"damage_taken":0.0,"cards_obtained":["Writhe"]},{"damage_healed":0.0,"max_hp_gain":0.0,"max_hp_loss":0.0,"gold_gain":0.0,"event_name":"SensoryStone","player_choice":"Memory 1","floor":45.0,"gold_loss":0.0,"damage_taken":0.0},{"cards_removed":["Gash"],"damage_healed":5.0,"max_hp_gain":0.0,"max_hp_loss":0.0,"gold_gain":0.0,"event_name":"Bonfire Elementals","player_choice":"Offered Common","floor":47.0,"gold_loss":0.0,"damage_taken":0.0},{"cards_removed":["Gash"],"damage_healed":5.0,"max_hp_gain":0.0,"max_hp_loss":0.0,"gold_gain":0.0,"event_name":"Bonfire Elementals","player_choice":"Offered Special","floor":47.0,"gold_loss":0.0,"damage_taken":0.0}],"is_beta":false,"boss_relics":[{"not_picked":["Tiny House","Coffee Dripper"],"picked":"Snecko Eye"},{"not_picked":["Busted Crown","Runic Dome"],"picked":"Philosopher\u0027s Stone"}],"items_purged_floors":[39,41],"is_endless":false,"potions_floor_spawned":[3,5,14,24,27,33,36,40,42,46],"ascension_level":8}