{"gold_per_floor":[119,40,115,140,160,194,194,211,211,237,31,43,62,88,88,167,167,187,112,132,78,128,128,146,146],"floor_reached":25,"playtime":653,"items_purged":["Strike_B"],"score":542,"play_id":"3139f3cc-2ba8-4e15-9414-a50c900930a9","local_time":"20190724015953","is_ascension_mode":true,"campfire_choices":[{"data":"Defragment","floor":7.0,"key":"SMITH"},{"data":"Amplify","floor":15.0,"key":"SMITH"},{"floor":23.0,"key":"REST"}],"neow_cost":"NONE","seed_source_timestamp":14306488539810,"circlet_count":0,"master_deck":["AscendersBane","Strike_B+1","Strike_B+1","Defend_B","Defend_B","Defend_B","Defend_B","Zap","Dualcast","White Noise","Defragment+1","Leap","Double Energy","BootSequence","Amplify+1","Loop","Conserve Battery","Cold Snap","Buffer","Glacier","Conserve Battery"],"special_seed":0,"relics":["Cracked Core","NeowsBlessing","Whetstone","Shuriken","Blue Candle","Bottled Lightning","DataDisk","Fusion Hammer"],"potions_floor_usage":[25,25],"damage_taken":[{"damage":0.0,"enemies":"Cultist","floor":1.0,"turns":1.0},{"damage":0.0,"enemies":"Jaw Worm","floor":5.0,"turns":1.0},{"damage":0.0,"enemies":"Gremlin Nob","floor":6.0,"turns":1.0},{"damage":0.0,"enemies":"2 Louse","floor":8.0,"turns":3.0},{"damage":10.0,"enemies":"Lagavulin","floor":10.0,"turns":6.0},{"damage":12.0,"enemies":"Exordium Wildlife","floor":12.0,"turns":4.0},{"damage":0.0,"enemies":"2 Fungi Beasts","floor":13.0,"turns":3.0},{"damage":0.0,"enemies":"3 Sentries","floor":14.0,"turns":2.0},{"damage":14.0,"enemies":"The Guardian","floor":16.0,"turns":10.0},{"damage":12.0,"enemies":"Shell Parasite","floor":18.0,"turns":7.0},{"damage":7.0,"enemies":"Spheric Guardian","floor":20.0,"turns":5.0},{"damage":4.0,"enemies":"Snake Plant","floor":24.0,"turns":7.0},{"damage":71,"enemies":"Slavers","floor":25,"turns":4}],"seed_played":"-1212670518476687922","potions_obtained":[{"floor":1.0,"key":"FearPotion"},{"floor":6.0,"key":"FearPotion"},{"floor":13.0,"key":"SteroidPotion"},{"floor":14.0,"key":"Energy Potion"},{"floor":16.0,"key":"Dexterity Potion"},{"floor":18.0,"key":"PowerPotion"}],"is_trial":false,"path_per_floor":["M","$","?","T","M","E","R","M","T","E","$","M","M","E","R","B",null,"M","?","M","$","?","R","M","E"],"character_chosen":"DEFECT","items_purchased":["Defragment","Loop","Conserve Battery","Conserve Battery"],"campfire_rested":1,"item_purchase_floors":[2,11,11,21],"current_hp_per_floor":[64,64,53,53,53,53,53,53,53,43,43,31,31,31,31,17,58,46,46,39,39,39,60,56,0],"gold":146,"neow_bonus":"THREE_ENEMY_KILL","is_prod":false,"is_daily":false,"chose_seed":false,"campfire_upgraded":2,"win_rate":0,"timestamp":1563926393,"path_taken":["M","$","?","?","M","E","R","M","T","E","?","M","M","E","R","BOSS","M","?","M","$","?","R","M","E"],"build_version":"2019-07-17","purchased_purges":1,"victory":false,"max_hp_per_floor":[71,71,71,71,71,71,71,71,71,71,71,71,71,71,71,71,71,71,71,71,71,71,71,71,71],"card_choices":[{"not_picked":["Auto Shields","Streamline"],"picked":"White Noise","floor":1.0},{"not_picked":["Barrage","Redo"],"picked":"Leap","floor":5.0},{"not_picked":["Steam Power","Tempest"],"picked":"Double Energy","floor":6.0},{"not_picked":["Sunder","Darkness"],"picked":"BootSequence","floor":8.0},{"not_picked":["Leap","Rip and Tear"],"picked":"Amplify","floor":10.0},{"not_picked":["Leap","Compile Driver","Melter"],"picked":"SKIP","floor":12.0},{"not_picked":["Rebound","Gash"],"picked":"Cold Snap","floor":13.0},{"not_picked":["Beam Cell","Sweeping Beam","Gash"],"picked":"SKIP","floor":14.0},{"not_picked":["Biased Cognition","Fission"],"picked":"Buffer","floor":16.0},{"not_picked":["Streamline","Barrage","Leap"],"picked":"SKIP","floor":18.0},{"not_picked":["Fusion","Sweeping Beam"],"picked":"Glacier","floor":20.0},{"not_picked":["Coolheaded","Redo","Reinforced Body"],"picked":"SKIP","floor":24.0}],"player_experience":901946,"relics_obtained":[{"floor":4.0,"key":"Whetstone"},{"floor":6.0,"key":"Shuriken"},{"floor":9.0,"key":"Blue Candle"},{"floor":10.0,"key":"Bottled Lightning"},{"floor":14.0,"key":"DataDisk"}],"event_choices":[{"damage_healed":0.0,"max_hp_gain":0.0,"max_hp_loss":0.0,"gold_gain":75.0,"event_name":"World of Goop","player_choice":"Gather Gold","floor":3.0,"gold_loss":0.0,"damage_taken":11.0},{"cards_removed":["Strike_B"],"damage_healed":0.0,"max_hp_gain":0.0,"max_hp_loss":0.0,"gold_gain":0.0,"event_name":"Beggar","player_choice":"Gave Gold","floor":19.0,"gold_loss":75.0,"damage_taken":0.0},{"damage_healed":0.0,"max_hp_gain":0.0,"max_hp_loss":0.0,"gold_gain":50.0,"event_name":"Nest","player_choice":"Stole From Cult","floor":22.0,"gold_loss":0.0,"damage_taken":0.0}],"is_beta":false,"boss_relics":[{"not_picked":["Runic Pyramid","Nuclear Battery"],"picked":"Fusion Hammer"}],"items_purged_floors":[11],"is_endless":false,"potions_floor_spawned":[1,6,13,14,16,18,20],"killed_by":"Slavers","ascension_level":20}