{"gold_per_floor":[119,8,26,26,39,39,66,66,66,78,78],"floor_reached":11,"playtime":405,"items_purged":["Strike_G"],"score":110,"play_id":"78931ac0-7855-4fcb-8b6d-0fdcf87617f6","local_time":"20191021214518","is_ascension_mode":true,"campfire_choices":[{"data":"Neutralize","floor":6,"key":"SMITH"}],"neow_cost":"NONE","seed_source_timestamp":5215016379240,"circlet_count":0,"master_deck":["AscendersBane","Strike_G","Strike_G","Strike_G","Strike_G","Defend_G+1","Defend_G+1","Defend_G","Defend_G","Defend_G","Survivor","Neutralize+1","Bane","Noxious Fumes","Slice","Regret","Glass Knife","Flechettes","Blade Dance"],"relics":["Sozu","Question Card","Girya","War Paint"],"potions_floor_usage":[],"damage_taken":[{"damage":3,"enemies":"2 Louse","floor":1,"turns":4},{"damage":1,"enemies":"Small Slimes","floor":3,"turns":4},{"damage":6,"enemies":"Jaw Worm","floor":5,"turns":4},{"damage":37,"enemies":"Lagavulin","floor":7,"turns":10},{"damage":3,"enemies":"Exordium Wildlife","floor":10,"turns":3},{"damage":15,"enemies":"Gremlin Gang","floor":11,"turns":3}],"seed_played":"663325225449720829","potions_obtained":[],"is_trial":false,"path_per_floor":["M","$","M","?","M","R","E","$","T","M","M"],"character_chosen":"THE_SILENT","items_purchased":["Noxious Fumes"],"campfire_rested":0,"item_purchase_floors":[2],"current_hp_per_floor":[60,60,59,59,53,53,16,16,16,13,0],"gold":78,"neow_bonus":"BOSS_RELIC","is_prod":false,"is_daily":false,"chose_seed":false,"campfire_upgraded":1,"win_rate":0,"timestamp":1571661918,"path_taken":["M","$","M","?","M","R","E","$","T","M","M"],"build_version":"2019-10-18","purchased_purges":1,"victory":false,"max_hp_per_floor":[70,70,70,70,70,70,70,70,70,70,70],"card_choices":[{"not_picked":["Deflect","Backflip"],"picked":"Bane","floor":1},{"not_picked":["PiercingWail","Setup"],"picked":"Slice","floor":3},{"not_picked":["Blade Dance","Dagger Spray","Sucker Punch"],"picked":"Glass Knife","floor":5},{"not_picked":["Cloak And Dagger","Setup","PiercingWail"],"picked":"Flechettes","floor":7},{"not_picked":["Terror","Acrobatics","Caltrops"],"picked":"Blade Dance","floor":10}],"player_experience":618709,"relics_obtained":[{"floor":7,"key":"Girya"},{"floor":9,"key":"War Paint"}],"event_choices":[{"damage_healed":0,"gold_gain":0,"player_choice":"Box","damage_taken":0,"relics_obtained":["Question Card"],"max_hp_gain":0,"max_hp_loss":0,"event_name":"Big Fish","floor":4,"gold_loss":0,"cards_obtained":["Regret"]}],"is_beta":true,"boss_relics":[],"items_purged_floors":[2],"is_endless":false,"potions_floor_spawned":[3],"killed_by":"Gremlin Gang","ascension_level":10}