{"gold_per_floor":[115,115,20,20,35,68,68,100,169,233,233,244,244],"floor_reached":13,"playtime":150,"items_purged":[],"score":257,"play_id":"aa569ee1-9e29-48dc-8229-bf0423ac32fe","local_time":"20190722171903","is_ascension_mode":true,"campfire_choices":[{"data":"Catalyst","floor":7.0,"key":"SMITH"},{"data":"Deadly Poison","floor":11.0,"key":"SMITH"}],"neow_cost":"NONE","seed_source_timestamp":19123460020901,"circlet_count":0,"master_deck":["AscendersBane","Strike_G","Strike_G","Strike_G+1","Strike_G","Strike_G","Defend_G","Defend_G+1","Defend_G","Defend_G","Defend_G","Survivor","Neutralize","Deadly Poison","Catalyst+1","Deadly Poison","Dodge and Roll","Deadly Poison+1","Deadly Poison"],"special_seed":0,"relics":["Ring of the Snake","NeowsBlessing","Juzu Bracelet","Frozen Egg 2","Pear","Thread and Needle"],"potions_floor_usage":[],"damage_taken":[{"damage":0.0,"enemies":"Small Slimes","floor":1.0,"turns":1.0},{"damage":0.0,"enemies":"Jaw Worm","floor":5.0,"turns":1.0},{"damage":0.0,"enemies":"Gremlin Nob","floor":6.0,"turns":1.0},{"damage":9.0,"enemies":"Lagavulin","floor":8.0,"turns":4.0},{"damage":0.0,"enemies":"Gremlin Nob","floor":10.0,"turns":3.0},{"damage":0.0,"enemies":"Cultist","floor":12.0,"turns":2.0},{"damage":40,"enemies":"Gremlin Nob","floor":13,"turns":3}],"seed_played":"4656176051371229008","potions_obtained":[{"floor":5.0,"key":"AttackPotion"},{"floor":8.0,"key":"Poison Potion"}],"is_trial":false,"path_per_floor":["M","?","$","?","M","E","R","E","T","?","R","M","E"],"character_chosen":"THE_SILENT","items_purchased":["Catalyst","Deadly Poison"],"campfire_rested":0,"item_purchase_floors":[3,3],"current_hp_per_floor":[59,39,39,39,39,39,39,30,40,40,40,40,0],"gold":244,"neow_bonus":"THREE_ENEMY_KILL","is_prod":false,"is_daily":false,"chose_seed":false,"campfire_upgraded":2,"win_rate":0,"timestamp":1563808743,"path_taken":["M","?","$","?","M","E","R","E","T","?","R","M","E"],"build_version":"2019-07-17","purchased_purges":0,"victory":false,"max_hp_per_floor":[66,66,66,66,66,66,66,66,76,76,76,76,76],"card_choices":[{"not_picked":["Flying Knee","Acrobatics"],"picked":"Deadly Poison","floor":1.0},{"not_picked":["Sucker Punch","PiercingWail"],"picked":"Dodge and Roll","floor":5.0},{"not_picked":["Outmaneuver","Poisoned Stab"],"picked":"Deadly Poison","floor":6.0},{"not_picked":["Dodge and Roll","Bane","Backstab"],"picked":"SKIP","floor":8.0},{"not_picked":["Flying Knee","Expertise"],"picked":"Deadly Poison","floor":10.0},{"not_picked":["Predator","Sucker Punch","Quick Slash"],"picked":"SKIP","floor":12.0}],"player_experience":901626,"relics_obtained":[{"floor":6.0,"key":"Juzu Bracelet"},{"floor":8.0,"key":"Frozen Egg 2"},{"floor":9.0,"key":"Pear"}],"event_choices":[{"damage_healed":0.0,"max_hp_gain":0.0,"max_hp_loss":0.0,"gold_gain":0.0,"event_name":"Shining Light","player_choice":"Entered Light","floor":2.0,"gold_loss":0.0,"damage_taken":20.0,"cards_upgraded":["Strike_G","Defend_G"]},{"damage_healed":0.0,"max_hp_gain":0.0,"max_hp_loss":0.0,"gold_gain":0.0,"event_name":"Golden Idol","player_choice":"Ignored","floor":4.0,"gold_loss":0.0,"damage_taken":0.0},{"damage_healed":0.0,"max_hp_gain":0.0,"max_hp_loss":0.0,"gold_gain":0.0,"event_name":"Dead Adventurer","player_choice":"Searched \u00272\u0027 times","floor":10.0,"gold_loss":0.0,"damage_taken":0.0,"relics_obtained":["Thread and Needle"]}],"is_beta":false,"boss_relics":[],"items_purged_floors":[],"is_endless":false,"potions_floor_spawned":[5,8],"killed_by":"Gremlin Nob","ascension_level":20}