{"gold_per_floor":[119,139,156,173,98,98,115,134,158,158,158,108,8,21,21,121,121,139,139,99,110,42,42,55,55,55,55,155,175,194,194,194,298,298,314,327,337,337,66,84,115,115,142,142,196,209,59,78,78,78],"floor_reached":51,"playtime":1163,"items_purged":["Strike_R","Defend_R","Strike_R","Strike_R"],"score":771,"play_id":"fca519ec-42ef-4a17-b443-ef10975a29f0","local_time":"20191022145344","is_ascension_mode":false,"campfire_choices":[{"data":"Thunderclap","floor":6.0,"key":"SMITH"},{"data":"Iron Wave","floor":10.0,"key":"SMITH"},{"data":"Bash","floor":15.0,"key":"SMITH"},{"data":"Inflame","floor":25.0,"key":"SMITH"},{"data":"Flex","floor":32.0,"key":"SMITH"},{"data":"Dropkick","floor":42,"key":"SMITH"},{"data":"Cleave","floor":44,"key":"SMITH"},{"data":"Sever Soul","floor":49,"key":"SMITH"}],"neow_cost":"TEN_PERCENT_HP_LOSS","seed_source_timestamp":2382096646694,"circlet_count":0,"master_deck":["Defend_R","Defend_R","Bash+1","Cleave+1","Sever Soul+1","Flex+1","Thunderclap+1","Iron Wave+1","Rage+1","Dropkick+1","Sword Boomerang+1","Inflame+1","Iron Wave+1","Twin Strike+1","Inflame+1","Sword Boomerang+1","Heavy Blade+1","Inflame+1"],"special_seed":0,"relics":["Burning Blood","Blood Vial","Bag of Marbles","Velvet Choker","MutagenicStrength","HornCleat","Nunchaku","Ornamental Fan","Blue Candle","SlaversCollar","Oddly Smooth Stone","Boot","Bag of Preparation","Anchor"],"potions_floor_usage":[50,50,50],"damage_taken":[{"damage":6.0,"enemies":"Cultist","floor":1.0,"turns":3.0},{"damage":0.0,"enemies":"2 Louse","floor":2.0,"turns":2.0},{"damage":11.0,"enemies":"Jaw Worm","floor":3.0,"turns":3.0},{"damage":21.0,"enemies":"Exordium Thugs","floor":4.0,"turns":3.0},{"damage":10.0,"enemies":"Looter","floor":7.0,"turns":2.0},{"damage":14.0,"enemies":"Blue Slaver","floor":8.0,"turns":3.0},{"damage":1.0,"enemies":"Red Slaver","floor":14.0,"turns":2.0},{"damage":10.0,"enemies":"Slime Boss","floor":16.0,"turns":5.0},{"damage":18.0,"enemies":"2 Thieves","floor":18.0,"turns":3.0},{"damage":0.0,"enemies":"Spheric Guardian","floor":21.0,"turns":3.0},{"damage":11.0,"enemies":"Shelled Parasite and Fungi","floor":24.0,"turns":2.0},{"damage":20.0,"enemies":"Colosseum Slavers","floor":28.0,"turns":2.0},{"damage":0.0,"enemies":"Colosseum Nobs","floor":28.0,"turns":3.0},{"damage":0.0,"enemies":"Centurion and Healer","floor":29.0,"turns":2.0},{"damage":0.0,"enemies":"Snake Plant","floor":30.0,"turns":2.0},{"damage":31.0,"enemies":"Collector","floor":33.0,"turns":5.0},{"damage":0.0,"enemies":"3 Darklings","floor":35.0,"turns":2.0},{"damage":0,"enemies":"Orb Walker","floor":36,"turns":1},{"damage":0,"enemies":"Transient","floor":37,"turns":5},{"damage":2,"enemies":"3 Darklings","floor":40,"turns":3},{"damage":0,"enemies":"Nemesis","floor":41,"turns":4},{"damage":0,"enemies":"4 Shapes","floor":46,"turns":1},{"damage":0,"enemies":"Maw","floor":48,"turns":4},{"damage":50,"enemies":"Awakened One","floor":50,"turns":6}],"seed_played":"-1730163154761089935","potions_obtained":[{"floor":2.0,"key":"PowerPotion"},{"floor":3.0,"key":"Fire Potion"},{"floor":4.0,"key":"Energy Potion"},{"floor":8.0,"key":"FearPotion"},{"floor":24.0,"key":"BloodPotion"},{"floor":35.0,"key":"Dexterity Potion"}],"is_trial":false,"path_per_floor":["M","M","M","M","$","R","M","M","T","R","?","?","$","M","R","B",null,"M","?","$","M","$","?","M","R","T","$","?","M","M","T","R","B",null,"M","M","M","?","$","M","E","R","T","R","T","M","$","M","R","B",null],"character_chosen":"IRONCLAD","items_purchased":["Dropkick","Inflame","Oddly Smooth Stone"],"campfire_rested":0,"item_purchase_floors":[20,22,39],"current_hp_per_floor":[72,72,67,52,52,52,48,40,40,40,37,37,37,44,44,42,72,60,60,60,68,68,68,65,65,65,65,61,69,72,72,72,47,72,72,72,72,72,72,72,72,72,72,72,72,72,72,72,72,42],"gold":78,"neow_bonus":"REMOVE_TWO","is_prod":false,"is_daily":false,"chose_seed":false,"campfire_upgraded":8,"win_rate":0,"timestamp":1571723624,"path_taken":["M","?","M","M","?","R","M","?","T","R","?","?","$","M","R","BOSS","M","?","?","M","$","?","?","R","T","?","?","M","M","?","R","BOSS","M","M","?","?","$","?","E","R","T","R","?","M","$","?","R","BOSS"],"build_version":"2019-10-21","purchased_purges":4,"victory":true,"max_hp_per_floor":[72,72,72,72,72,72,72,72,72,72,72,72,72,72,72,72,72,72,72,72,72,72,72,72,72,72,72,72,72,72,72,72,72,72,72,72,72,72,72,72,72,72,72,72,72,72,72,72,72,72],"card_choices":[{"not_picked":["Intimidate","Twin Strike"],"picked":"Cleave","floor":1.0},{"not_picked":["Warcry","Combust"],"picked":"Sever Soul","floor":2.0},{"not_picked":["Wild Strike","Clothesline"],"picked":"Flex","floor":3.0},{"not_picked":["Uppercut","Infernal Blade"],"picked":"Thunderclap","floor":4.0},{"not_picked":["Anger","Dropkick"],"picked":"Iron Wave","floor":7.0},{"not_picked":["Body Slam","Fiend Fire","Combust"],"picked":"SKIP","floor":8.0},{"not_picked":["Sentinel","True Grit","Body Slam"],"picked":"SKIP","floor":14.0},{"not_picked":["Twin Strike","Entrench"],"picked":"Rage+1","floor":18.0},{"not_picked":["Feel No Pain","Anger"],"picked":"Sword Boomerang+1","floor":21.0},{"not_picked":["Infernal Blade","Twin Strike+1"],"picked":"Iron Wave+1","floor":24.0},{"not_picked":["Cleave","Heavy Blade+1"],"picked":"Twin Strike+1","floor":28.0},{"not_picked":["Impervious","Flex+1","Havoc"],"picked":"SKIP","floor":29.0},{"not_picked":["Cleave","Headbutt"],"picked":"Inflame+1","floor":30.0},{"not_picked":["Iron Wave+1","Spot Weakness"],"picked":"Sword Boomerang+1","floor":35.0},{"not_picked":["Warcry","Pommel Strike+1"],"picked":"Heavy Blade+1","floor":36},{"not_picked":["Warcry+1","Wild Strike+1","Thunderclap"],"picked":"SKIP","floor":37},{"not_picked":["Anger+1","True Grit","Clothesline"],"picked":"SKIP","floor":40},{"not_picked":["Shockwave","Sword Boomerang","Feel No Pain+1"],"picked":"SKIP","floor":41},{"not_picked":["Immolate","Cleave+1","Pommel Strike"],"picked":"SKIP","floor":46},{"not_picked":["Flex","Feel No Pain+1","Warcry+1"],"picked":"SKIP","floor":48}],"player_experience":626254,"relics_obtained":[{"floor":9.0,"key":"Blood Vial"},{"floor":26.0,"key":"HornCleat"},{"floor":28.0,"key":"Nunchaku"},{"floor":28.0,"key":"Ornamental Fan"},{"floor":31.0,"key":"Blue Candle"},{"floor":41,"key":"Boot"},{"floor":43,"key":"Bag of Preparation"},{"floor":45,"key":"Anchor"}],"event_choices":[{"damage_healed":0.0,"max_hp_gain":0.0,"max_hp_loss":0.0,"gold_gain":0.0,"event_name":"Scrap Ooze","player_choice":"Success","floor":11.0,"gold_loss":0.0,"damage_taken":3.0,"relics_obtained":["Bag of Marbles"]},{"cards_removed":["Strike_R"],"damage_healed":0.0,"max_hp_gain":0.0,"max_hp_loss":0.0,"gold_gain":0.0,"event_name":"The Cleric","player_choice":"Card Removal","floor":12.0,"gold_loss":50.0,"damage_taken":0.0},{"damage_healed":0.0,"max_hp_gain":0.0,"max_hp_loss":0.0,"gold_gain":0.0,"event_name":"Drug Dealer","player_choice":"Inject Mutagens","floor":19.0,"gold_loss":0.0,"damage_taken":0.0,"relics_obtained":["MutagenicStrength"]},{"damage_healed":0.0,"max_hp_gain":0.0,"max_hp_loss":0.0,"gold_gain":0.0,"event_name":"Ghosts","player_choice":"Ignored","floor":23.0,"gold_loss":0.0,"damage_taken":0.0},{"damage_healed":0.0,"max_hp_gain":0.0,"max_hp_loss":0.0,"gold_gain":0.0,"event_name":"Colosseum","player_choice":"Fight","floor":28.0,"gold_loss":0.0,"damage_taken":0.0},{"damage_healed":0.0,"max_hp_gain":0.0,"max_hp_loss":0.0,"gold_gain":0.0,"event_name":"Colosseum","player_choice":"Fought Nobs","floor":28.0,"gold_loss":0.0,"damage_taken":0.0},{"damage_healed":0,"gold_gain":0,"player_choice":"Copied","damage_taken":0,"max_hp_gain":0,"max_hp_loss":0,"event_name":"Duplicator","floor":38,"gold_loss":0,"cards_obtained":["Inflame"]}],"is_beta":true,"boss_relics":[{"not_picked":["Pandora\u0027s Box","SacredBark"],"picked":"Velvet Choker"},{"not_picked":["Runic Dome","Black Star"],"picked":"SlaversCollar"}],"items_purged_floors":[5,13,39,47],"is_endless":false,"potions_floor_spawned":[2,3,4,8,24,28,35,46,48],"ascension_level":0}