{"gold_per_floor":[115,115,190,210,227,261,261,323,323,323,323,100,118,134,134,235,235,255,354,371,108,123,150,150,150,176,191,191,217,132,146,146,247,247,257,257,274,285,300,332,332,350,350,350,363,363,377,117,117,117],"floor_reached":51,"playtime":3296,"items_purged":["Regret","Strike_B","Defend_B"],"score":835,"play_id":"8703f397-aeee-4029-a2cf-36cd5fdc0f7e","local_time":"20180722143353","is_ascension_mode":true,"campfire_choices":[{"data":"Electrodynamics","floor":7.0,"key":"SMITH"},{"floor":10.0,"key":"REST"},{"data":"Zap","floor":15.0,"key":"SMITH"},{"data":"Chaos","floor":24.0,"key":"SMITH"},{"data":"Thunder Strike","floor":28.0,"key":"SMITH"},{"floor":32.0,"key":"REST"},{"floor":41.0,"key":"REST"},{"floor":46,"key":"REST"},{"data":"Machine Learning","floor":49,"key":"SMITH"}],"neow_cost":"TEN_PERCENT_HP_LOSS","seed_source_timestamp":0,"circlet_count":0,"master_deck":["Strike_B+1","Strike_B+1","Defend_B","Defend_B","Zap+1","Dualcast","Electrodynamics+1","Stack","FTL","Hologram","Rebound","Cold Snap","Conserve Battery","Ball Lightning","Core Surge","Chaos+1","Hologram+1","Thunder Strike+1","Coolheaded+1","Stack+1","Sweeping Beam+1","Cold Snap","Ball Lightning+1","Machine Learning+1","Defragment+1","Coolheaded+1","Go for the Eyes+1","Coolheaded+1","Seek","Leap+1","White Noise+1","Compile Driver+1"],"special_seed":0,"relics":["Cracked Core","Question Card","Sundial","Tiny Chest","Thread and Needle","Bronze Scales","Philosopher\u0027s Stone","Whetstone","Ancient Tea Set","Gremlin Horn","The Courier","Nuclear Battery","Bag of Preparation","Pantograph","Mummified Hand","Runic Capacitor"],"potions_floor_usage":[50],"damage_taken":[{"damage":2.0,"enemies":"Jaw Worm","floor":1.0,"turns":3.0},{"damage":4.0,"enemies":"Cultist","floor":4.0,"turns":3.0},{"damage":0.0,"enemies":"Small Slimes","floor":5.0,"turns":2.0},{"damage":30.0,"enemies":"Lagavulin","floor":6.0,"turns":5.0},{"damage":16.0,"enemies":"Gremlin Nob","floor":8.0,"turns":3.0},{"damage":0.0,"enemies":"3 Louse","floor":13.0,"turns":1.0},{"damage":0.0,"enemies":"Gremlin Gang","floor":14.0,"turns":2.0},{"damage":3.0,"enemies":"Hexaghost","floor":16.0,"turns":8.0},{"damage":0.0,"enemies":"3 Byrds","floor":18.0,"turns":2.0},{"damage":3.0,"enemies":"Chosen","floor":20.0,"turns":3.0},{"damage":20.0,"enemies":"Snake Plant","floor":22.0,"turns":3.0},{"damage":0.0,"enemies":"Gremlin Leader","floor":23.0,"turns":7.0},{"damage":19.0,"enemies":"Cultist and Chosen","floor":27.0,"turns":5.0},{"damage":31.0,"enemies":"Slavers","floor":29.0,"turns":3.0},{"damage":6.0,"enemies":"Chosen and Byrds","floor":31.0,"turns":4.0},{"damage":16.0,"enemies":"Collector","floor":33.0,"turns":5.0},{"damage":0.0,"enemies":"3 Shapes","floor":35.0,"turns":4.0},{"damage":1.0,"enemies":"Orb Walker","floor":37.0,"turns":3.0},{"damage":19.0,"enemies":"3 Darklings","floor":38.0,"turns":3.0},{"damage":12.0,"enemies":"Flame Bruiser 2 Orb","floor":39.0,"turns":4.0},{"damage":34.0,"enemies":"Giant Head","floor":40.0,"turns":8.0},{"damage":0,"enemies":"Transient","floor":42,"turns":5},{"damage":0,"enemies":"Spire Growth","floor":45,"turns":4},{"damage":11,"enemies":"3 Darklings","floor":47,"turns":3},{"damage":19,"enemies":"Donu and Deca","floor":50,"turns":7}],"seed_played":"-5235627315835649446","potions_obtained":[{"floor":4.0,"key":"Explosive Potion"},{"floor":5.0,"key":"Regen Potion"},{"floor":8.0,"key":"LiquidBronze"},{"floor":13.0,"key":"Weak Potion"},{"floor":18.0,"key":"SteroidPotion"},{"floor":23.0,"key":"EssenceOfSteel"},{"floor":31.0,"key":"GamblersBrew"},{"floor":35.0,"key":"SteroidPotion"},{"floor":37.0,"key":"Energy Potion"},{"floor":38.0,"key":"Dexterity Potion"}],"is_trial":false,"path_per_floor":["M","?","?","M","M","E","R","E","T","R","?","$","M","M","R","B",null,"M","?","M","$","M","E","R","?","T","M","R","E","?","M","R","B",null,"M","?","M","M","M","E","R","M","T","T","M","R","M","$","R","B"],"character_chosen":"DEFECT","items_purchased":["Bronze Scales","Thunder Strike","Runic Capacitor"],"campfire_rested":4,"item_purchase_floors":[12,21,48],"current_hp_per_floor":[66,66,55,51,51,21,21,5,5,25,25,25,25,25,25,22,68,68,68,65,65,45,45,45,45,45,40,40,9,9,3,23,7,68,68,68,67,48,36,2,22,22,22,22,22,42,31,31,31,37],"gold":117,"neow_bonus":"THREE_RARE_CARDS","is_prod":false,"is_daily":false,"chose_seed":false,"campfire_upgraded":5,"win_rate":0,"timestamp":1532241233,"path_taken":["M","?","?","M","?","E","R","E","T","R","?","$","?","M","R","BOSS","M","?","M","?","M","E","R","?","T","?","R","E","?","M","R","BOSS","M","?","M","?","?","E","R","M","T","?","M","R","M","$","R","BOSS"],"build_version":"2018-07-19v2","purchased_purges":3,"victory":true,"max_hp_per_floor":[68,68,68,68,68,68,68,68,68,68,68,68,68,68,68,68,68,68,68,68,68,68,68,68,68,68,68,68,68,68,68,68,68,68,68,68,68,68,68,68,68,68,68,68,68,68,68,68,68,68],"card_choices":[{"not_picked":["Seek","Amplify"],"picked":"Electrodynamics","floor":0.0},{"not_picked":["Turbo","Reprogram"],"picked":"Stack","floor":1.0},{"not_picked":["Leap","Doom and Gloom","Turbo"],"picked":"FTL","floor":4.0},{"not_picked":["Sweeping Beam","Turbo","Leap"],"picked":"Hologram","floor":5.0},{"not_picked":["Reprogram","Rainbow","Gash"],"picked":"Rebound","floor":6.0},{"not_picked":["Reprogram","Storm","Stack"],"picked":"Cold Snap","floor":8.0},{"not_picked":["Go for the Eyes","Steam Power","Stack"],"picked":"Conserve Battery","floor":13.0},{"not_picked":["Cold Snap","Defragment","Echo Form"],"picked":"Ball Lightning","floor":14.0},{"not_picked":["Buffer","Reboot","Amplify"],"picked":"Core Surge","floor":16.0},{"not_picked":["Redo","Coolheaded","Cold Snap"],"picked":"Chaos","floor":18.0},{"not_picked":["Compile Driver","Rip and Tear","Loop"],"picked":"Hologram+1","floor":20.0},{"not_picked":["Hello World","Rip and Tear+1","Barrage+1"],"picked":"Coolheaded+1","floor":22.0},{"not_picked":["Consume","Coolheaded","Beam Cell"],"picked":"Stack+1","floor":23.0},{"not_picked":["Hologram+1","Reinforced Body","Coolheaded"],"picked":"Sweeping Beam+1","floor":27.0},{"not_picked":["Self Repair","Rip and Tear","Coolheaded"],"picked":"Cold Snap","floor":29.0},{"not_picked":["Steam+1","Hello World","Fusion"],"picked":"Ball Lightning+1","floor":31.0},{"not_picked":["Reboot","Creative AI","Electrodynamics"],"picked":"Machine Learning","floor":33.0},{"not_picked":["Ball Lightning","Hologram","Storm"],"picked":"Defragment+1","floor":35.0},{"not_picked":["Ball Lightning+1","Compile Driver+1","Storm"],"picked":"Coolheaded+1","floor":37.0},{"not_picked":["Creative AI","Compile Driver+1","Beam Cell"],"picked":"Go for the Eyes+1","floor":38.0},{"not_picked":["Turbo","Gash","Hologram"],"picked":"Coolheaded+1","floor":39.0},{"not_picked":["Auto Shields","Rip and Tear","Stack+1"],"picked":"Seek","floor":40.0},{"not_picked":["Redo","Blizzard+1","Beam Cell"],"picked":"Leap+1","floor":42},{"not_picked":["Rebound","Self Repair+1","Darkness"],"picked":"White Noise+1","floor":45},{"not_picked":["Consume+1","Self Repair+1","Cold Snap"],"picked":"Compile Driver+1","floor":47}],"player_experience":184371,"relics_obtained":[{"floor":6.0,"key":"Sundial"},{"floor":8.0,"key":"Tiny Chest"},{"floor":9.0,"key":"Thread and Needle"},{"floor":23.0,"key":"Whetstone"},{"floor":26.0,"key":"Ancient Tea Set"},{"floor":29.0,"key":"Gremlin Horn"},{"floor":40.0,"key":"Bag of Preparation"},{"floor":43,"key":"Pantograph"},{"floor":44,"key":"Mummified Hand"}],"event_choices":[{"event_name":"Big Fish","player_choice":"Box","floor":2.0,"damage_taken":0.0},{"event_name":"World of Goop","player_choice":"Gather Gold","floor":3.0,"damage_taken":0.0},{"event_name":"The Woman in Blue","player_choice":"Bought 0 Potions","floor":11.0,"damage_taken":0.0},{"event_name":"Nest","player_choice":"Stole From Cult","floor":19.0,"damage_taken":0.0},{"event_name":"Back to Basics","player_choice":"Elegance","floor":25.0,"damage_taken":0.0},{"event_name":"Addict","player_choice":"Obtained Relic","floor":30.0,"damage_taken":0.0},{"event_name":"Purifier","player_choice":"One Purge","floor":36.0,"damage_taken":0.0}],"is_beta":false,"boss_relics":[{"not_picked":["Orrery","Eternal Feather"],"picked":"Philosopher\u0027s Stone"},{"not_picked":["Snecko Eye","Calling Bell"],"picked":"Nuclear Battery"}],"items_purged_floors":[12,21,48],"is_endless":false,"potions_floor_spawned":[4,5,8,13,18,23,31,35,37,38],"ascension_level":3}