{"gold_per_floor":[119,294,244,244,258,258,333,109,109,145,145,160,183,207,207,326,326,345,366,366,636,659,700,716,716,785,271,271,271,146,170,170,300,300,318,318,318,336,186,186,219,243,267,267,267,287,287,301,301,301],"floor_reached":51,"playtime":1840,"items_purged":["Defend_B","Strike_B","Defend_B","Strike_B"],"score":793,"play_id":"ab58a06e-f95e-4476-80c9-760a9c074b39","local_time":"20191022142956","is_ascension_mode":false,"campfire_choices":[{"data":"Zap","floor":6,"key":"SMITH"},{"data":"Dualcast","floor":11,"key":"SMITH"},{"data":"Loop","floor":15,"key":"SMITH"},{"floor":25,"key":"REST"},{"data":"Hologram","floor":28,"key":"SMITH"},{"data":"Electrodynamics","floor":32,"key":"SMITH"},{"data":"Multi-Cast","floor":40,"key":"SMITH"},{"data":"Doom and Gloom","floor":44,"key":"SMITH"},{"floor":49,"key":"REST"}],"neow_cost":"TEN_PERCENT_HP_LOSS","seed_source_timestamp":376611827331,"circlet_count":0,"master_deck":["Defend_B","Defend_B","Zap+1","Dualcast+1","Glacier","Hologram+1","Ball Lightning","Doom and Gloom+1","Loop+1","Electrodynamics+1","Coolheaded+1","Ball Lightning","Conserve Battery+1","Multi-Cast+1","Coolheaded+1"],"relics":["Cracked Core","Golden Idol","Omamori","Centennial Puzzle","Dream Catcher","Orichalcum","Velvet Choker","MutagenicStrength","Akabeko","Pear","Tiny Chest","TheAbacus","Art of War","Busted Crown","Potion Belt","Regal Pillow","PreservedInsect"],"potions_floor_usage":[16,23,24,33,46,50,50,50],"damage_taken":[{"damage":0,"enemies":"Small Slimes","floor":1,"turns":3},{"damage":0,"enemies":"2 Louse","floor":5,"turns":3},{"damage":7,"enemies":"Lagavulin","floor":10,"turns":6},{"damage":0,"enemies":"Cultist","floor":12,"turns":2},{"damage":3,"enemies":"Blue Slaver","floor":14,"turns":4},{"damage":0,"enemies":"The Guardian","floor":16,"turns":5},{"damage":11,"enemies":"Shell Parasite","floor":18,"turns":4},{"damage":0,"enemies":"Chosen","floor":19,"turns":4},{"damage":0,"enemies":"Snecko","floor":22,"turns":5},{"damage":12,"enemies":"Book of Stabbing","floor":23,"turns":5},{"damage":11,"enemies":"Snake Plant","floor":24,"turns":4},{"damage":4,"enemies":"Cultist and Chosen","floor":31,"turns":2},{"damage":32,"enemies":"Collector","floor":33,"turns":10},{"damage":3,"enemies":"Orb Walker","floor":35,"turns":3},{"damage":0,"enemies":"3 Darklings","floor":38,"turns":2},{"damage":20,"enemies":"Nemesis","floor":41,"turns":6},{"damage":13,"enemies":"Maw","floor":42,"turns":7},{"damage":19,"enemies":"Writhing Mass","floor":46,"turns":4},{"damage":0,"enemies":"Transient","floor":48,"turns":5},{"damage":9,"enemies":"Donu and Deca","floor":50,"turns":7}],"seed_played":"-4137622168923988235","potions_obtained":[{"floor":5,"key":"Strength Potion"},{"floor":12,"key":"PowerPotion"},{"floor":14,"key":"DuplicationPotion"},{"floor":16,"key":"Regen Potion"},{"floor":23,"key":"FearPotion"},{"floor":24,"key":"SkillPotion"},{"floor":33,"key":"Dexterity Potion"},{"floor":35,"key":"Swift Potion"},{"floor":38,"key":"PowerPotion"}],"is_trial":false,"path_per_floor":["M","?","?","?","M","R","?","$","T","E","R","M","T","M","R","B",null,"M","M","?","?","M","E","M","R","T","$","R","?","$","M","R","B",null,"M","?","T","M","$","R","E","M","T","R","?","M","?","M","R","B",null],"character_chosen":"DEFECT","items_purchased":["Omamori","Tiny Chest","TheAbacus","Art of War"],"campfire_rested":2,"item_purchase_floors":[8,27,27,27],"current_hp_per_floor":[68,68,68,51,51,51,40,40,40,33,33,33,33,30,30,30,68,57,57,57,30,30,18,19,39,49,49,49,49,49,45,45,13,78,75,75,75,75,75,75,55,42,42,42,42,23,23,23,61,52],"gold":301,"neow_bonus":"TRANSFORM_TWO_CARDS","is_prod":false,"is_daily":false,"chose_seed":false,"campfire_upgraded":7,"win_rate":0,"timestamp":1571722196,"path_taken":["M","?","?","?","M","R","?","?","T","E","R","M","?","M","R","BOSS","M","M","?","?","?","E","M","R","T","$","R","?","?","M","R","BOSS","M","?","?","M","$","R","E","?","T","R","?","?","?","?","R","BOSS"],"build_version":"2019-10-21","purchased_purges":4,"victory":true,"max_hp_per_floor":[68,68,68,68,68,68,68,68,68,68,68,68,68,68,68,68,68,68,68,68,68,68,68,68,68,78,78,78,78,78,78,78,78,78,78,78,78,78,78,78,78,78,78,78,78,78,78,78,78,78],"card_choices":[{"not_picked":["Rebound","Heatsinks","Barrage"],"picked":"SKIP","floor":1},{"not_picked":["Barrage","Force Field"],"picked":"Ball Lightning","floor":5},{"not_picked":["Rebound","Barrage"],"picked":"Doom and Gloom","floor":10},{"not_picked":["Streamline","Hologram"],"picked":"Loop","floor":12},{"not_picked":["Fusion","Streamline","Melter"],"picked":"SKIP","floor":14},{"not_picked":["Biased Cognition","Creative AI"],"picked":"Electrodynamics","floor":16},{"not_picked":["Cold Snap","Streamline+1"],"picked":"Coolheaded+1","floor":18},{"not_picked":["Barrage","Undo"],"picked":"Ball Lightning","floor":19},{"not_picked":["Self Repair","Go for the Eyes","Hello World"],"picked":"SKIP","floor":22},{"not_picked":["Gash","Go for the Eyes","Steam Power"],"picked":"SKIP","floor":23},{"not_picked":["Steam+1","Turbo+1","Lockon"],"picked":"SKIP","floor":24},{"not_picked":["Leap","Streamline"],"picked":"Conserve Battery+1","floor":25},{"not_picked":["Doom and Gloom","Stack+1","Compile Driver"],"picked":"SKIP","floor":31},{"not_picked":["Echo Form","Biased Cognition"],"picked":"Multi-Cast","floor":33},{"not_picked":["Streamline+1"],"picked":"SKIP","floor":35},{"not_picked":["Rebound"],"picked":"SKIP","floor":38},{"not_picked":["Steam"],"picked":"SKIP","floor":41},{"not_picked":["Steam"],"picked":"SKIP","floor":42},{"not_picked":[],"picked":"Coolheaded+1","floor":46},{"not_picked":["Leap+1"],"picked":"SKIP","floor":48}],"player_experience":624414,"relics_obtained":[{"floor":9,"key":"Centennial Puzzle"},{"floor":10,"key":"Dream Catcher"},{"floor":13,"key":"Orichalcum"},{"floor":23,"key":"Akabeko"},{"floor":26,"key":"Pear"},{"floor":37,"key":"Potion Belt"},{"floor":41,"key":"Regal Pillow"},{"floor":43,"key":"PreservedInsect"}],"event_choices":[{"damage_healed":0,"gold_gain":175,"player_choice":"AGREE","damage_taken":0,"max_hp_gain":0,"max_hp_loss":0,"event_name":"Liars Game","floor":2,"gold_loss":0,"cards_obtained":["Doubt"]},{"cards_removed":["Doubt"],"damage_healed":0,"gold_gain":0,"player_choice":"Card Removal","damage_taken":0,"max_hp_gain":0,"max_hp_loss":0,"event_name":"The Cleric","floor":3,"gold_loss":50},{"damage_healed":0,"gold_gain":0,"player_choice":"Take Damage","damage_taken":17,"relics_obtained":["Golden Idol"],"max_hp_gain":0,"max_hp_loss":0,"event_name":"Golden Idol","floor":4,"gold_loss":0},{"damage_healed":0,"gold_gain":75,"player_choice":"Gather Gold","damage_taken":11,"max_hp_gain":0,"max_hp_loss":0,"event_name":"World of Goop","floor":7,"gold_loss":0},{"damage_healed":0,"gold_gain":0,"player_choice":"Inject Mutagens","damage_taken":0,"relics_obtained":["MutagenicStrength"],"max_hp_gain":0,"max_hp_loss":0,"event_name":"Drug Dealer","floor":20,"gold_loss":0},{"damage_healed":0,"gold_gain":270,"player_choice":"GOLD GOLD GOLD ","damage_taken":27,"max_hp_gain":0,"max_hp_loss":0,"event_name":"Knowing Skull","floor":21,"potions_obtained":[],"gold_loss":0,"cards_obtained":[]},{"damage_healed":0,"gold_gain":0,"player_choice":"Ignored","damage_taken":0,"max_hp_gain":0,"max_hp_loss":0,"event_name":"Ghosts","floor":29,"gold_loss":0},{"damage_healed":0,"gold_gain":0,"player_choice":"Ignored","damage_taken":0,"max_hp_gain":0,"max_hp_loss":0,"event_name":"Tomb of Lord Red Mask","floor":36,"gold_loss":0},{"damage_healed":0,"gold_gain":0,"player_choice":"Bought 0 Potions","damage_taken":0,"max_hp_gain":0,"max_hp_loss":0,"event_name":"The Woman in Blue","floor":45,"gold_loss":0},{"damage_healed":0,"gold_gain":0,"player_choice":"Cursed","damage_taken":0,"max_hp_gain":0,"max_hp_loss":0,"event_name":"Wheel of Change","floor":47,"gold_loss":0,"cards_obtained":["Decay"]}],"is_beta":true,"boss_relics":[{"not_picked":["FrozenCore","Black Star"],"picked":"Velvet Choker"},{"not_picked":["Astrolabe","SacredBark"],"picked":"Busted Crown"}],"items_purged_floors":[8,27,30,39],"is_endless":false,"potions_floor_spawned":[5,12,14,16,23,24,33,35,38],"ascension_level":0}