{"gold_per_floor":[111,125,125,125,141,166,166,182,208,223,173,173,186,207,207,336,336,351,366,366,44,44],"floor_reached":22,"playtime":3525,"items_purged":["Regret"],"score":260,"play_id":"6057e184-7e31-4bf4-9cd9-b885ad7ff2f6","local_time":"20180911005156","is_ascension_mode":true,"campfire_choices":[{"floor":12,"key":"REST"},{"floor":15,"key":"REST"}],"neow_cost":"NONE","seed_source_timestamp":1390683970064,"circlet_count":0,"master_deck":["Strike_B","Strike_B","Strike_B","Defend_B","Defend_B","Defend_B","Defend_B","Zap","Dualcast","Ball Lightning","Beam Cell","Barrage","Capacitor","Glacier","Conserve Battery","Genetic Algorithm","Rebound","Sunder","Rip and Tear","Thunder Strike","Redo+1","Turbo","Ghostly","Ghostly","Ghostly","Ghostly","Ghostly","BootSequence","Streamline"],"relics":["Cracked Core","Blood Vial","Dream Catcher","Ancient Tea Set","Golden Idol","Orichalcum","Nuclear Battery","Strawberry"],"potions_floor_usage":[14,16],"damage_taken":[{"damage":7,"enemies":"Small Slimes","floor":1,"turns":4},{"damage":8,"enemies":"2 Louse","floor":2,"turns":2},{"damage":2,"enemies":"Cultist","floor":5,"turns":3},{"damage":32,"enemies":"Lagavulin","floor":6,"turns":6},{"damage":10,"enemies":"3 Louse","floor":8,"turns":3},{"damage":4,"enemies":"Exordium Wildlife","floor":10,"turns":4},{"damage":2,"enemies":"2 Fungi Beasts","floor":13,"turns":3},{"damage":2,"enemies":"Large Slime","floor":14,"turns":2},{"damage":30,"enemies":"The Guardian","floor":16,"turns":10},{"damage":32,"enemies":"2 Thieves","floor":18,"turns":3},{"damage":0,"enemies":"Spheric Guardian","floor":19,"turns":3},{"damage":42,"enemies":"Cultist and Chosen","floor":22,"turns":4}],"seed_played":"5722977142080041468","potions_obtained":[{"floor":8,"key":"FearPotion"},{"floor":10,"key":"AttackPotion"},{"floor":14,"key":"PowerPotion"},{"floor":16,"key":"Swift Potion"}],"is_trial":false,"path_per_floor":["M","M","?","?","M","E","?","M","T","M","?","R","M","M","R","B",null,"M","M","?","$"],"character_chosen":"DEFECT","items_purchased":["Strawberry","BootSequence","Streamline"],"campfire_rested":2,"item_purchase_floors":[21,21,21],"current_hp_per_floor":[68,62,55,55,55,25,25,17,17,15,15,35,35,35,55,27,59,29,31,31,38,0],"gold":44,"neow_bonus":"RANDOM_COMMON_RELIC","is_prod":false,"is_daily":false,"chose_seed":false,"campfire_upgraded":0,"win_rate":0,"timestamp":1536598316,"path_taken":["M","M","?","?","M","E","?","M","T","M","?","R","M","M","R","BOSS","M","M","?","$","M"],"build_version":"2018-09-06","purchased_purges":1,"victory":false,"max_hp_per_floor":[75,75,75,75,75,75,69,69,69,69,69,69,69,69,69,69,69,69,69,34,41,41],"card_choices":[{"not_picked":["Leap","Chaos"],"picked":"Ball Lightning","floor":1},{"not_picked":["Recycle","Chill"],"picked":"Beam Cell","floor":2},{"not_picked":["Stack","Beam Cell"],"picked":"Barrage","floor":5},{"not_picked":["Seek","Redo"],"picked":"Capacitor","floor":6},{"not_picked":["Stack","Capacitor"],"picked":"Glacier","floor":8},{"not_picked":["Turbo","Blizzard"],"picked":"Conserve Battery","floor":10},{"not_picked":["Hello World","Rebound"],"picked":"Genetic Algorithm","floor":12},{"not_picked":["Hyperbeam","Go for the Eyes"],"picked":"Rebound","floor":13},{"not_picked":["Rebound","Ball Lightning"],"picked":"Sunder","floor":14},{"not_picked":["Storm","Coolheaded"],"picked":"Rip and Tear","floor":15},{"not_picked":["Meteor Strike","Seek"],"picked":"Thunder Strike","floor":16},{"not_picked":["Barrage","Turbo+1"],"picked":"Redo+1","floor":18},{"not_picked":["Streamline","Compile Driver+1"],"picked":"Turbo","floor":19}],"player_experience":284754,"relics_obtained":[{"floor":6,"key":"Ancient Tea Set"},{"floor":9,"key":"Orichalcum"}],"event_choices":[{"event_name":"Golden Wing","player_choice":"Card Removal","floor":3,"damage_taken":0},{"event_name":"Big Fish","player_choice":"Box","floor":4,"damage_taken":0},{"event_name":"Golden Idol","player_choice":"Lose Max HP","floor":7,"damage_taken":0},{"event_name":"World of Goop","player_choice":"Left","floor":11,"damage_taken":0},{"event_name":"Ghosts","player_choice":"Became a Ghost","floor":20,"damage_taken":0}],"is_beta":false,"boss_relics":[{"not_picked":["Cursed Key","Velvet Choker"],"picked":"Nuclear Battery"}],"items_purged_floors":[21],"is_endless":false,"potions_floor_spawned":[8,10,14,16],"killed_by":"Cultist and Chosen","ascension_level":5}