{"gold_per_floor":[113,123,139,155,166,166,178,193,193,27,27,27,60,78,78,154,154,173,173,45,61,61,61,86,103,103,103],"floor_reached":27,"playtime":618,"items_purged":["Defend_R"],"score":574,"play_id":"93ff8147-544c-49df-92ba-1239d6c499f7","local_time":"20181028225757","is_ascension_mode":true,"campfire_choices":[{"data":"Flex","floor":6.0,"key":"SMITH"},{"data":"Limit Break","floor":11.0,"key":"SMITH"},{"floor":15.0,"key":"REST"},{"data":"Heavy Blade","floor":23.0,"key":"SMITH"}],"neow_cost":"NONE","seed_source_timestamp":46119757484203,"circlet_count":0,"master_deck":["Strike_R","Strike_R","Strike_R","Strike_R","Strike_R","Defend_R","Bash","AscendersBane","Berserk","Flex+1","Clothesline","Heavy Blade+1","Inflame","Flex","Limit Break+1","Immolate","Flex","Inflame"],"special_seed":0,"relics":["Burning Blood","PreservedInsect","Pocketwatch","Empty Cage","CultistMask","Meat on the Bone","Boot","Red Skull"],"potions_floor_usage":[25,25,27],"damage_taken":[{"damage":2.0,"enemies":"Cultist","floor":1.0,"turns":4.0},{"damage":14.0,"enemies":"Jaw Worm","floor":2.0,"turns":3.0},{"damage":0.0,"enemies":"Small Slimes","floor":3.0,"turns":2.0},{"damage":11.0,"enemies":"Looter","floor":4.0,"turns":2.0},{"damage":17.0,"enemies":"Blue Slaver","floor":5.0,"turns":3.0},{"damage":18.0,"enemies":"Exordium Thugs","floor":7.0,"turns":4.0},{"damage":10.0,"enemies":"Exordium Wildlife","floor":8.0,"turns":5.0},{"damage":20.0,"enemies":"3 Sentries","floor":13.0,"turns":6.0},{"damage":11.0,"enemies":"Blue Slaver","floor":14.0,"turns":3.0},{"damage":0.0,"enemies":"Slime Boss","floor":16.0,"turns":5.0},{"damage":31.0,"enemies":"3 Byrds","floor":18.0,"turns":4.0},{"damage":11.0,"enemies":"Spheric Guardian","floor":21.0,"turns":3.0},{"damage":33,"enemies":"Gremlin Leader","floor":24,"turns":4},{"damage":21,"enemies":"Shelled Parasite and Fungi","floor":25,"turns":3},{"damage":20,"enemies":"Book of Stabbing","floor":27,"turns":2}],"seed_played":"3547587563059044140","potions_obtained":[{"floor":2.0,"key":"Energy Potion"},{"floor":3.0,"key":"AttackPotion"},{"floor":14.0,"key":"Swift Potion"},{"floor":16.0,"key":"PowerPotion"},{"floor":24,"key":"PowerPotion"},{"floor":25,"key":"EssenceOfSteel"}],"is_trial":false,"path_per_floor":["M","M","M","M","M","R","M","M","T","$","R","?","E","M","R","B",null,"M","?","$","M","T","R","E","M","T"],"character_chosen":"IRONCLAD","items_purchased":["Limit Break","PowerPotion"],"campfire_rested":1,"item_purchase_floors":[10,20],"current_hp_per_floor":[72,64,70,65,54,54,42,38,38,38,38,38,24,19,41,47,68,43,43,43,38,38,38,23,20,20,0],"gold":103,"neow_bonus":"ONE_RANDOM_RARE_CARD","is_prod":false,"is_daily":false,"chose_seed":false,"campfire_upgraded":3,"win_rate":0,"timestamp":1540763877,"path_taken":["M","M","M","M","M","R","?","M","T","$","R","?","E","M","R","BOSS","M","?","$","M","?","R","E","M","T","E"],"build_version":"2018-10-25v2","purchased_purges":1,"victory":false,"max_hp_per_floor":[75,75,75,75,75,75,75,75,75,75,75,75,75,75,75,75,75,75,75,75,75,75,75,75,75,75,75],"card_choices":[{"not_picked":["Twin Strike","Evolve"],"picked":"Flex","floor":1.0},{"not_picked":["Warcry","Dual Wield"],"picked":"Clothesline","floor":2.0},{"not_picked":["Armaments","Thunderclap"],"picked":"Heavy Blade","floor":3.0},{"not_picked":["Body Slam","Reckless Charge","Anger"],"picked":"SKIP","floor":4.0},{"not_picked":["Anger","Perfected Strike"],"picked":"Inflame","floor":5.0},{"not_picked":["Dropkick","Thunderclap"],"picked":"Flex","floor":7.0},{"not_picked":["Feel No Pain","Clash","Sword Boomerang"],"picked":"SKIP","floor":8.0},{"not_picked":["Impervious","Second Wind","Exhume"],"picked":"SKIP","floor":13.0},{"not_picked":["Perfected Strike","Clothesline","Shrug It Off"],"picked":"SKIP","floor":14.0},{"not_picked":["Demon Form","Juggernaut"],"picked":"Immolate","floor":16.0},{"not_picked":["True Grit+1","Sever Soul","Intimidate"],"picked":"SKIP","floor":18.0},{"not_picked":["Shrug It Off","Anger"],"picked":"Flex","floor":21.0},{"not_picked":["Corruption","Rage+1","Clothesline+1"],"picked":"SKIP","floor":24},{"not_picked":["Headbutt","Dark Embrace"],"picked":"Inflame","floor":25}],"player_experience":714469,"relics_obtained":[{"floor":9.0,"key":"PreservedInsect"},{"floor":13.0,"key":"Pocketwatch"},{"floor":22.0,"key":"Meat on the Bone"},{"floor":24,"key":"Boot"},{"floor":26,"key":"Red Skull"}],"event_choices":[{"damage_healed":0.0,"max_hp_gain":0.0,"max_hp_loss":0.0,"gold_gain":0.0,"event_name":"Liars Game","player_choice":"Ignored","floor":12.0,"gold_loss":0.0,"damage_taken":0.0},{"damage_healed":0.0,"max_hp_gain":0.0,"max_hp_loss":0.0,"gold_gain":0.0,"event_name":"FaceTrader","player_choice":"Trade","floor":19.0,"gold_loss":0.0,"damage_taken":0.0,"relics_obtained":["CultistMask"]}],"is_beta":true,"boss_relics":[{"not_picked":["Coffee Dripper","Runic Dome"],"picked":"Empty Cage"}],"items_purged_floors":[20],"is_endless":false,"potions_floor_spawned":[2,3,5,14,16,24,25],"killed_by":"Book of Stabbing","ascension_level":20}