{"gold_per_floor":[114,13,28,28,28,28,45,64,64,64,99,99,99,99,99,225,225,244,260,13,13,32,32],"floor_reached":23,"playtime":1027,"items_purged":["Defend_G","Strike_G"],"score":274,"play_id":"4b59fcfb-999d-4d28-8e54-55c75da18266","local_time":"20191011232956","is_ascension_mode":true,"campfire_choices":[{"data":"Neutralize","floor":6.0,"key":"SMITH"},{"floor":10.0,"key":"DIG"},{"floor":12.0,"key":"DIG"},{"floor":15.0,"key":"REST"}],"neow_cost":"NONE","seed_source_timestamp":5522517345114,"circlet_count":0,"master_deck":["Strike_G","Strike_G","Strike_G+1","Defend_G","Defend_G","Defend_G+1","Defend_G","Survivor","Neutralize+1","Cloak And Dagger","Acrobatics","Dagger Throw","Unload","Underhanded Strike+1","Expertise+1","Neutralize+1","Finisher"],"special_seed":0,"relics":["Busted Crown","Shovel","Turnip","Question Card","Matryoshka","Golden Idol","Sozu","Oddly Smooth Stone"],"potions_floor_usage":[16],"damage_taken":[{"damage":0.0,"enemies":"Cultist","floor":1.0,"turns":5.0},{"damage":0.0,"enemies":"Small Slimes","floor":3.0,"turns":4.0},{"damage":0.0,"enemies":"Jaw Worm","floor":7.0,"turns":4.0},{"damage":0.0,"enemies":"Looter","floor":8.0,"turns":3.0},{"damage":28.0,"enemies":"Lagavulin","floor":11.0,"turns":7.0},{"damage":19,"enemies":"Hexaghost","floor":16,"turns":10},{"damage":0,"enemies":"3 Byrds","floor":18,"turns":6},{"damage":10,"enemies":"Spheric Guardian","floor":19,"turns":4},{"damage":40,"enemies":"Cultist and Chosen","floor":22,"turns":7},{"damage":4,"enemies":"Snecko","floor":23,"turns":2}],"seed_played":"5572935195891617406","potions_obtained":[{"floor":8.0,"key":"Energy Potion"},{"floor":11.0,"key":"PowerPotion"},{"floor":16,"key":"Energy Potion"}],"is_trial":false,"path_per_floor":["M","$","M","?","$","R","M","M","T","R","E","R","?","?","R","B",null,"M","M","$","?","M","M"],"character_chosen":"THE_SILENT","items_purchased":["Acrobatics","Oddly Smooth Stone"],"campfire_rested":1,"item_purchase_floors":[2,20],"current_hp_per_floor":[63,63,63,63,63,63,63,63,63,63,35,35,21,4,25,6,54,54,44,44,44,4,0],"gold":32,"neow_bonus":"BOSS_RELIC","is_prod":false,"is_daily":false,"chose_seed":false,"campfire_upgraded":1,"win_rate":0,"timestamp":1570804196,"path_taken":["M","$","M","?","?","R","M","M","T","R","E","R","?","?","R","BOSS","M","M","$","?","?","M"],"build_version":"2019-10-10","purchased_purges":2,"victory":false,"max_hp_per_floor":[70,70,70,70,70,70,70,70,70,70,70,70,70,70,70,70,70,70,70,70,70,70,70],"card_choices":[{"not_picked":[],"picked":"Cloak And Dagger","floor":1.0},{"not_picked":[],"picked":"Dagger Throw","floor":3.0},{"not_picked":["Deflect"],"picked":"SKIP","floor":7.0},{"not_picked":["Sucker Punch"],"picked":"SKIP","floor":8.0},{"not_picked":["Flechettes"],"picked":"SKIP","floor":11.0},{"not_picked":["Burst"],"picked":"Unload","floor":16},{"not_picked":["Quick Slash"],"picked":"Underhanded Strike+1","floor":18},{"not_picked":["Blade Dance"],"picked":"Expertise+1","floor":19},{"not_picked":["Catalyst"],"picked":"Finisher","floor":22}],"player_experience":587201,"relics_obtained":[{"floor":9.0,"key":"Shovel"},{"floor":10.0,"key":"Turnip"},{"floor":11.0,"key":"Question Card"},{"floor":12.0,"key":"Matryoshka"}],"event_choices":[{"cards_removed":["Strike_G"],"damage_healed":0.0,"max_hp_gain":0.0,"max_hp_loss":0.0,"gold_gain":0.0,"event_name":"Bonfire Elementals","player_choice":"Offered Basic","floor":4.0,"gold_loss":0.0,"damage_taken":0.0},{"damage_healed":0.0,"max_hp_gain":0.0,"max_hp_loss":0.0,"gold_gain":0.0,"event_name":"Shining Light","player_choice":"Entered Light","floor":13.0,"gold_loss":0.0,"damage_taken":14.0,"cards_upgraded":["Strike_G","Defend_G"]},{"damage_healed":0.0,"max_hp_gain":0.0,"max_hp_loss":0.0,"gold_gain":0.0,"event_name":"Golden Idol","player_choice":"Take Damage","floor":14.0,"gold_loss":0.0,"damage_taken":17.0,"relics_obtained":["Golden Idol"]},{"damage_healed":0,"gold_gain":0,"player_choice":"Copied","damage_taken":0,"max_hp_gain":0,"max_hp_loss":0,"event_name":"Duplicator","floor":21,"gold_loss":0,"cards_obtained":["Neutralize"]}],"is_beta":true,"boss_relics":[{"not_picked":["Pandora\u0027s Box","Black Star"],"picked":"Sozu"}],"items_purged_floors":[2,20],"is_endless":false,"potions_floor_spawned":[8,11,16,18,19,22],"killed_by":"Snecko","ascension_level":9}