{"gold_per_floor":[110,110,110,110,134,134,134,147,147,181,146,217,258,277,277,370,370,395,395],"floor_reached":19,"playtime":399,"items_purged":[],"score":341,"play_id":"c296f737-19c9-443b-bb2b-32d631961e23","local_time":"20181101135712","is_ascension_mode":true,"campfire_choices":[{"data":"A Thousand Cuts","floor":6,"key":"SMITH"},{"data":"Catalyst","floor":15,"key":"SMITH"}],"neow_cost":"NONE","seed_source_timestamp":359731942369714,"circlet_count":0,"master_deck":["AscendersBane","Defend_G","Defend_G","Defend_G","Defend_G","Defend_G","Strike_G","Strike_G","Strike_G","Strike_G","Strike_G","Survivor","Neutralize","Deadly Poison","A Thousand Cuts+1","Noxious Fumes","Catalyst+1","Venomology","Blur"],"relics":["Ring of the Serpent","NeowsBlessing","Golden Idol","Mercury Hourglass","Darkstone Periapt","Shuriken","Bird Faced Urn"],"potions_floor_usage":[16,19],"damage_taken":[{"damage":0,"enemies":"2 Louse","floor":1,"turns":1},{"damage":0,"enemies":"Jaw Worm","floor":5,"turns":1},{"damage":0,"enemies":"Cultist","floor":8,"turns":1},{"damage":17,"enemies":"3 Sentries","floor":10,"turns":5},{"damage":15,"enemies":"Lagavulin","floor":13,"turns":7},{"damage":3,"enemies":"3 Louse","floor":14,"turns":3},{"damage":22,"enemies":"Hexaghost","floor":16,"turns":9},{"damage":26,"enemies":"2 Thieves","floor":18,"turns":4},{"damage":11,"enemies":"Shell Parasite","floor":19,"turns":2}],"seed_played":"678272508597070760","potions_obtained":[{"floor":10,"key":"SneckoOil"},{"floor":13,"key":"SpeedPotion"}],"is_trial":false,"path_per_floor":["M","?","?","?","M","R","?","M","T","E","?","T","E","M","R","B",null,"M","M"],"character_chosen":"THE_SILENT","items_purchased":[],"campfire_rested":0,"item_purchase_floors":[],"current_hp_per_floor":[59,36,41,41,41,41,41,41,41,24,41,41,26,25,25,7,55,33,24],"gold":395,"neow_bonus":"THREE_ENEMY_KILL","is_prod":false,"is_daily":false,"chose_seed":false,"campfire_upgraded":2,"win_rate":0,"timestamp":1541077032,"path_taken":["M","?","?","?","?","R","?","M","T","E","?","?","E","?","R","BOSS","M","M"],"build_version":"2018-10-31v2","purchased_purges":0,"victory":false,"max_hp_per_floor":[66,66,71,71,71,71,71,71,71,71,71,71,71,71,71,71,71,71,71],"card_choices":[{"not_picked":["Blade Dance","Slice"],"picked":"Deadly Poison","floor":1},{"not_picked":["Slice","Underhanded Strike"],"picked":"A Thousand Cuts","floor":5},{"not_picked":["Slice","Outmaneuver"],"picked":"Noxious Fumes","floor":8},{"not_picked":["Setup","All Out Attack","Riddle With Holes"],"picked":"SKIP","floor":10},{"not_picked":["Deflect","PiercingWail","Terror"],"picked":"SKIP","floor":13},{"not_picked":["Prepared","Finisher"],"picked":"Catalyst","floor":14},{"not_picked":["Glass Knife","Phantasmal Killer"],"picked":"Venomology","floor":16},{"not_picked":["Backflip","Poisoned Stab"],"picked":"Blur","floor":18}],"player_experience":733043,"relics_obtained":[{"floor":9,"key":"Mercury Hourglass"},{"floor":10,"key":"Darkstone Periapt"},{"floor":12,"key":"Shuriken"},{"floor":13,"key":"Bird Faced Urn"}],"event_choices":[{"damage_healed":0,"gold_gain":0,"player_choice":"Take Damage","damage_taken":23,"relics_obtained":["Golden Idol"],"max_hp_gain":0,"max_hp_loss":0,"event_name":"Golden Idol","floor":2,"gold_loss":0},{"damage_healed":0,"gold_gain":0,"player_choice":"Donut","damage_taken":0,"max_hp_gain":5,"max_hp_loss":0,"event_name":"Big Fish","floor":3,"gold_loss":0},{"damage_healed":0,"gold_gain":0,"player_choice":"0 cards matched","damage_taken":0,"max_hp_gain":0,"max_hp_loss":0,"event_name":"Match and Keep!","floor":4,"gold_loss":0,"cards_obtained":[]},{"damage_healed":0,"gold_gain":0,"player_choice":"Ignored","damage_taken":0,"max_hp_gain":0,"max_hp_loss":0,"event_name":"Shining Light","floor":7,"gold_loss":0},{"damage_healed":17,"gold_gain":0,"player_choice":"Healed","damage_taken":0,"max_hp_gain":0,"max_hp_loss":0,"event_name":"The Cleric","floor":11,"gold_loss":35}],"is_beta":true,"boss_relics":[{"not_picked":["Eternal Feather","Pandora\u0027s Box"],"picked":"Ring of the Serpent"}],"items_purged_floors":[],"is_endless":false,"potions_floor_spawned":[10,13],"killed_by":"Shell Parasite","ascension_level":19}