{"gold_per_floor":[115,115,129,140,191,191,211,228,228,228,244,256,256,270,270,347,347,361,378,56,56,56,56,73,73,73,73,90,90,123,23,23,100,100,113,129,4,18,34,34,134,167,214,214,10,35,48,73,73,73],"floor_reached":50,"playtime":2888,"items_purged":["Strike_R","Strike_R","Strike_R","Strike_R"],"score":1288,"play_id":"160a5454-7e98-4d62-bd15-27afdd284de8","local_time":"20190509133502","is_ascension_mode":true,"campfire_choices":[{"data":"Body Slam","floor":6.0,"key":"SMITH"},{"data":"Dual Wield","floor":10.0,"key":"SMITH"},{"data":"Flame Barrier","floor":13.0,"key":"SMITH"},{"data":"True Grit","floor":15.0,"key":"SMITH"},{"data":"Shrug It Off","floor":23.0,"key":"SMITH"},{"data":"Power Through","floor":25.0,"key":"SMITH"},{"data":"Defend_R","floor":27.0,"key":"SMITH"},{"data":"Defend_R","floor":32.0,"key":"SMITH"},{"floor":40.0,"key":"REST"},{"floor":44.0,"key":"RECALL"},{"data":"Body Slam","floor":49.0,"key":"SMITH"}],"neow_cost":"NONE","seed_source_timestamp":73359095314842,"circlet_count":0,"master_deck":["AscendersBane","Strike_R","Defend_R+1","Defend_R+1","Defend_R+1","Defend_R","Bash","True Grit+1","Body Slam+1","Dual Wield+1","Shrug It Off+1","Flame Barrier+1","Barricade+1","Power Through+1","Impervious","Shrug It Off+1","Body Slam+1","Armaments","Sentinel+1"],"special_seed":0,"relics":["Burning Blood","NeowsBlessing","Pen Nib","Frozen Egg 2","Philosopher\u0027s Stone","Centennial Puzzle","Lantern","Sundial","Ginger","Orrery","Incense Burner","Blood Vial","Happy Flower","Dodecahedron"],"potions_floor_usage":[50],"damage_taken":[{"damage":0.0,"enemies":"2 Louse","floor":1.0,"turns":1.0},{"damage":0.0,"enemies":"Cultist","floor":3.0,"turns":1.0},{"damage":0.0,"enemies":"Jaw Worm","floor":4.0,"turns":1.0},{"damage":4.0,"enemies":"Looter","floor":7.0,"turns":3.0},{"damage":19.0,"enemies":"Exordium Thugs","floor":8.0,"turns":4.0},{"damage":14.0,"enemies":"Blue Slaver","floor":11.0,"turns":4.0},{"damage":10.0,"enemies":"Looter","floor":12.0,"turns":4.0},{"damage":2.0,"enemies":"2 Fungi Beasts","floor":14.0,"turns":2.0},{"damage":31.0,"enemies":"Hexaghost","floor":16.0,"turns":10.0},{"damage":6.0,"enemies":"Chosen","floor":18.0,"turns":2.0},{"damage":21.0,"enemies":"Spheric Guardian","floor":19.0,"turns":6.0},{"damage":0.0,"enemies":"Chosen and Byrds","floor":24.0,"turns":4.0},{"damage":4.0,"enemies":"Snake Plant","floor":28.0,"turns":6.0},{"damage":0.0,"enemies":"Book of Stabbing","floor":30.0,"turns":4.0},{"damage":28.0,"enemies":"Champ","floor":33.0,"turns":12.0},{"damage":0.0,"enemies":"3 Darklings","floor":35.0,"turns":9.0},{"damage":28.0,"enemies":"3 Shapes","floor":36.0,"turns":9.0},{"damage":20.0,"enemies":"Spire Growth","floor":38.0,"turns":7.0},{"damage":15.0,"enemies":"Jaw Worm Horde","floor":39.0,"turns":4.0},{"damage":0.0,"enemies":"Mind Bloom Boss Battle","floor":41.0,"turns":4.0},{"damage":15.0,"enemies":"Reptomancer","floor":42.0,"turns":5.0},{"damage":0.0,"enemies":"Nemesis","floor":46.0,"turns":9.0},{"damage":14.0,"enemies":"Transient","floor":47.0,"turns":6.0},{"damage":0.0,"enemies":"Giant Head","floor":48.0,"turns":6.0},{"damage":36,"enemies":"Time Eater","floor":50,"turns":17}],"seed_played":"-3728201176017666970","potions_obtained":[{"floor":1.0,"key":"Strength Potion"},{"floor":4.0,"key":"Strength Potion"},{"floor":11.0,"key":"Ancient Potion"},{"floor":16.0,"key":"SkillPotion"},{"floor":18.0,"key":"SkillPotion"},{"floor":28.0,"key":"Swift Potion"},{"floor":30.0,"key":"SpeedPotion"},{"floor":35.0,"key":"Regen Potion"},{"floor":39.0,"key":"Regen Potion"},{"floor":42.0,"key":"Fire Potion"}],"is_trial":false,"path_per_floor":["M","?","M","M","T","R","M","M","T","R","M","M","R","M","R","B",null,"M","M","$","?","T","R","M","R","T","R","M","?","E","$","R","B",null,"M","M","$","M","M","R","?","E","T","R","$","E","M","E","R","B"],"character_chosen":"IRONCLAD","items_purchased":["Centennial Puzzle","Power Through","Armaments"],"campfire_rested":1,"item_purchase_floors":[20,20,45],"current_hp_per_floor":[74,75,75,75,75,75,75,62,62,62,54,50,50,54,54,29,64,64,49,49,49,49,49,55,55,55,55,57,57,63,63,63,41,67,73,51,51,37,28,50,68,59,59,59,59,67,61,69,69,39],"gold":73,"neow_bonus":"THREE_ENEMY_KILL","is_prod":false,"is_daily":false,"chose_seed":false,"campfire_upgraded":9,"win_rate":0,"timestamp":1557401702,"path_taken":["M","?","M","?","?","R","M","M","T","R","M","M","R","M","R","BOSS","M","M","$","?","?","R","M","R","T","R","M","?","E","$","R","BOSS","M","M","$","M","M","R","?","E","T","R","$","E","M","E","R","BOSS"],"build_version":"2019-01-23","purchased_purges":4,"victory":false,"max_hp_per_floor":[75,75,75,75,75,75,75,75,75,75,75,75,75,75,75,75,75,75,75,75,75,75,75,75,75,75,75,75,75,75,75,75,75,75,75,75,75,75,75,75,75,75,75,75,75,75,75,75,75,75],"card_choices":[{"not_picked":["Blood for Blood","Clothesline","Combust"],"picked":"SKIP","floor":1.0},{"not_picked":["Iron Wave","Blood for Blood"],"picked":"True Grit","floor":3.0},{"not_picked":["Sever Soul","Thunderclap"],"picked":"Body Slam","floor":4.0},{"not_picked":["Cleave","Ghostly Armor"],"picked":"Dual Wield","floor":7.0},{"not_picked":["Perfected Strike","Rupture"],"picked":"Shrug It Off","floor":8.0},{"not_picked":["Twin Strike","Cleave"],"picked":"Flame Barrier","floor":11.0},{"not_picked":["Corruption+1","Body Slam"],"picked":"Barricade+1","floor":12.0},{"not_picked":["Wild Strike","Combust+1","Thunderclap"],"picked":"SKIP","floor":14.0},{"not_picked":["Anger","Warcry","Whirlwind"],"picked":"SKIP","floor":18.0},{"not_picked":["Sword Boomerang","Clash+1","Perfected Strike"],"picked":"SKIP","floor":19.0},{"not_picked":["Clash","Cleave+1","Carnage"],"picked":"SKIP","floor":24.0},{"not_picked":["Inflame+1","Sever Soul","Whirlwind"],"picked":"SKIP","floor":28.0},{"not_picked":["Burning Pact+1","Inflame+1","Anger"],"picked":"SKIP","floor":30.0},{"not_picked":["Rupture+1","Shrug It Off"],"picked":"Impervious","floor":34.0},{"not_picked":["Iron Wave","Disarm"],"picked":"Shrug It Off+1","floor":34.0},{"not_picked":["Heavy Blade+1","Iron Wave","Shrug It Off+1"],"picked":"SKIP","floor":35.0},{"not_picked":["Shrug It Off","Wild Strike"],"picked":"Body Slam","floor":36.0},{"not_picked":["Headbutt","Intimidate","Cleave"],"picked":"SKIP","floor":38.0},{"not_picked":["Double Tap","Warcry","Second Wind"],"picked":"SKIP","floor":39.0},{"not_picked":["Hemokinesis","Infernal Blade+1","Metallicize+1"],"picked":"SKIP","floor":42.0},{"not_picked":["Blood for Blood","Carnage"],"picked":"Sentinel+1","floor":46.0},{"not_picked":["Clothesline","Battle Trance","Anger"],"picked":"SKIP","floor":47.0},{"not_picked":["Heavy Blade+1","Double Tap","Dropkick"],"picked":"SKIP","floor":48.0}],"player_experience":871596,"relics_obtained":[{"floor":5.0,"key":"Pen Nib"},{"floor":9.0,"key":"Frozen Egg 2"},{"floor":22.0,"key":"Lantern"},{"floor":26.0,"key":"Sundial"},{"floor":30.0,"key":"Ginger"},{"floor":41.0,"key":"Incense Burner"},{"floor":42.0,"key":"Blood Vial"},{"floor":46.0,"key":"Happy Flower"},{"floor":48.0,"key":"Dodecahedron"}],"event_choices":[{"damage_healed":1.0,"max_hp_gain":0.0,"max_hp_loss":0.0,"gold_gain":0.0,"event_name":"Wheel of Change","player_choice":"Full Heal","floor":2.0,"gold_loss":0.0,"damage_taken":0.0},{"damage_healed":0.0,"max_hp_gain":0.0,"max_hp_loss":0.0,"gold_gain":0.0,"event_name":"Ghosts","player_choice":"Ignored","floor":21.0,"gold_loss":0.0,"damage_taken":0.0},{"damage_healed":0.0,"max_hp_gain":0.0,"max_hp_loss":0.0,"gold_gain":0.0,"event_name":"Accursed Blacksmith","player_choice":"Forge","floor":29.0,"gold_loss":0.0,"damage_taken":0.0,"cards_upgraded":["Defend_R"]},{"damage_healed":0.0,"max_hp_gain":0.0,"max_hp_loss":0.0,"gold_gain":0.0,"event_name":"MindBloom","player_choice":"Fight","floor":41.0,"gold_loss":0.0,"damage_taken":0.0}],"is_beta":false,"boss_relics":[{"not_picked":["Eternal Feather","Lizard Tail"],"picked":"Philosopher\u0027s Stone"},{"not_picked":["Astrolabe","Calling Bell"],"picked":"Orrery"}],"items_purged_floors":[20,31,37,45],"is_endless":false,"potions_floor_spawned":[1,4,11,16,18,28,30,35,38,39,42],"killed_by":"Time Eater","ascension_level":20}