{"gold_per_floor":[109,59,72,72,90,117,131,131,131,10,10,39,39,57,57,57],"floor_reached":16,"playtime":843,"items_purged":["Strike_G"],"score":110,"play_id":"710d642f-d2a8-4222-9246-fc52e1a62da0","local_time":"20190124022632","is_ascension_mode":false,"campfire_choices":[{"floor":13,"key":"RECALL"},{"data":"Reflex","floor":15,"key":"SMITH"}],"neow_cost":"NONE","seed_source_timestamp":17180904932401,"circlet_count":0,"master_deck":["Defend_G","Defend_G","Defend_G","Defend_G","Strike_G","Strike_G","Strike_G","Strike_G","Survivor","Neutralize","Underhanded Strike","Dagger Spray","Calculated Gamble","Expertise","Escape Plan","Prepared","Dash","Reflex+1"],"relics":["Ring of the Snake","NlothsMask","Juzu Bracelet","Nunchaku","Omamori"],"potions_floor_usage":[12,16],"damage_taken":[{"damage":0,"enemies":"2 Louse","floor":1,"turns":3},{"damage":0,"enemies":"Jaw Worm","floor":3,"turns":4},{"damage":0,"enemies":"Cultist","floor":5,"turns":4},{"damage":20,"enemies":"3 Sentries","floor":6,"turns":7},{"damage":1,"enemies":"Red Slaver","floor":7,"turns":4},{"damage":18,"enemies":"Lagavulin","floor":12,"turns":5},{"damage":0,"enemies":"Gremlin Gang","floor":14,"turns":1},{"damage":27,"enemies":"The Guardian","floor":16,"turns":10}],"seed_played":"2779934957381638107","potions_obtained":[{"floor":3,"key":"Poison Potion"},{"floor":5,"key":"SkillPotion"},{"floor":6,"key":"Block Potion"}],"is_trial":false,"path_per_floor":["M","?","M","?","M","E","M","?","T","$","?","E","R","M","R","B"],"character_chosen":"THE_SILENT","items_purchased":["Prepared"],"campfire_rested":0,"item_purchase_floors":[10],"current_hp_per_floor":[77,77,77,77,77,57,56,56,56,56,44,26,26,26,26,0],"gold":57,"neow_bonus":"TEN_PERCENT_HP_BONUS","is_prod":false,"is_daily":false,"chose_seed":false,"campfire_upgraded":1,"win_rate":0,"timestamp":1548267992,"path_taken":["M","?","M","?","M","E","M","?","T","?","?","E","R","M","R","BOSS"],"build_version":"2019-01-17v2","purchased_purges":1,"victory":false,"max_hp_per_floor":[77,77,77,77,77,77,77,77,77,77,77,77,77,77,77,77],"card_choices":[{"not_picked":["Sucker Punch","Outmaneuver"],"picked":"Underhanded Strike","floor":1},{"not_picked":["Setup","Poisoned Stab"],"picked":"Dagger Spray","floor":3},{"not_picked":["Sucker Punch","Dagger Spray"],"picked":"Calculated Gamble","floor":5},{"not_picked":["Envenom","Deadly Poison"],"picked":"Expertise","floor":6},{"not_picked":["Bane","Flying Knee"],"picked":"Escape Plan","floor":7},{"not_picked":["Slice","Deadly Poison"],"picked":"Dash","floor":12},{"not_picked":["Noxious Fumes","Tactician"],"picked":"Reflex","floor":14}],"player_experience":462303,"relics_obtained":[{"floor":6,"key":"Juzu Bracelet"},{"floor":12,"key":"Omamori"}],"event_choices":[{"cards_removed":["Defend_G"],"damage_healed":0,"gold_gain":0,"player_choice":"Card Removal","damage_taken":0,"max_hp_gain":0,"max_hp_loss":0,"event_name":"The Cleric","floor":2,"gold_loss":50},{"damage_healed":0,"gold_gain":0,"player_choice":"Trade","damage_taken":0,"relics_obtained":["NlothsMask"],"max_hp_gain":0,"max_hp_loss":0,"event_name":"FaceTrader","floor":4,"gold_loss":0},{"damage_healed":0,"gold_gain":0,"player_choice":"Ignored","damage_taken":0,"max_hp_gain":0,"max_hp_loss":0,"event_name":"NoteForYourself","floor":8,"gold_loss":0},{"damage_healed":0,"gold_gain":0,"player_choice":"Success","damage_taken":12,"relics_obtained":["Nunchaku"],"max_hp_gain":0,"max_hp_loss":0,"event_name":"Scrap Ooze","floor":11,"gold_loss":0}],"is_beta":false,"boss_relics":[],"items_purged_floors":[10],"is_endless":false,"potions_floor_spawned":[3,5,6],"killed_by":"The Guardian","ascension_level":0}