{"path_per_floor":["M","M","M","M","M","E","M","E","T","M","R","$","M","?","R","B",null,"M","?","M","$","M"],"character_chosen":"DEFECT","items_purchased":["Gash","Melter","Bandage Up","Capacitor","Regal Pillow"],"gold_per_floor":[110,122,136,148,165,196,207,240,240,251,251,18,29,29,29,132,132,149,149,133,11,25,25],"floor_reached":23,"campfire_rested":1,"playtime":1259,"current_hp_per_floor":[75,75,75,62,62,34,32,10,10,9,31,31,35,35,35,39,75,72,56,46,46,16,0],"items_purged":[],"gold":25,"score":248,"play_id":"f12db5be-ca4f-4af1-acba-60b70f984668","local_time":"20180510145532","is_prod":false,"is_daily":false,"chose_seed":false,"is_ascension_mode":true,"campfire_upgraded":1,"timestamp":1525956932,"path_taken":["M","?","M","M","M","E","M","E","T","M","R","$","?","?","R","BOSS","M","?","M","?","?","E"],"build_version":"2018-05-09","seed_source_timestamp":10796850555816,"purchased_purges":0,"victory":false,"master_deck":["Strike_B","Strike_B","Strike_B","Strike_B","Defend_B","Defend_B","Defend_B","Defend_B","Zap+1","Dualcast","Go for the Eyes","Sweeping Beam","Go for the Eyes","Ball Lightning","Ball Lightning","Glacier","Gash","Melter","Bandage Up","Capacitor+1","Lockon","Amplify","Conserve Battery","Necronomicurse","Capacitor+1","Double Energy"],"max_hp_per_floor":[75,75,75,75,75,75,75,75,75,75,75,75,75,75,75,75,75,75,75,75,75,75,75],"relics":["Cracked Core","NeowsBlessing","The Courier","Lantern","Pantograph","Sozu","Necronomicon","Regal Pillow"],"card_choices":[{"not_picked":["Stack","Hologram"],"picked":"Go for the Eyes","floor":2},{"not_picked":["Hologram","Stack"],"picked":"Sweeping Beam","floor":3},{"not_picked":["Coolheaded","Axe Kick"],"picked":"Go for the Eyes","floor":5},{"not_picked":["Sunder","Impulse"],"picked":"Ball Lightning","floor":6},{"not_picked":["Chaos","Leap"],"picked":"Ball Lightning","floor":7},{"not_picked":["Axe Kick","Blizzard"],"picked":"Glacier","floor":10},{"not_picked":["Capacitor","Skim"],"picked":"Lockon","floor":13},{"not_picked":["Reboot","Fission"],"picked":"Amplify","floor":16},{"not_picked":["Barrage","Steam"],"picked":"Conserve Battery","floor":18},{"not_picked":["Barrage","Rebound"],"picked":"Capacitor","floor":20},{"not_picked":["Sunder","Lockon"],"picked":"Double Energy","floor":22}],"player_experience":112739,"potions_floor_usage":[4,6,8,16,20],"damage_taken":[{"damage":0,"enemies":"Cultist","floor":1,"turns":1},{"damage":0,"enemies":"2 Louse","floor":2,"turns":1},{"damage":0,"enemies":"Small Slimes","floor":3,"turns":1},{"damage":13,"enemies":"Exordium Thugs","floor":4,"turns":3},{"damage":0,"enemies":"Gremlin Gang","floor":5,"turns":3},{"damage":28,"enemies":"Lagavulin","floor":6,"turns":8},{"damage":2,"enemies":"3 Louse","floor":7,"turns":3},{"damage":22,"enemies":"3 Sentries","floor":8,"turns":4},{"damage":1,"enemies":"Blue Slaver","floor":10,"turns":3},{"damage":0,"enemies":"Large Slime","floor":13,"turns":4},{"damage":25,"enemies":"The Guardian","floor":16,"turns":11},{"damage":7,"enemies":"Chosen","floor":18,"turns":5},{"damage":14,"enemies":"2 Thieves","floor":20,"turns":4},{"damage":34,"enemies":"Snake Plant","floor":22,"turns":6},{"damage":20,"enemies":"Slavers","floor":23,"turns":1}],"event_choices":[{"event_name":"Living Wall","player_choice":"Grow","floor":14,"damage_taken":0},{"event_name":"Cursed Tome","player_choice":"Obtained Book","floor":19,"damage_taken":0}],"boss_relics":[{"not_picked":["Black Star","Runic Dome"],"picked":"Sozu"}],"potions_floor_spawned":[2,5,7,10,16,22],"seed_played":"9063768763455370448","killed_by":"Slavers","ascension_level":4,"is_trial":false}