{"gold_per_floor":[117,21,21,32,49,49,78,153,153,153,171,184,184,194,194,265,265,265,265,265,65,65,65,65,65,65,65,65,65,65,65,65,65,65,65,65,65,65,65,65,65,65,65,65,65,65,65,65,65,65],"floor_reached":50,"playtime":1331,"items_purged":[],"score":965,"play_id":"de9d8513-b588-42e8-9feb-a70c8dc7ab2c","local_time":"20180905015433","is_ascension_mode":true,"campfire_choices":[{"data":"Heavy Blade","floor":6.0,"key":"SMITH"},{"data":"Flex","floor":10.0,"key":"SMITH"},{"data":"Sword Boomerang","floor":13,"key":"SMITH"},{"data":"Perfected Strike","floor":15,"key":"SMITH"},{"data":"Inflame","floor":23,"key":"SMITH"},{"data":"Inflame","floor":28,"key":"SMITH"},{"data":"Whirlwind","floor":30,"key":"SMITH"},{"floor":32,"key":"REST"},{"floor":40,"key":"REST"},{"data":"Bash","floor":49,"key":"SMITH"}],"neow_cost":"PERCENT_DAMAGE","seed_source_timestamp":45819607731632,"circlet_count":0,"master_deck":["Strike_R+1","Strike_R+1","Strike_R+1","Strike_R+1","Strike_R+1","Defend_R+1","Defend_R+1","Bash+1","AscendersBane","Perfected Strike+1","Flex+1","Sword Boomerang+1","Flex+1","Heavy Blade+1","Pommel Strike","Clash","Clash","Demon Form+1","Inflame+1","Reaper","Inflame+1","Thunderclap+1","Flex+1","Whirlwind+1","Demon Form+1","Heavy Blade+1","Flex+1","Inflame+1"],"special_seed":0,"relics":["Burning Blood","FossilizedHelix","Toxic Egg 2","Ectoplasm","Frozen Egg 2","Paper Frog","Mark of Pain","Bird Faced Urn","Omamori","Strawberry","Dream Catcher"],"potions_floor_usage":[50,50],"damage_taken":[{"damage":9.0,"enemies":"Jaw Worm","floor":1.0,"turns":5.0},{"damage":6.0,"enemies":"Small Slimes","floor":4.0,"turns":3.0},{"damage":0.0,"enemies":"Cultist","floor":5.0,"turns":2.0},{"damage":20.0,"enemies":"Lagavulin","floor":7.0,"turns":5.0},{"damage":0,"enemies":"Looter","floor":11,"turns":2},{"damage":0,"enemies":"2 Fungi Beasts","floor":12,"turns":2},{"damage":0,"enemies":"Large Slime","floor":14,"turns":4},{"damage":47,"enemies":"Hexaghost","floor":16,"turns":9},{"damage":0,"enemies":"Spheric Guardian","floor":18,"turns":2},{"damage":6,"enemies":"Chosen","floor":19,"turns":3},{"damage":16,"enemies":"Snake Plant","floor":22,"turns":2},{"damage":10,"enemies":"Sentry and Sphere","floor":25,"turns":4},{"damage":16,"enemies":"3 Cultists","floor":27,"turns":5},{"damage":0,"enemies":"Snecko","floor":29,"turns":3},{"damage":21,"enemies":"Slavers","floor":31,"turns":2},{"damage":86,"enemies":"Automaton","floor":33,"turns":9},{"damage":41,"enemies":"3 Shapes","floor":35,"turns":4},{"damage":22,"enemies":"Mind Bloom Boss Battle","floor":36,"turns":5},{"damage":63,"enemies":"Nemesis","floor":41,"turns":7},{"damage":0,"enemies":"Orb Walker","floor":42,"turns":2},{"damage":27,"enemies":"Jaw Worm Horde","floor":44,"turns":3},{"damage":10,"enemies":"Maw","floor":45,"turns":4},{"damage":0,"enemies":"Spire Growth","floor":46,"turns":3},{"damage":16,"enemies":"Jaw Worm Horde","floor":47,"turns":3},{"damage":0,"enemies":"Transient","floor":48,"turns":5},{"damage":74,"enemies":"Awakened One","floor":50,"turns":4}],"seed_played":"8323335621248361990","potions_obtained":[{"floor":4.0,"key":"SteroidPotion"},{"floor":11,"key":"SteroidPotion"},{"floor":22,"key":"Dexterity Potion"},{"floor":31,"key":"GamblersBrew"},{"floor":33,"key":"Strength Potion"},{"floor":41,"key":"Strength Potion"},{"floor":45,"key":"PowerPotion"}],"is_trial":false,"path_per_floor":["M","$","?","M","M","R","E","?","T","R","M","M","R","M","R","B",null,"M","M","?","$","M","R","?","M","T","M","R","M","R","E","R","B",null,"M","?","?","?","T","R","E","M","T","M","M","M","M","M","R"],"character_chosen":"IRONCLAD","items_purchased":["Flex","Sword Boomerang","Reaper","Inflame"],"campfire_rested":2,"item_purchase_floors":[2,2,21,21],"current_hp_per_floor":[55,55,55,55,61,61,47,36,36,36,42,48,48,54,54,13,70,76,76,76,76,66,66,66,62,62,74,74,80,80,65,89,23,73,48,45,45,45,45,71,43,53,53,38,43,51,68,86,86,20],"gold":65,"neow_bonus":"TWENTY_PERCENT_HP_BONUS","is_prod":false,"is_daily":false,"chose_seed":false,"campfire_upgraded":8,"win_rate":0,"timestamp":1536105273,"path_taken":["M","$","?","M","M","R","E","?","T","R","M","M","R","M","R","BOSS","M","M","?","$","M","R","?","M","T","?","R","?","R","E","R","BOSS","M","?","?","?","?","R","E","?","T","M","M","M","M","M","R","BOSS"],"build_version":"2018-09-03","purchased_purges":0,"victory":false,"max_hp_per_floor":[89,89,89,89,89,89,89,89,89,89,89,89,89,89,89,89,89,89,89,89,89,89,89,89,89,89,89,89,89,89,89,89,89,89,89,89,89,89,89,89,96,96,96,96,96,96,96,96,96,96],"card_choices":[{"not_picked":["Body Slam","Thunderclap"],"picked":"Perfected Strike","floor":1.0},{"not_picked":["Intimidate","Dual Wield"],"picked":"Flex","floor":4.0},{"not_picked":["Uppercut","Flame Barrier"],"picked":"Heavy Blade","floor":5.0},{"not_picked":["Sentinel","Shrug It Off"],"picked":"Pommel Strike","floor":7.0},{"not_picked":["Pommel Strike","Anger"],"picked":"Clash","floor":11},{"not_picked":["Iron Wave","Blood for Blood"],"picked":"Clash","floor":12},{"not_picked":["Sentinel+1","Iron Wave","Havoc+1"],"picked":"SKIP","floor":14},{"not_picked":["Berserk","Impervious+1"],"picked":"Demon Form","floor":16},{"not_picked":["Disarm+1","Headbutt","Feel No Pain"],"picked":"SKIP","floor":18},{"not_picked":["Twin Strike","Perfected Strike"],"picked":"Inflame","floor":19},{"not_picked":["Carnage","Iron Wave"],"picked":"Thunderclap+1","floor":22},{"not_picked":["Anger","Armaments+1","Clash"],"picked":"SKIP","floor":25},{"not_picked":["Thunderclap","Clash"],"picked":"Flex+1","floor":27},{"not_picked":["Anger","Infernal Blade+1"],"picked":"Whirlwind","floor":29},{"not_picked":["Wild Strike","Sever Soul+1","Exhume+1"],"picked":"SKIP","floor":31},{"not_picked":["Fiend Fire","Berserk+1"],"picked":"Demon Form+1","floor":33},{"not_picked":["Searing Blow","Thunderclap+1","Infernal Blade+1"],"picked":"SKIP","floor":35},{"not_picked":["Perfected Strike+1","Armaments+1"],"picked":"Heavy Blade+1","floor":41},{"not_picked":["Wild Strike","Dual Wield+1"],"picked":"Flex+1","floor":42},{"not_picked":["Headbutt","Rupture+1","True Grit+1"],"picked":"SKIP","floor":44},{"not_picked":["Cleave","Clothesline","Hemokinesis+1"],"picked":"SKIP","floor":45},{"not_picked":["Rampage+1","Offering+1"],"picked":"Inflame+1","floor":46},{"not_picked":["Havoc+1","Iron Wave","Sentinel+1"],"picked":"SKIP","floor":47},{"not_picked":["Cleave","Feel No Pain+1","Anger"],"picked":"SKIP","floor":48}],"player_experience":642710,"relics_obtained":[{"floor":7.0,"key":"FossilizedHelix"},{"floor":9.0,"key":"Toxic Egg 2"},{"floor":26,"key":"Frozen Egg 2"},{"floor":31,"key":"Paper Frog"},{"floor":36,"key":"Bird Faced Urn"},{"floor":39,"key":"Omamori"},{"floor":41,"key":"Strawberry"},{"floor":43,"key":"Dream Catcher"}],"event_choices":[{"event_name":"Living Wall","player_choice":"Grow","floor":3.0,"damage_taken":0.0},{"event_name":"World of Goop","player_choice":"Gather Gold","floor":8.0,"damage_taken":0.0},{"event_name":"Bonfire Elementals","player_choice":"BASIC","floor":20,"damage_taken":0},{"event_name":"Back to Basics","player_choice":"Simplicity","floor":24,"damage_taken":0},{"event_name":"MindBloom","player_choice":"Fight","floor":36,"damage_taken":0},{"event_name":"Accursed Blacksmith","player_choice":"Forge","floor":37,"damage_taken":0},{"event_name":"Purifier","player_choice":"One Purge","floor":38,"damage_taken":0}],"is_beta":true,"boss_relics":[{"not_picked":["Pandora\u0027s Box","Orrery"],"picked":"Ectoplasm"},{"not_picked":["Empty Cage","Runic Pyramid"],"picked":"Mark of Pain"}],"items_purged_floors":[],"is_endless":false,"potions_floor_spawned":[4,11,22,27,31,33,36,41,45,48],"killed_by":"Awakened One","ascension_level":15}