{"gold_per_floor":[115,125,125,125,137,137,57,91,91,125,125,125,160,170,170,269,269,284,298,45,58,74,74,106,106,160,160,191,191,216,229,229,332,332,349,349,366,366,99,99,99,111,138,138,157,58,71,96,96,96],"floor_reached":51,"playtime":1003,"items_purged":["Defend_R","Defend_R"],"score":753,"play_id":"c661d12f-1d5c-44bf-ae00-d0e3ddef15cd","local_time":"20181105135058","is_ascension_mode":false,"campfire_choices":[{"data":"Cleave","floor":6.0,"key":"SMITH"},{"data":"Demon Form","floor":11.0,"key":"SMITH"},{"data":"Inflame","floor":15.0,"key":"SMITH"},{"data":"Heavy Blade","floor":23.0,"key":"SMITH"},{"data":"Flex","floor":25.0,"key":"SMITH"},{"data":"Offering","floor":27.0,"key":"SMITH"},{"data":"Heavy Blade","floor":29.0,"key":"SMITH"},{"floor":32,"key":"REST"},{"data":"Bash","floor":40,"key":"SMITH"},{"data":"Battle Trance","floor":44,"key":"SMITH"},{"data":"Strike_R","floor":49,"key":"SMITH"}],"neow_cost":"NONE","seed_source_timestamp":184605692961422,"circlet_count":0,"master_deck":["Strike_R+1","Strike_R","Strike_R","Strike_R","Strike_R","Defend_R+1","Defend_R+1","Bash+1","Flex+1","Cleave+1","Inflame+1","Demon Form+1","Thunderclap","Battle Trance+1","Flex+1","Heavy Blade+1","Heavy Blade+1","Offering+1","Heavy Blade+1","Feed","Flex+1"],"special_seed":0,"relics":["Black Blood","Mercury Hourglass","PreservedInsect","Bag of Marbles","Bronze Scales","Bottled Tornado","Darkstone Periapt","Lantern","Red Mask","Bag of Preparation","Runic Dome","ClockworkSouvenir","Smiling Mask","Vajra"],"potions_floor_usage":[33,50],"damage_taken":[{"damage":6.0,"enemies":"Cultist","floor":1.0,"turns":3.0},{"damage":7.0,"enemies":"Small Slimes","floor":2.0,"turns":4.0},{"damage":0.0,"enemies":"2 Louse","floor":5.0,"turns":3.0},{"damage":28.0,"enemies":"Gremlin Nob","floor":8.0,"turns":5.0},{"damage":10.0,"enemies":"Lagavulin","floor":10.0,"turns":7.0},{"damage":9.0,"enemies":"3 Sentries","floor":13.0,"turns":3.0},{"damage":11.0,"enemies":"Exordium Wildlife","floor":14.0,"turns":2.0},{"damage":17.0,"enemies":"Slime Boss","floor":16.0,"turns":6.0},{"damage":20.0,"enemies":"2 Thieves","floor":18.0,"turns":2.0},{"damage":9.0,"enemies":"3 Byrds","floor":19.0,"turns":2.0},{"damage":12.0,"enemies":"Snecko","floor":21.0,"turns":4.0},{"damage":21.0,"enemies":"Snake Plant","floor":22.0,"turns":2.0},{"damage":37.0,"enemies":"Gremlin Leader","floor":24.0,"turns":5.0},{"damage":9.0,"enemies":"Masked Bandits","floor":28.0,"turns":3.0},{"damage":6,"enemies":"Book of Stabbing","floor":30,"turns":2},{"damage":12,"enemies":"3 Cultists","floor":31,"turns":3},{"damage":42,"enemies":"Champ","floor":33,"turns":5},{"damage":6,"enemies":"Orb Walker","floor":35,"turns":1},{"damage":6,"enemies":"3 Shapes","floor":37,"turns":1},{"damage":0,"enemies":"3 Darklings","floor":42,"turns":2},{"damage":6,"enemies":"Transient","floor":45,"turns":5},{"damage":0,"enemies":"Maw","floor":47,"turns":4},{"damage":65,"enemies":"Time Eater","floor":50,"turns":4}],"seed_played":"-8229819179012600350","potions_obtained":[{"floor":2.0,"key":"Fire Potion"},{"floor":5.0,"key":"Explosive Potion"},{"floor":13.0,"key":"BloodPotion"},{"floor":14.0,"key":"Poison Potion"},{"floor":21.0,"key":"SteroidPotion"},{"floor":24.0,"key":"Block Potion"},{"floor":28.0,"key":"SpeedPotion"},{"floor":30,"key":"Block Potion"},{"floor":37,"key":"Poison Potion"},{"floor":42,"key":"LiquidBronze"}],"is_trial":false,"path_per_floor":["M","M","?","?","M","R","$","E","T","E","R","?","E","M","R","B",null,"M","M","$","M","M","R","E","R","T","R","?","R","E","M","R","B",null,"M","?","M","?","$","R","?","M","T","R","M","$","M","T","R","B",null],"character_chosen":"IRONCLAD","items_purchased":["Inflame","Bottled Tornado","ClockworkSouvenir","Strength Potion"],"campfire_rested":1,"item_purchase_floors":[7,20,39,46],"current_hp_per_floor":[88,87,87,69,75,75,75,53,53,49,49,49,46,41,41,30,88,78,79,79,77,66,66,47,47,47,47,48,48,52,50,76,44,88,91,91,94,89,89,89,89,89,89,89,89,89,89,89,89,34],"gold":96,"neow_bonus":"TEN_PERCENT_HP_BONUS","is_prod":false,"is_daily":false,"chose_seed":false,"campfire_upgraded":10,"win_rate":0,"timestamp":1541422258,"path_taken":["M","M","?","?","M","R","$","E","T","E","R","?","E","M","R","BOSS","M","M","$","M","M","R","E","R","T","R","?","R","E","M","R","BOSS","M","?","?","?","$","R","?","M","T","R","M","$","?","?","R","BOSS"],"build_version":"2018-11-02","purchased_purges":2,"victory":true,"max_hp_per_floor":[88,88,88,88,88,88,88,88,88,88,88,88,88,88,88,88,88,88,88,88,88,88,88,88,88,88,88,88,88,88,88,88,88,88,91,91,94,89,89,89,89,89,89,89,89,89,89,89,89,89],"card_choices":[{"not_picked":["Anger","Battle Trance"],"picked":"Flex","floor":1.0},{"not_picked":["Infernal Blade","Shrug It Off"],"picked":"Cleave","floor":2.0},{"not_picked":["Whirlwind","Clothesline","Sentinel"],"picked":"SKIP","floor":5.0},{"not_picked":["Thunderclap","Ghostly Armor"],"picked":"Demon Form","floor":8.0},{"not_picked":["Ghostly Armor","Rampage"],"picked":"Thunderclap","floor":10.0},{"not_picked":["Shrug It Off","Twin Strike","Body Slam"],"picked":"SKIP","floor":13.0},{"not_picked":["Twin Strike","Wild Strike"],"picked":"Battle Trance","floor":14.0},{"not_picked":["Clash+1","Blood for Blood","Fire Breathing"],"picked":"SKIP","floor":18.0},{"not_picked":["Twin Strike","Clothesline"],"picked":"Flex","floor":19.0},{"not_picked":["Armaments","Dropkick"],"picked":"Heavy Blade","floor":21.0},{"not_picked":["Feel No Pain","Wild Strike"],"picked":"Heavy Blade+1","floor":22.0},{"not_picked":["Twin Strike","Dual Wield"],"picked":"Offering","floor":24.0},{"not_picked":["Pommel Strike","Rupture"],"picked":"Heavy Blade","floor":28.0},{"not_picked":["Bloodletting+1","Iron Wave","Ghostly Armor+1"],"picked":"SKIP","floor":30},{"not_picked":["Searing Blow","Cleave","Shrug It Off"],"picked":"SKIP","floor":31},{"not_picked":["Impervious","Bludgeon"],"picked":"Feed","floor":33},{"not_picked":["Infernal Blade+1","Thunderclap+1","Evolve+1"],"picked":"SKIP","floor":35},{"not_picked":["Body Slam","Cleave","Sentinel"],"picked":"SKIP","floor":37},{"not_picked":["Clash+1","Shockwave","Burning Pact"],"picked":"SKIP","floor":42},{"not_picked":["Infernal Blade+1","Searing Blow","Pommel Strike+1"],"picked":"SKIP","floor":45},{"not_picked":["Armaments+1","Thunderclap+1","Iron Wave+1"],"picked":"SKIP","floor":47}],"player_experience":742863,"relics_obtained":[{"floor":8.0,"key":"Mercury Hourglass"},{"floor":9.0,"key":"PreservedInsect"},{"floor":10.0,"key":"Bag of Marbles"},{"floor":13.0,"key":"Bronze Scales"},{"floor":24.0,"key":"Darkstone Periapt"},{"floor":26.0,"key":"Lantern"},{"floor":28.0,"key":"Red Mask"},{"floor":30,"key":"Bag of Preparation"},{"floor":43,"key":"Smiling Mask"},{"floor":48,"key":"Vajra"}],"event_choices":[{"damage_healed":0.0,"max_hp_gain":0.0,"max_hp_loss":0.0,"gold_gain":0.0,"event_name":"Living Wall","player_choice":"Grow","floor":3.0,"gold_loss":0.0,"damage_taken":0.0,"cards_upgraded":["Flex"]},{"damage_healed":0.0,"max_hp_gain":0.0,"max_hp_loss":0.0,"gold_gain":0.0,"event_name":"Shining Light","player_choice":"Entered Light","floor":4.0,"gold_loss":0.0,"damage_taken":18.0,"cards_upgraded":["Defend_R","Defend_R"]},{"damage_healed":0.0,"max_hp_gain":0.0,"max_hp_loss":0.0,"gold_gain":0.0,"event_name":"Liars Game","player_choice":"Ignored","floor":12.0,"gold_loss":0.0,"damage_taken":0.0},{"damage_healed":0.0,"max_hp_gain":0.0,"max_hp_loss":0.0,"gold_gain":0.0,"event_name":"Masked Bandits","player_choice":"Fought Bandits","floor":28.0,"gold_loss":0.0,"damage_taken":0.0},{"damage_healed":0,"gold_gain":0,"player_choice":"Copied","damage_taken":0,"max_hp_gain":0,"max_hp_loss":0,"event_name":"Duplicator","floor":36,"gold_loss":0,"cards_obtained":["Flex"]},{"damage_healed":0,"gold_gain":0,"player_choice":"Max HP","damage_taken":0,"max_hp_gain":0,"max_hp_loss":5,"event_name":"Winding Halls","floor":38,"gold_loss":0},{"damage_healed":0,"gold_gain":0,"player_choice":"Bought 0 Potions","damage_taken":0,"max_hp_gain":0,"max_hp_loss":0,"event_name":"The Woman in Blue","floor":41,"gold_loss":0}],"is_beta":true,"boss_relics":[{"not_picked":["Black Star","Runic Cube"],"picked":"Black Blood"},{"not_picked":["Snecko Eye","Velvet Choker"],"picked":"Runic Dome"}],"items_purged_floors":[39,46],"is_endless":false,"potions_floor_spawned":[2,5,13,14,21,24,28,30,37,42],"ascension_level":0}