{"gold_per_floor":[116,18,34,34,47,47,64,74,74,40,57,57,70,86,86,188,188,198,208,208,208,220,220,220],"floor_reached":24,"playtime":1245,"items_purged":[],"score":242,"play_id":"a93288ea-5641-477b-8303-9b639b7b63b3","local_time":"20190926202425","is_ascension_mode":false,"campfire_choices":[{"data":"Zap","floor":6,"key":"SMITH"},{"data":"Dualcast","floor":12,"key":"SMITH"},{"floor":15,"key":"REST"},{"data":"Echo Form","floor":23,"key":"SMITH"}],"neow_cost":"NONE","seed_source_timestamp":2962558408062,"circlet_count":0,"master_deck":["Strike_B","Strike_B","Strike_B","Strike_B","Defend_B","Defend_B","Defend_B","Defend_B","Zap+1","Dualcast+1","Beam Cell","Meteor Strike","Defragment","Go for the Eyes","Coolheaded","Capacitor","Coolheaded","Echo Form+1","Loop","Double Energy"],"relics":["Runic Pyramid","HornCleat","Cursed Key","Nloth\u0027s Gift"],"potions_floor_usage":[16],"damage_taken":[{"damage":1,"enemies":"Cultist","floor":1,"turns":3},{"damage":1,"enemies":"Jaw Worm","floor":3,"turns":5},{"damage":7,"enemies":"Small Slimes","floor":5,"turns":3},{"damage":9,"enemies":"2 Fungi Beasts","floor":7,"turns":4},{"damage":36,"enemies":"Exordium Thugs","floor":8,"turns":5},{"damage":4,"enemies":"Exordium Wildlife","floor":11,"turns":4},{"damage":1,"enemies":"2 Fungi Beasts","floor":13,"turns":3},{"damage":5,"enemies":"Looter","floor":14,"turns":3},{"damage":0,"enemies":"Slime Boss","floor":16,"turns":7},{"damage":16,"enemies":"Chosen","floor":18,"turns":7},{"damage":9,"enemies":"Spheric Guardian","floor":19,"turns":6},{"damage":0,"enemies":"Snake Plant","floor":22,"turns":7},{"damage":39,"enemies":"Gremlin Leader","floor":24,"turns":3}],"seed_played":"-6262968118905672423","potions_obtained":[{"floor":3,"key":"Strength Potion"},{"floor":7,"key":"SteroidPotion"},{"floor":11,"key":"FocusPotion"},{"floor":14,"key":"FocusPotion"},{"floor":16,"key":"SkillPotion"},{"floor":22,"key":"PotionOfCapacity"}],"is_trial":false,"path_per_floor":["M","?","M","?","M","R","M","M","T","$","M","R","M","M","R","B",null,"M","M","?","?","M","R","E"],"character_chosen":"DEFECT","items_purchased":["Capacitor"],"campfire_rested":1,"item_purchase_floors":[10],"current_hp_per_floor":[74,74,73,73,66,66,57,21,21,21,17,17,16,11,33,33,75,59,50,36,36,36,36,0],"gold":220,"neow_bonus":"BOSS_RELIC","is_prod":false,"is_daily":false,"chose_seed":false,"campfire_upgraded":3,"win_rate":0,"timestamp":1569497065,"path_taken":["M","?","?","?","?","R","M","M","T","?","M","R","M","M","R","BOSS","M","M","?","?","?","R","E"],"build_version":"2019-09-25","purchased_purges":0,"victory":false,"max_hp_per_floor":[75,75,75,75,75,75,75,75,75,75,75,75,75,75,75,75,75,75,75,80,80,80,80,80],"card_choices":[{"not_picked":["Conserve Battery","Barrage","Turbo"],"picked":"SKIP","floor":1},{"not_picked":["Stack","Barrage"],"picked":"Beam Cell","floor":3},{"not_picked":["Compile Driver","Glacier"],"picked":"Defragment","floor":5},{"not_picked":["Loop","Cold Snap"],"picked":"Go for the Eyes","floor":7},{"not_picked":["Barrage","Turbo"],"picked":"Coolheaded","floor":8},{"not_picked":["Reboot","Hologram"],"picked":"Coolheaded","floor":11},{"not_picked":["Fusion","Self Repair","Leap"],"picked":"SKIP","floor":13},{"not_picked":["Fusion","Self Repair","Leap"],"picked":"SKIP","floor":13},{"not_picked":["Beam Cell","Static Discharge","Darkness"],"picked":"SKIP","floor":14},{"not_picked":["Machine Learning","Biased Cognition"],"picked":"Echo Form","floor":16},{"not_picked":["Reprogram","Go for the Eyes"],"picked":"Loop","floor":18},{"not_picked":["Heatsinks","Coolheaded","Hologram"],"picked":"SKIP","floor":19},{"not_picked":["BootSequence+1","Stack"],"picked":"Double Energy","floor":22}],"player_experience":537055,"relics_obtained":[{"floor":9,"key":"HornCleat"}],"event_choices":[{"damage_healed":0,"gold_gain":0,"player_choice":"Paid Gold","damage_taken":0,"relics_obtained":["StoneCalendar"],"max_hp_gain":0,"max_hp_loss":0,"event_name":"WeMeetAgain","floor":2,"gold_loss":98},{"damage_healed":0,"gold_gain":0,"player_choice":"1 cards matched","damage_taken":0,"max_hp_gain":0,"max_hp_loss":0,"event_name":"Match and Keep!","floor":4,"gold_loss":0,"cards_obtained":["Meteor Strike"]},{"damage_healed":0,"gold_gain":0,"player_choice":"Shed Blood","damage_taken":19,"max_hp_gain":5,"max_hp_loss":0,"event_name":"Forgotten Altar","floor":20,"gold_loss":0},{"damage_healed":0,"gold_gain":0,"player_choice":"Traded Relic","damage_taken":0,"relics_obtained":["Nloth\u0027s Gift"],"max_hp_gain":0,"max_hp_loss":0,"event_name":"N\u0027loth","floor":21,"relics_lost":["StoneCalendar"],"gold_loss":0}],"is_beta":true,"boss_relics":[{"not_picked":["Ectoplasm","Nuclear Battery"],"picked":"Cursed Key"}],"items_purged_floors":[],"is_endless":false,"potions_floor_spawned":[3,7,11,14,16,18,22],"killed_by":"Gremlin Leader","ascension_level":0}