{"gold_per_floor":[110,110,110,35,46,79,99,99,99,126,71,71,71,84,84,162,162,162,162,162,162,162,162,162,77,77,77,77,77,21,21,21,21],"floor_reached":33,"playtime":889,"items_purged":["Defend_R"],"score":584,"play_id":"7efc4592-5e0e-4a47-ae24-28a97ac2dc3c","local_time":"20190504123620","is_ascension_mode":true,"campfire_choices":[{"data":"Flex","floor":8.0,"key":"SMITH"},{"data":"Reaper","floor":12.0,"key":"SMITH"},{"data":"Bash","floor":15.0,"key":"SMITH"},{"data":"Feed","floor":24.0,"key":"SMITH"},{"data":"Spot Weakness","floor":28.0,"key":"SMITH"},{"data":"Twin Strike","floor":32.0,"key":"SMITH"}],"neow_cost":"NONE","seed_source_timestamp":264143214761272,"circlet_count":0,"master_deck":["AscendersBane","Strike_R","Strike_R","Strike_R","Strike_R","Strike_R","Defend_R","Defend_R","Bash+1","Flex+1","Twin Strike+1","Reaper+1","Spot Weakness+1","Armaments+1","Impervious+1","Battle Trance+1","Feed+1"],"special_seed":0,"relics":["Burning Blood","NeowsBlessing","FossilizedHelix","Toxic Egg 2","Orichalcum","Regal Pillow","Ectoplasm","Bag of Marbles","Ancient Tea Set","Centennial Puzzle"],"potions_floor_usage":[33,33],"damage_taken":[{"damage":0.0,"enemies":"Cultist","floor":1.0,"turns":1.0},{"damage":0.0,"enemies":"Small Slimes","floor":5.0,"turns":1.0},{"damage":0.0,"enemies":"Lagavulin","floor":6.0,"turns":1.0},{"damage":8.0,"enemies":"2 Louse","floor":7.0,"turns":2.0},{"damage":1.0,"enemies":"Exordium Wildlife","floor":14.0,"turns":4.0},{"damage":8.0,"enemies":"Slime Boss","floor":16.0,"turns":9.0},{"damage":21.0,"enemies":"Spheric Guardian","floor":18.0,"turns":5.0},{"damage":4.0,"enemies":"3 Byrds","floor":20.0,"turns":3.0},{"damage":14.0,"enemies":"Centurion and Healer","floor":21.0,"turns":6.0},{"damage":5.0,"enemies":"3 Cultists","floor":22.0,"turns":5.0},{"damage":45.0,"enemies":"Slavers","floor":23.0,"turns":6.0},{"damage":16.0,"enemies":"Snake Plant","floor":27.0,"turns":3.0},{"damage":9.0,"enemies":"Snecko","floor":29.0,"turns":4.0},{"damage":12.0,"enemies":"Centurion and Healer","floor":31.0,"turns":4.0},{"damage":53,"enemies":"Collector","floor":33,"turns":8}],"seed_played":"1647242747057200900","potions_obtained":[{"floor":1.0,"key":"Ancient Potion"},{"floor":6.0,"key":"EssenceOfSteel"},{"floor":18.0,"key":"LiquidBronze"},{"floor":20.0,"key":"LiquidBronze"},{"floor":21.0,"key":"AttackPotion"},{"floor":27.0,"key":"SkillPotion"}],"is_trial":false,"path_per_floor":["M","$","?","$","M","E","M","R","T","T","$","R","?","M","R","B",null,"M","?","M","M","M","E","R","?","T","M","R","M","$","M","R","B"],"character_chosen":"IRONCLAD","items_purchased":["Armaments+1","Strength Potion"],"campfire_rested":0,"item_purchase_floors":[11,30],"current_hp_per_floor":[74,74,74,74,75,75,73,73,73,73,73,73,47,60,60,73,75,60,60,74,75,75,57,57,57,57,64,64,72,72,81,81,28],"gold":21,"neow_bonus":"THREE_ENEMY_KILL","is_prod":false,"is_daily":false,"chose_seed":false,"campfire_upgraded":6,"win_rate":0,"timestamp":1556966180,"path_taken":["M","?","?","$","M","E","?","R","T","?","$","R","?","M","R","BOSS","M","?","?","M","?","E","R","?","T","M","R","M","?","M","R","BOSS"],"build_version":"2019-01-23","purchased_purges":1,"victory":false,"max_hp_per_floor":[75,75,75,75,75,75,75,75,75,75,75,75,75,75,75,75,75,75,75,75,75,75,75,75,75,75,79,79,83,83,87,87,87],"card_choices":[{"not_picked":["Fire Breathing","Rampage"],"picked":"Flex","floor":1.0},{"not_picked":["Rage","Metallicize"],"picked":"Twin Strike","floor":5.0},{"not_picked":["Fire Breathing","Headbutt"],"picked":"Reaper","floor":6.0},{"not_picked":["Body Slam","Rampage"],"picked":"Spot Weakness","floor":7.0},{"not_picked":["Sword Boomerang","Iron Wave","Shrug It Off+1"],"picked":"SKIP","floor":14.0},{"not_picked":["Brutality","Fiend Fire"],"picked":"Impervious+1","floor":16.0},{"not_picked":["Thunderclap+1","Headbutt"],"picked":"Battle Trance+1","floor":18.0},{"not_picked":["Heavy Blade","Dual Wield+1","Warcry+1"],"picked":"SKIP","floor":20.0},{"not_picked":["Pommel Strike","Shockwave+1","Flame Barrier+1"],"picked":"SKIP","floor":21.0},{"not_picked":["Flame Barrier+1","True Grit+1","Havoc+1"],"picked":"SKIP","floor":22.0},{"not_picked":["Burning Pact+1","Headbutt"],"picked":"Feed","floor":23.0},{"not_picked":["Rage+1","Headbutt","Feel No Pain+1"],"picked":"SKIP","floor":27.0},{"not_picked":["True Grit+1","Sentinel+1","Metallicize+1"],"picked":"SKIP","floor":29.0},{"not_picked":["Anger","Battle Trance+1","Clash"],"picked":"SKIP","floor":31.0}],"player_experience":857271,"relics_obtained":[{"floor":6.0,"key":"FossilizedHelix"},{"floor":9.0,"key":"Toxic Egg 2"},{"floor":10.0,"key":"Orichalcum"},{"floor":23.0,"key":"Bag of Marbles"},{"floor":26.0,"key":"Centennial Puzzle"}],"event_choices":[{"cards_removed":["Defend_R"],"damage_healed":0.0,"max_hp_gain":0.0,"max_hp_loss":0.0,"gold_gain":0.0,"event_name":"Purifier","player_choice":"Purged","floor":3.0,"gold_loss":0.0,"damage_taken":0.0},{"damage_healed":0.0,"max_hp_gain":0.0,"max_hp_loss":0.0,"gold_gain":0.0,"event_name":"Scrap Ooze","player_choice":"Success","floor":13.0,"gold_loss":0.0,"damage_taken":26.0,"relics_obtained":["Regal Pillow"]},{"damage_healed":0.0,"max_hp_gain":0.0,"max_hp_loss":0.0,"gold_gain":0.0,"event_name":"Match and Keep!","player_choice":"0 cards matched","floor":19.0,"gold_loss":0.0,"damage_taken":0.0,"cards_obtained":[]},{"damage_healed":0.0,"max_hp_gain":0.0,"max_hp_loss":0.0,"gold_gain":0.0,"event_name":"Addict","player_choice":"Obtained Relic","floor":25.0,"gold_loss":85.0,"damage_taken":0.0,"relics_obtained":["Ancient Tea Set"]}],"is_beta":false,"boss_relics":[{"not_picked":["Tiny House","Calling Bell"],"picked":"Ectoplasm"}],"items_purged_floors":[4],"is_endless":false,"potions_floor_spawned":[1,6,14,18,20,21,27,31],"killed_by":"Collector","ascension_level":20}