{"gold_per_floor":[114,39,52,72,83,118,131,131,156,184,184,84,114,64,64,165,165,180,195,195,211,221,221,241,116,173,88,88,88,113,123,123,227,227,238,256,256,106,118,118,151,151,151,1,1,1,51,51,51,51,51,51,3,36,36],"floor_reached":56,"playtime":3456,"items_purged":["Defend_P","Strike_P","Strike_P","Defend_P"],"score":1203,"play_id":"ceca0ace-0544-4631-b822-49814a232e70","local_time":"20190926234834","is_ascension_mode":false,"campfire_choices":[{"data":"Eruption","floor":8.0,"key":"SMITH"},{"data":"JustLucky","floor":15.0,"key":"SMITH"},{"data":"MentalFortress","floor":23.0,"key":"SMITH"},{"data":"WaveOfTheHand","floor":29.0,"key":"SMITH"},{"data":"Adaptation","floor":32.0,"key":"SMITH"},{"data":"EmptyMind","floor":40.0,"key":"SMITH"},{"data":"FearNoEvil","floor":42.0,"key":"SMITH"},{"floor":45.0,"key":"RECALL"},{"floor":49.0,"key":"REST"},{"data":"FlyingSleeves","floor":52.0,"key":"SMITH"}],"neow_cost":"NONE","seed_source_timestamp":12314074270199,"circlet_count":0,"master_deck":["Strike_P+1","Defend_P+1","Eruption+1","Vigilance+1","Halt+1","FollowUp","FlyingSleeves+1","CutThroughFate","FollowUp","FearNoEvil+1","JustLucky+1","Judgement+1","CurseOfTheBell","MentalFortress+1","WaveOfTheHand+1","Adaptation+1","CutThroughFate","EmptyBody+1","FollowUp+1","EmptyMind+1","WheelKick+1","Weave+1","Wallop+1"],"special_seed":0,"relics":["PureWater","White Beast Statue","Blood Vial","Pen Nib","Odd Mushroom","Calling Bell","Happy Flower","Shuriken","Thread and Needle","Tiny Chest","Toy Ornithopter","Kunai","StoneCalendar","SlaversCollar","War Paint","Dodecahedron","Turnip","Art of War"],"potions_floor_usage":[55,55,55],"damage_taken":[{"damage":0.0,"enemies":"Cultist","floor":1.0,"turns":2.0},{"damage":0.0,"enemies":"Jaw Worm","floor":3.0,"turns":2.0},{"damage":0.0,"enemies":"2 Louse","floor":4.0,"turns":1.0},{"damage":18.0,"enemies":"2 Fungi Beasts","floor":5.0,"turns":2.0},{"damage":0.0,"enemies":"Gremlin Nob","floor":6.0,"turns":2.0},{"damage":0.0,"enemies":"Red Slaver","floor":7.0,"turns":2.0},{"damage":0.0,"enemies":"Lagavulin","floor":10.0,"turns":4.0},{"damage":0.0,"enemies":"The Mushroom Lair","floor":13.0,"turns":2.0},{"damage":18.0,"enemies":"The Guardian","floor":16.0,"turns":11.0},{"damage":0.0,"enemies":"2 Thieves","floor":18.0,"turns":2.0},{"damage":0.0,"enemies":"Spheric Guardian","floor":19.0,"turns":2.0},{"damage":0.0,"enemies":"Shelled Parasite and Fungi","floor":21.0,"turns":5.0},{"damage":0.0,"enemies":"Cultist and Chosen","floor":22.0,"turns":3.0},{"damage":0.0,"enemies":"Snecko","floor":24.0,"turns":2.0},{"damage":14.0,"enemies":"Gremlin Leader","floor":30.0,"turns":3.0},{"damage":8.0,"enemies":"Centurion and Healer","floor":31.0,"turns":4.0},{"damage":30.0,"enemies":"Automaton","floor":33.0,"turns":9.0},{"damage":17.0,"enemies":"3 Shapes","floor":35.0,"turns":3.0},{"damage":0.0,"enemies":"Orb Walker","floor":36.0,"turns":1.0},{"damage":19.0,"enemies":"Maw","floor":39.0,"turns":5.0},{"damage":11.0,"enemies":"Reptomancer","floor":41.0,"turns":6.0},{"damage":21.0,"enemies":"2 Orb Walkers","floor":47.0,"turns":4.0},{"damage":20.0,"enemies":"Time Eater","floor":50.0,"turns":8.0},{"damage":2.0,"enemies":"Shield and Spear","floor":54.0,"turns":5.0},{"damage":70,"enemies":"The Heart","floor":55,"turns":9}],"seed_played":"-2502244827405696185","potions_obtained":[{"floor":4.0,"key":"FearPotion"},{"floor":6.0,"key":"Explosive Potion"},{"floor":7.0,"key":"GamblersBrew"},{"floor":10.0,"key":"Block Potion"},{"floor":13.0,"key":"Explosive Potion"},{"floor":18.0,"key":"BottledMiracle"},{"floor":19.0,"key":"Explosive Potion"},{"floor":21.0,"key":"SpeedPotion"},{"floor":22.0,"key":"EntropicBrew"},{"floor":24.0,"key":"BottledMiracle"},{"floor":30.0,"key":"Regen Potion"},{"floor":31.0,"key":"Explosive Potion"},{"floor":33.0,"key":"DuplicationPotion"},{"floor":35.0,"key":"AttackPotion"},{"floor":36.0,"key":"EssenceOfSteel"},{"floor":39.0,"key":"EssenceOfSteel"},{"floor":41.0,"key":"LiquidBronze"},{"floor":47.0,"key":"LiquidBronze"},{"floor":54.0,"key":"EssenceOfSteel"}],"is_trial":false,"path_per_floor":["M","$","M","M","M","E","M","R","T","E","?","$","?","?","R","B",null,"M","M","?","M","M","R","M","$","T","?","T","R","E","M","R","B",null,"M","M","?","$","M","R","E","R","T","$","R","?","?","?","R","B",null,"R","$","E","B",null],"character_chosen":"WATCHER","items_purchased":["War Paint","BottledMiracle"],"campfire_rested":1,"item_purchase_floors":[38,53],"current_hp_per_floor":[65,65,65,65,47,47,47,47,47,49,36,36,38,38,38,22,65,65,65,65,65,65,65,65,65,65,65,65,65,51,50,50,32,65,48,60,75,75,56,56,52,52,52,52,52,52,50,50,71,51,71,71,71,69,1],"gold":36,"neow_bonus":"REMOVE_CARD","is_prod":false,"is_daily":false,"chose_seed":false,"campfire_upgraded":8,"win_rate":0,"timestamp":1569509314,"path_taken":["M","$","M","M","M","E","M","R","T","E","?","$","?","?","R","BOSS","M","M","?","?","M","R","M","$","T","?","?","R","E","?","R","BOSS","M","M","?","$","?","R","E","R","T","$","R","?","?","?","R","BOSS","R","$","E","BOSS"],"build_version":"2019-09-25","purchased_purges":4,"victory":true,"max_hp_per_floor":[65,65,65,65,65,65,65,65,65,65,65,65,65,65,65,65,65,65,65,65,65,65,65,65,65,65,65,65,65,65,65,65,65,65,65,65,75,75,75,75,75,75,75,75,75,71,71,71,71,71,71,71,71,71,71],"card_choices":[{"not_picked":["Prostrate","JustLucky"],"picked":"Halt","floor":1.0},{"not_picked":["InnerPeace","CutThroughFate"],"picked":"FollowUp","floor":3.0},{"not_picked":["Evaluate","Wireheading"],"picked":"FlyingSleeves","floor":4.0},{"not_picked":["Collect","SandsOfTime"],"picked":"CutThroughFate","floor":5.0},{"not_picked":["Sanctity","Halt"],"picked":"FollowUp","floor":6.0},{"not_picked":["SpiritShield","Establishment"],"picked":"FearNoEvil","floor":7.0},{"not_picked":["Worship","Consecrate","Crescendo"],"picked":"SKIP","floor":10.0},{"not_picked":["ForeignInfluence","WheelKick"],"picked":"JustLucky","floor":13.0},{"not_picked":["Blasphemy","Wish"],"picked":"Judgement","floor":16.0},{"not_picked":["EmptyFist","BowlingBash"],"picked":"MentalFortress","floor":18.0},{"not_picked":["Consecrate","Sanctity"],"picked":"WaveOfTheHand","floor":19.0},{"not_picked":["CarveReality","JustLucky","WreathOfFlame"],"picked":"SKIP","floor":21.0},{"not_picked":["Worship","SandsOfTime+1","Crescendo+1"],"picked":"SKIP","floor":22.0},{"not_picked":["FearNoEvil","FlyingSleeves"],"picked":"FlowState+1","floor":24.0},{"not_picked":["SashWhip","JustLucky"],"picked":"Adaptation","floor":30.0},{"not_picked":["CrushJoints","Prostrate"],"picked":"CutThroughFate","floor":31.0},{"not_picked":["Pray","Nirvana"],"picked":"DeusExMachina","floor":33.0},{"not_picked":["ClearTheMind+1","CrushJoints+1"],"picked":"EmptyBody+1","floor":35.0},{"not_picked":["Prostrate","Fasting+1"],"picked":"FollowUp+1","floor":36.0},{"not_picked":["FlowState+1","SashWhip"],"picked":"EmptyMind","floor":39.0},{"not_picked":["Prostrate","EmptyMind"],"picked":"WheelKick+1","floor":41.0},{"not_picked":["Collect","Crescendo+1"],"picked":"Weave+1","floor":47.0},{"not_picked":["SpiritShield","BowlingBash+1"],"picked":"Wallop+1","floor":54.0}],"player_experience":543939,"relics_obtained":[{"floor":6.0,"key":"White Beast Statue"},{"floor":9.0,"key":"Blood Vial"},{"floor":10.0,"key":"Pen Nib"},{"floor":13.0,"key":"Odd Mushroom"},{"floor":17.0,"key":"Happy Flower"},{"floor":17.0,"key":"Shuriken"},{"floor":17.0,"key":"Thread and Needle"},{"floor":26.0,"key":"Tiny Chest"},{"floor":28.0,"key":"Kunai"},{"floor":30.0,"key":"StoneCalendar"},{"floor":41.0,"key":"Dodecahedron"},{"floor":47.0,"key":"Turnip"},{"floor":54.0,"key":"Art of War"}],"event_choices":[{"damage_healed":0.0,"max_hp_gain":0.0,"max_hp_loss":0.0,"gold_gain":0.0,"event_name":"Shining Light","player_choice":"Entered Light","floor":11.0,"gold_loss":0.0,"damage_taken":13.0,"cards_upgraded":["Strike_P","Defend_P"]},{"damage_healed":0.0,"max_hp_gain":0.0,"max_hp_loss":0.0,"gold_gain":0.0,"event_name":"Mushrooms","player_choice":"Fought Mushrooms","floor":13.0,"gold_loss":0.0,"damage_taken":0.0},{"cards_removed":["Strike_P"],"damage_healed":0.0,"max_hp_gain":0.0,"max_hp_loss":0.0,"gold_gain":0.0,"event_name":"The Cleric","player_choice":"Card Removal","floor":14.0,"gold_loss":50.0,"damage_taken":0.0},{"damage_healed":0.0,"max_hp_gain":0.0,"max_hp_loss":0.0,"gold_gain":0.0,"event_name":"Upgrade Shrine","player_choice":"Upgraded","floor":20.0,"gold_loss":0.0,"damage_taken":0.0,"cards_upgraded":["Judgement"]},{"damage_healed":0.0,"max_hp_gain":0.0,"max_hp_loss":0.0,"gold_gain":0.0,"event_name":"Addict","player_choice":"Obtained Relic","floor":27.0,"gold_loss":85.0,"damage_taken":0.0,"relics_obtained":["Toy Ornithopter"]},{"cards_removed":["DeusExMachina"],"damage_healed":5.0,"max_hp_gain":10.0,"max_hp_loss":0.0,"gold_gain":0.0,"event_name":"Bonfire Elementals","player_choice":"Offered Rare","floor":37.0,"gold_loss":0.0,"damage_taken":0.0},{"damage_healed":0.0,"max_hp_gain":0.0,"max_hp_loss":4.0,"gold_gain":0.0,"event_name":"Winding Halls","player_choice":"Max HP","floor":46.0,"gold_loss":0.0,"damage_taken":0.0},{"damage_healed":0.0,"max_hp_gain":0.0,"max_hp_loss":0.0,"gold_gain":0.0,"event_name":"Mysterious Sphere","player_choice":"Fight","floor":47.0,"gold_loss":0.0,"damage_taken":0.0},{"cards_removed":["FlowState"],"damage_healed":0.0,"max_hp_gain":0.0,"max_hp_loss":0.0,"gold_gain":0.0,"event_name":"Falling","player_choice":"Removed Skill","floor":48.0,"gold_loss":0.0,"damage_taken":0.0}],"is_beta":true,"boss_relics":[{"not_picked":["Astrolabe","Tiny House"],"picked":"Calling Bell"},{"not_picked":["Fusion Hammer","Philosopher\u0027s Stone"],"picked":"SlaversCollar"}],"items_purged_floors":[2,12,25,44],"is_endless":false,"potions_floor_spawned":[4,6,7,10,13,16,18,19,21,22,24,30,31,33,35,36,39,41,47,54],"ascension_level":0}