{"gold_per_floor":[116,66,66,80,90,90,15,15,93,93,93,93,93,111,111,111],"floor_reached":16,"playtime":380,"items_purged":["Defend_G"],"score":132,"play_id":"c768ce2f-0677-4c88-8893-4c266f7594cc","local_time":"20191022154254","is_ascension_mode":true,"campfire_choices":[{"data":"Neutralize","floor":6.0,"key":"SMITH"},{"data":"Blur","floor":8.0,"key":"SMITH"},{"data":"Slice","floor":11.0,"key":"SMITH"},{"data":"Survivor","floor":13.0,"key":"SMITH"},{"data":"Defend_G","floor":15.0,"key":"SMITH"}],"neow_cost":"NONE","seed_source_timestamp":6208364710820,"circlet_count":0,"master_deck":["AscendersBane","Strike_G","Strike_G","Strike_G","Strike_G","Strike_G","Defend_G","Defend_G+1","Survivor+1","Neutralize+1","Slice+1","Blur+1"],"special_seed":0,"relics":["Busted Crown","GremlinMask","The Courier","Toxic Egg 2"],"potions_floor_usage":[16,16,16],"damage_taken":[{"damage":0.0,"enemies":"2 Louse","floor":1.0,"turns":4.0},{"damage":0.0,"enemies":"Small Slimes","floor":4.0,"turns":4.0},{"damage":1.0,"enemies":"Cultist","floor":5.0,"turns":4.0},{"damage":18.0,"enemies":"Lots of Slimes","floor":14.0,"turns":5.0},{"damage":41,"enemies":"Hexaghost","floor":16,"turns":10}],"seed_played":"-2648511670090987231","potions_obtained":[{"floor":5.0,"key":"EntropicBrew"},{"floor":14.0,"key":"Fire Potion"}],"is_trial":false,"path_per_floor":["M","?","?","M","M","R","$","R","T","?","R","?","R","M","R","B"],"character_chosen":"THE_SILENT","items_purchased":[],"campfire_rested":0,"item_purchase_floors":[],"current_hp_per_floor":[63,63,63,63,62,62,62,62,62,62,62,59,59,41,41,0],"gold":111,"neow_bonus":"BOSS_RELIC","is_prod":false,"is_daily":false,"chose_seed":false,"campfire_upgraded":5,"win_rate":0,"timestamp":1571726574,"path_taken":["M","?","?","?","?","R","$","R","T","?","R","?","R","M","R","BOSS"],"build_version":"2019-10-21","purchased_purges":1,"victory":false,"max_hp_per_floor":[70,70,70,70,70,70,70,70,70,70,70,70,70,70,70,70],"card_choices":[{"not_picked":["Prepared"],"picked":"SKIP","floor":1.0},{"not_picked":[],"picked":"Slice","floor":4.0},{"not_picked":[],"picked":"Blur","floor":5.0},{"not_picked":["Outmaneuver+1"],"picked":"SKIP","floor":14.0}],"player_experience":627417,"relics_obtained":[{"floor":9.0,"key":"The Courier"}],"event_choices":[{"cards_removed":["Defend_G"],"damage_healed":0.0,"max_hp_gain":0.0,"max_hp_loss":0.0,"gold_gain":0.0,"event_name":"The Cleric","player_choice":"Card Removal","floor":2.0,"gold_loss":50.0,"damage_taken":0.0},{"damage_healed":0.0,"max_hp_gain":0.0,"max_hp_loss":0.0,"gold_gain":0.0,"event_name":"FaceTrader","player_choice":"Trade","floor":3.0,"gold_loss":0.0,"damage_taken":0.0,"relics_obtained":["GremlinMask"]},{"cards_removed":["Defend_G"],"damage_healed":0.0,"max_hp_gain":0.0,"max_hp_loss":0.0,"gold_gain":0.0,"event_name":"Living Wall","player_choice":"Forget","floor":10.0,"gold_loss":0.0,"damage_taken":0.0},{"damage_healed":0.0,"max_hp_gain":0.0,"max_hp_loss":0.0,"gold_gain":0.0,"event_name":"Scrap Ooze","player_choice":"Success","floor":12.0,"gold_loss":0.0,"damage_taken":3.0,"relics_obtained":["Toxic Egg 2"]}],"is_beta":true,"boss_relics":[],"items_purged_floors":[7],"is_endless":false,"potions_floor_spawned":[5,14],"killed_by":"Hexaghost","ascension_level":10}