{"gold_per_floor":[110,122,122,5,21,54,67,67,67,30,61,61,77,100,100,220,220,236,161,184],"floor_reached":20,"playtime":514,"items_purged":["Strike_B"],"score":236,"play_id":"d68ee750-118c-4913-92ca-30c6f3d0972c","local_time":"20181108182115","is_ascension_mode":false,"campfire_choices":[{"floor":12,"key":"REST"},{"data":"Sunder","floor":15,"key":"SMITH"}],"neow_cost":"NONE","seed_source_timestamp":23176679304269,"circlet_count":0,"master_deck":["Defend_B","Defend_B","Defend_B","Defend_B","Zap","Dualcast","Leap","Streamline+1","Ball Lightning","White Noise","Conserve Battery","Conserve Battery","BootSequence","Core Surge","Storm","Sunder+1","Seek","Consume+1","Scrape+1","Aggregate+1","Fusion","Chaos"],"relics":["Sozu","Matryoshka","Golden Idol","Vajra","Mercury Hourglass","Dream Catcher","Astrolabe"],"potions_floor_usage":[],"damage_taken":[{"damage":0,"enemies":"Cultist","floor":1,"turns":4},{"damage":0,"enemies":"Small Slimes","floor":2,"turns":3},{"damage":1,"enemies":"Jaw Worm","floor":5,"turns":3},{"damage":13,"enemies":"3 Sentries","floor":6,"turns":7},{"damage":12,"enemies":"Exordium Thugs","floor":7,"turns":5},{"damage":9,"enemies":"Gremlin Nob","floor":11,"turns":3},{"damage":3,"enemies":"Looter","floor":13,"turns":3},{"damage":1,"enemies":"Exordium Wildlife","floor":14,"turns":3},{"damage":0,"enemies":"Slime Boss","floor":16,"turns":6},{"damage":0,"enemies":"Chosen","floor":18,"turns":4},{"damage":28,"enemies":"3 Byrds","floor":20,"turns":4}],"seed_played":"-3856309706747342817","potions_obtained":[],"is_trial":false,"path_per_floor":["M","M","?","$","M","E","M","?","T","$","E","R","M","M","R","B",null,"M","$","M"],"character_chosen":"DEFECT","items_purchased":["Ball Lightning","White Noise","BootSequence"],"campfire_rested":1,"item_purchase_floors":[4,4,10],"current_hp_per_floor":[75,75,75,75,74,61,49,31,31,31,22,44,41,40,40,40,75,75,75,47],"gold":184,"neow_bonus":"BOSS_RELIC","is_prod":false,"is_daily":false,"chose_seed":false,"campfire_upgraded":1,"win_rate":0,"timestamp":1541697675,"path_taken":["M","M","?","$","M","E","?","?","T","?","E","R","M","M","R","BOSS","M","$","M"],"build_version":"2018-11-07","purchased_purges":1,"victory":false,"max_hp_per_floor":[75,75,75,75,75,75,75,75,75,75,75,75,75,75,75,75,75,75,75,75],"card_choices":[{"not_picked":["Steam","Turbo"],"picked":"Leap","floor":1},{"not_picked":["Redo","Go for the Eyes"],"picked":"Streamline","floor":2},{"not_picked":["Steam","Redo"],"picked":"Conserve Battery","floor":5},{"not_picked":["Reinforced Body","Compile Driver"],"picked":"Conserve Battery","floor":6},{"not_picked":["Melter","Steam","Streamline"],"picked":"SKIP","floor":7},{"not_picked":["Force Field","Barrage"],"picked":"Core Surge","floor":11},{"not_picked":["Conserve Battery","Beam Cell"],"picked":"Storm","floor":12},{"not_picked":["Coolheaded","Reinforced Body","Redo"],"picked":"SKIP","floor":13},{"not_picked":["Hologram","Redo"],"picked":"Sunder","floor":14},{"not_picked":["All For One","Hyperbeam"],"picked":"Seek","floor":16},{"not_picked":["Sweeping Beam","Defragment"],"picked":"Fusion","floor":18},{"not_picked":["Rebound+1","Defragment"],"picked":"Chaos","floor":20}],"player_experience":756587,"relics_obtained":[{"floor":6,"key":"Matryoshka"},{"floor":9,"key":"Vajra"},{"floor":9,"key":"Mercury Hourglass"},{"floor":11,"key":"Dream Catcher"}],"event_choices":[{"damage_healed":0,"gold_gain":0,"player_choice":"Upgraded","damage_taken":0,"max_hp_gain":0,"max_hp_loss":0,"event_name":"Upgrade Shrine","floor":3,"gold_loss":0,"cards_upgraded":["Streamline"]},{"damage_healed":0,"gold_gain":0,"player_choice":"Take Damage","damage_taken":18,"relics_obtained":["Golden Idol"],"max_hp_gain":0,"max_hp_loss":0,"event_name":"Golden Idol","floor":8,"gold_loss":0}],"is_beta":true,"boss_relics":[{"not_picked":["Fusion Hammer","Snecko Eye"],"picked":"Astrolabe"}],"items_purged_floors":[19],"is_endless":false,"potions_floor_spawned":[6,11,14],"killed_by":"3 Byrds","ascension_level":0}