{"gold_per_floor":[111,127,127,144,159,159,187,206,230,263,283,184,199,218,218,218],"floor_reached":16,"playtime":458,"items_purged":["Strike_B"],"score":122,"play_id":"7e554989-6c2f-426c-a3a7-b4c886109827","local_time":"20181204224320","is_ascension_mode":true,"campfire_choices":[{"data":"Double Energy","floor":6,"key":"SMITH"},{"floor":15,"key":"REST"}],"neow_cost":"NONE","seed_source_timestamp":41671899292953,"circlet_count":0,"master_deck":["Strike_B","Strike_B","Strike_B","Defend_B","Defend_B","Defend_B","Defend_B","Zap","Dualcast","Tempest","Double Energy+1","Darkness","Seek","Reinforced Body","Turbo","Defragment","Amplify","Coolheaded","Meteor Strike","Defragment","Glacier"],"relics":["Philosopher\u0027s Stone","Question Card","Dream Catcher","Blood Vial"],"potions_floor_usage":[],"damage_taken":[{"damage":0,"enemies":"Small Slimes","floor":1,"turns":3},{"damage":0,"enemies":"Cultist","floor":2,"turns":2},{"damage":6,"enemies":"Jaw Worm","floor":4,"turns":2},{"damage":16,"enemies":"3 Louse","floor":5,"turns":2},{"damage":4,"enemies":"Lagavulin","floor":7,"turns":5},{"damage":2,"enemies":"Large Slime","floor":8,"turns":4},{"damage":25,"enemies":"3 Sentries","floor":10,"turns":5},{"damage":7,"enemies":"Blue Slaver","floor":11,"turns":3},{"damage":1,"enemies":"Exordium Wildlife","floor":13,"turns":3},{"damage":6,"enemies":"3 Louse","floor":14,"turns":3},{"damage":37,"enemies":"The Guardian","floor":16,"turns":7}],"seed_played":"1028300049946485714","potions_obtained":[{"floor":1,"key":"SpeedPotion"},{"floor":4,"key":"PowerPotion"},{"floor":7,"key":"Strength Potion"}],"is_trial":false,"path_per_floor":["M","M","?","M","M","R","E","M","T","E","M","$","M","M","R","B"],"character_chosen":"DEFECT","items_purchased":["Coolheaded"],"campfire_rested":1,"item_purchase_floors":[12],"current_hp_per_floor":[75,75,75,69,53,53,49,47,47,22,17,17,18,14,36,1],"gold":218,"neow_bonus":"BOSS_RELIC","is_prod":false,"is_daily":false,"chose_seed":false,"campfire_upgraded":1,"win_rate":0,"timestamp":1543959800,"path_taken":["M","M","?","M","?","R","E","M","T","E","M","$","M","M","R","BOSS"],"build_version":"2018-12-4","purchased_purges":1,"victory":false,"max_hp_per_floor":[75,75,75,75,75,75,75,75,75,75,75,75,75,75,75,75],"card_choices":[{"not_picked":["Beam Cell","Undo"],"picked":"Tempest","floor":1},{"not_picked":["Barrage","Rebound"],"picked":"Double Energy","floor":2},{"not_picked":["Sweeping Beam","Stack","Leap"],"picked":"SKIP","floor":4},{"not_picked":["Cold Snap","Conserve Battery"],"picked":"Reinforced Body","floor":5},{"not_picked":["Redo","FTL"],"picked":"Turbo","floor":7},{"not_picked":["Aggregate","Glacier","FTL"],"picked":"Defragment","floor":8},{"not_picked":["Force Field","Stack","Skim"],"picked":"Amplify","floor":10},{"not_picked":["Streamline","Compile Driver","Reprogram","Stack"],"picked":"SKIP","floor":11},{"not_picked":["Gash","Steam","Rebound"],"picked":"Meteor Strike","floor":13},{"not_picked":["Scrape","Ball Lightning","Coolheaded"],"picked":"Defragment","floor":14},{"not_picked":["Genetic Algorithm","Steam","Compile Driver"],"picked":"Glacier","floor":15}],"player_experience":793153,"relics_obtained":[{"floor":7,"key":"Question Card"},{"floor":9,"key":"Dream Catcher"},{"floor":10,"key":"Blood Vial"}],"event_choices":[{"damage_healed":0,"gold_gain":0,"player_choice":"2 cards matched","damage_taken":0,"max_hp_gain":0,"max_hp_loss":0,"event_name":"Match and Keep!","floor":3,"gold_loss":0,"cards_obtained":["Darkness","Seek"]}],"is_beta":true,"boss_relics":[],"items_purged_floors":[12],"is_endless":false,"potions_floor_spawned":[1,4,7,10],"killed_by":"The Guardian","ascension_level":1}