{"gold_per_floor":[367,387,27,45,45,45,72,86,162,162,174,189,189,200,200,274,274,284,57,35,52,69,96,96,107,176,176,176,176,189,206,206,283,283,295,295,215,239,255,255,255,87,112,112,166,195,214,231,231,231],"floor_reached":50,"playtime":1669,"items_purged":["Strike_G","Strike_G","Doubt"],"score":1067,"play_id":"70a1dca6-c159-4fc6-a1d5-4ad12f84e349","local_time":"20181209001743","is_ascension_mode":true,"campfire_choices":[{"data":"Deadly Poison","floor":6.0,"key":"SMITH"},{"floor":10.0,"key":"REST"},{"data":"Noxious Fumes","floor":15.0,"key":"SMITH"},{"floor":24.0,"key":"REST"},{"floor":27.0,"key":"REST"},{"floor":29.0,"key":"REST"},{"floor":32,"key":"REST"},{"floor":49,"key":"REST"}],"neow_cost":"PERCENT_DAMAGE","seed_source_timestamp":278440413061464,"circlet_count":0,"master_deck":["AscendersBane","Defend_G","Defend_G","Defend_G","Defend_G","Defend_G","Strike_G","Survivor","Neutralize","Deadly Poison+1","Noxious Fumes+1","Malaise","Venomology","Bouncing Flask","Footwork","Poisoned Stab","Noxious Fumes","Bouncing Flask","Deflect","After Image","Deadly Poison","Noxious Fumes","Dodge and Roll+1"],"special_seed":0,"relics":["Ring of the Snake","Singing Bowl","Thread and Needle","The Courier","Busted Crown","Potion Belt","Dream Catcher","Mercury Hourglass","White Beast Statue","PreservedInsect","Oddly Smooth Stone","Bronze Scales","Strawberry"],"potions_floor_usage":[30,31,33,33,46,46,48,48,50,50,50],"damage_taken":[{"damage":0.0,"enemies":"Jaw Worm","floor":1.0,"turns":5.0},{"damage":8.0,"enemies":"2 Louse","floor":2.0,"turns":5.0},{"damage":2.0,"enemies":"Small Slimes","floor":4.0,"turns":4.0},{"damage":24.0,"enemies":"Lagavulin","floor":7.0,"turns":7.0},{"damage":0.0,"enemies":"Red Slaver","floor":8.0,"turns":4.0},{"damage":13.0,"enemies":"Exordium Thugs","floor":11.0,"turns":7.0},{"damage":0.0,"enemies":"Blue Slaver","floor":12.0,"turns":5.0},{"damage":0.0,"enemies":"Looter","floor":14.0,"turns":4.0},{"damage":12.0,"enemies":"Hexaghost","floor":16.0,"turns":10.0},{"damage":2.0,"enemies":"Chosen","floor":18.0,"turns":8.0},{"damage":0.0,"enemies":"2 Thieves","floor":20.0,"turns":4.0},{"damage":36.0,"enemies":"Cultist and Chosen","floor":21.0,"turns":7.0},{"damage":0.0,"enemies":"Snecko","floor":22.0,"turns":7.0},{"damage":28.0,"enemies":"Book of Stabbing","floor":23.0,"turns":5.0},{"damage":21.0,"enemies":"Shelled Parasite and Fungi","floor":25.0,"turns":6.0},{"damage":8,"enemies":"Centurion and Healer","floor":30,"turns":7},{"damage":2,"enemies":"Sentry and Sphere","floor":31,"turns":5},{"damage":89,"enemies":"Champ","floor":33,"turns":12},{"damage":23,"enemies":"Orb Walker","floor":35,"turns":4},{"damage":40,"enemies":"3 Darklings","floor":39,"turns":5},{"damage":34,"enemies":"Giant Head","floor":46,"turns":8},{"damage":0,"enemies":"Sphere and 2 Shapes","floor":47,"turns":5},{"damage":16,"enemies":"Writhing Mass","floor":48,"turns":6},{"damage":91,"enemies":"Donu and Deca","floor":50,"turns":9}],"seed_played":"-4234667792827100361","potions_obtained":[{"floor":7.0,"key":"SkillPotion"},{"floor":8.0,"key":"Regen Potion"},{"floor":11.0,"key":"Dexterity Potion"},{"floor":18.0,"key":"SkillPotion"},{"floor":23.0,"key":"FearPotion"},{"floor":28.0,"key":"FairyPotion"},{"floor":28.0,"key":"SteroidPotion"},{"floor":35,"key":"Strength Potion"},{"floor":39,"key":"GhostInAJar"},{"floor":46,"key":"Strength Potion"},{"floor":48,"key":"Regen Potion"}],"is_trial":false,"path_per_floor":["M","M","$","M","?","R","E","M","T","R","M","M","?","M","R","B",null,"M","$","M","M","M","E","R","M","T","R","?","R","M","M","R","B",null,"M","?","$","T","M","?","?","$","T","?","T","E","M","M","R","B"],"character_chosen":"THE_SILENT","items_purchased":["Singing Bowl","Bouncing Flask","Footwork","Potion Belt","Noxious Fumes"],"campfire_rested":6,"item_purchase_floors":[3,19,19,19,42],"current_hp_per_floor":[44,36,36,36,36,36,12,14,14,35,39,41,41,43,43,31,65,65,65,65,31,33,7,34,15,15,41,41,67,61,59,88,9,71,50,50,50,50,10,12,96,96,96,91,91,66,66,52,84,5],"gold":231,"neow_bonus":"TWO_FIFTY_GOLD","is_prod":false,"is_daily":false,"chose_seed":false,"campfire_upgraded":2,"win_rate":0,"timestamp":1544311063,"path_taken":["M","M","$","M","?","R","E","M","T","R","M","M","?","M","R","BOSS","M","$","M","M","M","E","R","M","T","R","?","R","M","?","R","BOSS","M","?","$","?","M","?","?","$","T","?","?","E","?","M","R","BOSS"],"build_version":"2018-12-06","purchased_purges":3,"victory":false,"max_hp_per_floor":[66,66,66,68,68,68,68,70,70,70,72,74,74,76,76,76,76,78,78,78,80,82,84,86,88,88,88,88,88,90,90,92,92,92,94,94,94,94,94,96,96,96,96,91,91,100,100,102,104,104],"card_choices":[{"not_picked":["Slice","Catalyst"],"picked":"Deadly Poison","floor":1.0},{"not_picked":["Deflect","Terror"],"picked":"Noxious Fumes","floor":2.0},{"not_picked":["Bane","Deflect","Dagger Spray"],"picked":"Singing Bowl","floor":4.0},{"not_picked":["Bane","Distraction"],"picked":"Malaise","floor":7.0},{"not_picked":["Bane","Cloak And Dagger","Terror"],"picked":"Singing Bowl","floor":8.0},{"not_picked":["Slice","Acrobatics","Dagger Throw"],"picked":"Singing Bowl","floor":11.0},{"not_picked":["Slice","Prepared","Predator"],"picked":"Singing Bowl","floor":12.0},{"not_picked":["Setup","Prepared","Flying Knee"],"picked":"Singing Bowl","floor":14.0},{"not_picked":["Die Die Die","Glass Knife"],"picked":"Venomology","floor":16.0},{"not_picked":["Dagger Throw"],"picked":"Singing Bowl","floor":18.0},{"not_picked":[],"picked":"Poisoned Stab","floor":20.0},{"not_picked":["Distraction"],"picked":"Singing Bowl","floor":21.0},{"not_picked":["Cloak And Dagger"],"picked":"Singing Bowl","floor":22.0},{"not_picked":["Terror+1"],"picked":"Singing Bowl","floor":23.0},{"not_picked":["Sucker Punch"],"picked":"Singing Bowl","floor":24.0},{"not_picked":["Underhanded Strike"],"picked":"Singing Bowl","floor":25.0},{"not_picked":[],"picked":"Noxious Fumes","floor":27.0},{"not_picked":[],"picked":"Bouncing Flask","floor":29.0},{"not_picked":["All Out Attack"],"picked":"Singing Bowl","floor":30},{"not_picked":[],"picked":"Deflect","floor":31},{"not_picked":["Slice"],"picked":"Singing Bowl","floor":32},{"not_picked":[],"picked":"After Image","floor":33},{"not_picked":["Tactician"],"picked":"Singing Bowl","floor":35},{"not_picked":[],"picked":"Deadly Poison","floor":39},{"not_picked":["Purity"],"picked":"Singing Bowl","floor":40},{"not_picked":["Noxious Fumes"],"picked":"Singing Bowl","floor":46},{"not_picked":[],"picked":"Dodge and Roll+1","floor":47},{"not_picked":["Quick Slash"],"picked":"Singing Bowl","floor":48},{"not_picked":["Outmaneuver+1"],"picked":"Singing Bowl","floor":49}],"player_experience":801484,"relics_obtained":[{"floor":7.0,"key":"Thread and Needle"},{"floor":9.0,"key":"The Courier"},{"floor":23.0,"key":"Dream Catcher"},{"floor":26.0,"key":"Mercury Hourglass"},{"floor":38,"key":"PreservedInsect"},{"floor":43,"key":"Oddly Smooth Stone"},{"floor":45,"key":"Bronze Scales"},{"floor":46,"key":"Strawberry"}],"event_choices":[{"cards_removed":["Strike_G"],"damage_healed":0.0,"max_hp_gain":0.0,"max_hp_loss":0.0,"gold_gain":0.0,"event_name":"Living Wall","player_choice":"Forget","floor":5.0,"gold_loss":0.0,"damage_taken":0.0},{"damage_healed":0.0,"max_hp_gain":0.0,"max_hp_loss":0.0,"gold_gain":0.0,"event_name":"Shining Light","player_choice":"Ignored","floor":13.0,"gold_loss":0.0,"damage_taken":0.0},{"damage_healed":0.0,"max_hp_gain":0.0,"max_hp_loss":0.0,"gold_gain":0.0,"event_name":"Lab","player_choice":"Got Potions","floor":28.0,"gold_loss":0.0,"damage_taken":0.0},{"cards_removed":["Strike_G"],"damage_healed":0,"gold_gain":0,"player_choice":"Card Removal","damage_taken":0,"max_hp_gain":0,"max_hp_loss":0,"event_name":"Wheel of Change","floor":36,"gold_loss":0},{"damage_healed":0,"gold_gain":0,"player_choice":"Memory 1","damage_taken":0,"max_hp_gain":0,"max_hp_loss":0,"event_name":"SensoryStone","floor":40,"gold_loss":0},{"damage_healed":84,"gold_gain":0,"player_choice":"Heal","damage_taken":0,"max_hp_gain":0,"max_hp_loss":0,"event_name":"MindBloom","floor":41,"gold_loss":0,"cards_obtained":["Doubt"]},{"damage_healed":0,"gold_gain":0,"player_choice":"Max HP","damage_taken":0,"max_hp_gain":0,"max_hp_loss":5,"event_name":"Winding Halls","floor":44,"gold_loss":0}],"is_beta":true,"boss_relics":[{"not_picked":["Eternal Feather","Lizard Tail"],"picked":"Busted Crown"},{"not_picked":["Ring of the Serpent","Black Star"],"picked":"White Beast Statue"}],"items_purged_floors":[3,37,42],"is_endless":false,"potions_floor_spawned":[7,8,11,12,18,23,30,35,39,46,47,48],"killed_by":"Donu and Deca","ascension_level":20}