{"gold_per_floor":[111,111,123,123,51,51,79,79,79,79,99,116,116,134,134,235,235,252,351,47,47,47,47,62,62,62,80,98,188,13,30,30,30],"floor_reached":33,"playtime":884,"items_purged":["Strike_B","Strike_B"],"score":405,"play_id":"017a62b4-859b-49a7-8211-ac686d3bb424","local_time":"20191023214338","is_ascension_mode":true,"campfire_choices":[{"data":"Zap","floor":6.0,"key":"SMITH"},{"data":"Defragment","floor":8.0,"key":"SMITH"},{"data":"Dualcast","floor":10.0,"key":"SMITH"},{"data":"Redo","floor":15.0,"key":"SMITH"},{"data":"Coolheaded","floor":23.0,"key":"SMITH"},{"data":"Thunder Strike","floor":25.0,"key":"SMITH"},{"data":"Cold Snap","floor":32.0,"key":"SMITH"}],"neow_cost":"NONE","seed_source_timestamp":8904651708207,"circlet_count":0,"master_deck":["AscendersBane","Strike_B","Defend_B","Defend_B","Defend_B","Zap+1","Dualcast+1","Defragment+1","Thunder Strike+1","Defragment+1","Cold Snap+1","Coolheaded+1","Redo+1","Ball Lightning","Doom and Gloom+1","Ball Lightning","Cold Snap+1"],"special_seed":0,"relics":["Cracked Core","NeowsBlessing","PreservedInsect","Symbiotic Virus","Coffee Dripper","Membership Card","Mummified Hand","Singing Bowl","White Beast Statue"],"potions_floor_usage":[],"damage_taken":[{"damage":0.0,"enemies":"Small Slimes","floor":1.0,"turns":1.0},{"damage":0.0,"enemies":"Cultist","floor":3.0,"turns":1.0},{"damage":0.0,"enemies":"3 Sentries","floor":7.0,"turns":1.0},{"damage":7.0,"enemies":"Jaw Worm","floor":11.0,"turns":2.0},{"damage":14.0,"enemies":"Exordium Wildlife","floor":12.0,"turns":3.0},{"damage":14.0,"enemies":"Exordium Thugs","floor":14.0,"turns":4.0},{"damage":4.0,"enemies":"Hexaghost","floor":16.0,"turns":8.0},{"damage":1.0,"enemies":"Spheric Guardian","floor":18.0,"turns":4.0},{"damage":8.0,"enemies":"Shell Parasite","floor":24.0,"turns":4.0},{"damage":6.0,"enemies":"Snecko","floor":27.0,"turns":5.0},{"damage":13.0,"enemies":"Shelled Parasite and Fungi","floor":28.0,"turns":4.0},{"damage":11.0,"enemies":"Snake Plant","floor":31.0,"turns":3.0},{"damage":14,"enemies":"Collector","floor":33,"turns":2}],"seed_played":"2954443483054977048","potions_obtained":[{"floor":3.0,"key":"Swift Potion"},{"floor":16.0,"key":"Regen Potion"},{"floor":28.0,"key":"Fruit Juice"},{"floor":31.0,"key":"SkillPotion"}],"is_trial":false,"path_per_floor":["M","?","M","?","$","R","E","R","T","R","M","M","?","M","R","B",null,"M","?","$","?","?","R","M","R","T","M","M","?","$","M","R","B"],"character_chosen":"DEFECT","items_purchased":["Defragment","Membership Card","Mummified Hand","White Beast Statue"],"campfire_rested":0,"item_purchase_floors":[5,20,20,30],"current_hp_per_floor":[68,68,68,68,68,68,68,68,68,68,61,47,47,33,33,29,64,63,63,63,63,63,63,55,55,55,49,43,25,25,14,14,0],"gold":30,"neow_bonus":"THREE_ENEMY_KILL","is_prod":false,"is_daily":false,"chose_seed":false,"campfire_upgraded":7,"win_rate":0,"timestamp":1571834618,"path_taken":["M","?","?","?","$","R","E","R","T","R","M","?","?","M","R","BOSS","M","?","$","?","?","R","M","R","T","M","M","?","$","M","R","BOSS"],"build_version":"2019-10-22","purchased_purges":2,"victory":false,"max_hp_per_floor":[75,75,75,75,75,75,75,75,75,75,75,75,75,75,75,75,75,75,75,75,75,75,75,75,75,75,75,82,82,82,82,82,82],"card_choices":[{"not_picked":["Sweeping Beam","Leap"],"picked":"Defragment","floor":1.0},{"not_picked":["Stack","BootSequence","Compile Driver"],"picked":"SKIP","floor":3.0},{"not_picked":["Leap","Seek","Go for the Eyes"],"picked":"SKIP","floor":7.0},{"not_picked":["Loop","Doom and Gloom"],"picked":"Cold Snap","floor":11.0},{"not_picked":["Hologram","Hello World"],"picked":"Coolheaded","floor":12.0},{"not_picked":["Beam Cell","Cold Snap"],"picked":"Redo","floor":14.0},{"not_picked":["Stack","Lockon"],"picked":"Ball Lightning","floor":18.0},{"not_picked":["Hologram","Stack"],"picked":"Doom and Gloom+1","floor":24.0},{"not_picked":["Stack+1","Force Field"],"picked":"Ball Lightning","floor":27.0},{"not_picked":["Rebound","Redo","Steam+1"],"picked":"Singing Bowl","floor":28.0},{"not_picked":["Redo","Fusion+1"],"picked":"Cold Snap+1","floor":31.0}],"player_experience":634702,"relics_obtained":[{"floor":7.0,"key":"PreservedInsect"},{"floor":9.0,"key":"Symbiotic Virus"},{"floor":26.0,"key":"Singing Bowl"}],"event_choices":[{"damage_healed":0.0,"max_hp_gain":0.0,"max_hp_loss":0.0,"gold_gain":0.0,"event_name":"Match and Keep!","player_choice":"1 cards matched","floor":2.0,"gold_loss":0.0,"damage_taken":0.0,"cards_obtained":["Thunder Strike"]},{"damage_healed":0.0,"max_hp_gain":0.0,"max_hp_loss":0.0,"gold_gain":0.0,"event_name":"Upgrade Shrine","player_choice":"Upgraded","floor":4.0,"gold_loss":0.0,"damage_taken":0.0,"cards_upgraded":["Defragment"]},{"cards_removed":["Strike_B"],"damage_healed":0.0,"max_hp_gain":0.0,"max_hp_loss":0.0,"gold_gain":0.0,"event_name":"Living Wall","player_choice":"Forget","floor":13.0,"gold_loss":0.0,"damage_taken":0.0},{"damage_healed":0.0,"max_hp_gain":0.0,"max_hp_loss":0.0,"gold_gain":99.0,"event_name":"Nest","player_choice":"Stole From Cult","floor":19.0,"gold_loss":0.0,"damage_taken":0.0},{"cards_removed":["Defend_B"],"damage_healed":0.0,"max_hp_gain":0.0,"max_hp_loss":0.0,"gold_gain":0.0,"event_name":"Back to Basics","player_choice":"Elegance","floor":21.0,"gold_loss":0.0,"damage_taken":0.0},{"damage_healed":0.0,"max_hp_gain":0.0,"max_hp_loss":0.0,"gold_gain":0.0,"event_name":"Vampires","player_choice":"Ignored","floor":22.0,"gold_loss":0.0,"damage_taken":0.0},{"damage_healed":0.0,"max_hp_gain":0.0,"max_hp_loss":0.0,"gold_gain":90.0,"event_name":"Knowing Skull","player_choice":"POTION GOLD ","floor":29.0,"potions_obtained":["SpeedPotion"],"gold_loss":0.0,"damage_taken":18.0,"cards_obtained":[]},{"damage_healed":0.0,"max_hp_gain":0.0,"max_hp_loss":0.0,"gold_gain":90.0,"event_name":"Knowing Skull","player_choice":"POTION GOLD ","floor":29.0,"potions_obtained":["SpeedPotion"],"gold_loss":0.0,"damage_taken":18.0,"cards_obtained":[]}],"is_beta":true,"boss_relics":[{"not_picked":["Sozu","Snecko Eye"],"picked":"Coffee Dripper"}],"items_purged_floors":[20,30],"is_endless":false,"potions_floor_spawned":[3,16,28,31],"killed_by":"Collector","ascension_level":10}