{"gold_per_floor":[113,113,127,202,202,202,237,247,247,247,305,331,345,362,362,467,467,487,507,507,526,475,475,475,507,507,507,518,534,534,633,633,734,734,746,126,126,126,138,171,171,525,525,525,525,543,543,556,556,556],"floor_reached":51,"playtime":2253,"items_purged":["Defend_R"],"score":893,"play_id":"86939882-b319-47ae-9d85-2724a898c24c","local_time":"20181025142528","is_ascension_mode":false,"campfire_choices":[{"data":"1","floor":6.0,"key":"LIFT"},{"data":"2","floor":10.0,"key":"LIFT"},{"floor":15,"key":"REST"},{"data":"3","floor":23,"key":"LIFT"},{"data":"Perfected Strike","floor":27,"key":"SMITH"},{"data":"Bash","floor":32,"key":"SMITH"},{"floor":41,"key":"REST"},{"floor":49,"key":"REST"}],"neow_cost":"TEN_PERCENT_HP_LOSS","seed_source_timestamp":8570544401810,"circlet_count":0,"master_deck":["Strike_R","Strike_R","Strike_R","Strike_R","Strike_R","Defend_R","Defend_R","Bash+1","Perfected Strike+1","Regret","Sword Boomerang+1","Fiend Fire+1","True Grit+1","Heavy Blade+1","Shame","Pommel Strike+1","Decay","Clumsy","Doubt","Sword Boomerang+1","Writhe","Spot Weakness+1","Iron Wave+1","Mind Blast+1","Perfected Strike+1"],"special_seed":0,"relics":["Burning Blood","Du-Vu Doll","Girya","Ancient Tea Set","Molten Egg 2","Lantern","Oddly Smooth Stone","Velvet Choker","Singing Bowl","Darkstone Periapt","Kunai","Calling Bell","Regal Pillow","Blue Candle","Bird Faced Urn","Juzu Bracelet","Strawberry","Lee\u0027s Waffle","FaceOfCleric","Letter Opener","Old Coin","Charon\u0027s Ashes","WingedGreaves"],"potions_floor_usage":[11,13,13,33,33,42,50,50,50],"damage_taken":[{"damage":6.0,"enemies":"Jaw Worm","floor":1.0,"turns":4.0},{"damage":0.0,"enemies":"2 Louse","floor":3.0,"turns":3.0},{"damage":45.0,"enemies":"3 Sentries","floor":7.0,"turns":7.0},{"damage":3.0,"enemies":"Cultist","floor":8.0,"turns":2.0},{"damage":18,"enemies":"Lagavulin Event","floor":11,"turns":3},{"damage":12,"enemies":"Exordium Thugs","floor":13,"turns":3},{"damage":9,"enemies":"Blue Slaver","floor":14,"turns":2},{"damage":29,"enemies":"Hexaghost","floor":16,"turns":8},{"damage":6,"enemies":"Chosen","floor":18,"turns":3},{"damage":4,"enemies":"3 Byrds","floor":19,"turns":4},{"damage":10,"enemies":"Snake Plant","floor":21,"turns":2},{"damage":6,"enemies":"Book of Stabbing","floor":25,"turns":2},{"damage":0,"enemies":"Snecko","floor":28,"turns":2},{"damage":2,"enemies":"Chosen and Byrds","floor":29,"turns":3},{"damage":81,"enemies":"Automaton","floor":33,"turns":8},{"damage":6,"enemies":"Orb Walker","floor":35,"turns":2},{"damage":26,"enemies":"3 Darklings","floor":39,"turns":4},{"damage":78,"enemies":"Nemesis","floor":40,"turns":5},{"damage":43,"enemies":"2 Orb Walkers","floor":42,"turns":4},{"damage":1,"enemies":"Mind Bloom Boss Battle","floor":45,"turns":3},{"damage":1,"enemies":"Sphere and 2 Shapes","floor":46,"turns":2},{"damage":6,"enemies":"4 Shapes","floor":48,"turns":3},{"damage":53,"enemies":"Donu and Deca","floor":50,"turns":5}],"seed_played":"-8812600318923462996","potions_obtained":[{"floor":7.0,"key":"SkillPotion"},{"floor":8.0,"key":"Regen Potion"},{"floor":11,"key":"Swift Potion"},{"floor":16,"key":"BloodPotion"},{"floor":18,"key":"Regen Potion"},{"floor":19,"key":"BloodPotion"},{"floor":33,"key":"Fire Potion"},{"floor":35,"key":"BloodPotion"},{"floor":39,"key":"Energy Potion"},{"floor":48,"key":"Swift Potion"}],"is_trial":false,"path_per_floor":["M","?","M","?","?","R","E","M","T","R","?","T","M","M","R","B",null,"M","M","?","M","$","R","?","E","T","R","M","M","?","?","R","B",null,"M","$","?","?","M","E","R","?","T","?","?","M","?","M","R","B"],"character_chosen":"IRONCLAD","items_purchased":["Heavy Blade+1","Sword Boomerang+1","Juzu Bracelet","Strawberry","Lee\u0027s Waffle"],"campfire_rested":3,"item_purchase_floors":[22,36,36,36,36],"current_hp_per_floor":[72,65,71,60,60,60,21,24,24,24,12,12,15,12,33,10,72,72,72,72,68,68,68,68,68,68,68,74,76,76,76,76,17,96,98,112,118,118,101,32,84,50,50,50,56,62,62,63,117,84],"gold":556,"neow_bonus":"ONE_RARE_RELIC","is_prod":false,"is_daily":false,"chose_seed":false,"campfire_upgraded":2,"win_rate":0,"timestamp":1540448728,"path_taken":["M","?","M","?","?","R","E","?","T","R","?","?","M","M","R","BOSS","M","M","?","M","?","R","?","E","T","R","?","M","?","?","R","BOSS","M","$","?","?","M","E","R","?","T","?","?","M","?","M","R","BOSS"],"build_version":"2018-10-18","purchased_purges":1,"victory":true,"max_hp_per_floor":[72,72,72,72,72,72,72,72,72,72,72,72,72,72,72,72,72,72,72,72,72,72,72,72,72,72,72,74,76,76,76,76,78,96,98,112,118,118,121,124,124,127,127,127,128,129,129,130,130,131],"card_choices":[{"not_picked":["Armaments","Intimidate","Feel No Pain"],"picked":"SKIP","floor":1.0},{"not_picked":["Flame Barrier","Warcry"],"picked":"Perfected Strike","floor":3.0},{"not_picked":["Entrench","Clothesline"],"picked":"Sword Boomerang","floor":7.0},{"not_picked":["Hemokinesis","Flex","Carnage"],"picked":"SKIP","floor":8.0},{"not_picked":["Flex","Body Slam+1","Clothesline+1"],"picked":"SKIP","floor":13},{"not_picked":["Sentinel","Inflame","Headbutt+1"],"picked":"SKIP","floor":14},{"not_picked":["Limit Break","Berserk"],"picked":"Fiend Fire+1","floor":16},{"not_picked":["Headbutt+1","Shrug It Off","Iron Wave+1"],"picked":"SKIP","floor":18},{"not_picked":["Clothesline+1","Fire Breathing","Warcry"],"picked":"SKIP","floor":19},{"not_picked":["Carnage+1","Metallicize+1"],"picked":"True Grit+1","floor":21},{"not_picked":["Disarm","Warcry"],"picked":"Pommel Strike+1","floor":25},{"not_picked":["Clothesline+1","Havoc","Offering"],"picked":"Singing Bowl","floor":28},{"not_picked":["Burning Pact+1","True Grit","Dropkick+1"],"picked":"Singing Bowl","floor":29},{"not_picked":["Juggernaut","Dark Embrace","Demon Form"],"picked":"Singing Bowl","floor":33},{"not_picked":["Thunderclap+1","Flex+1","Shrug It Off+1"],"picked":"Singing Bowl","floor":35},{"not_picked":["Body Slam+1","Hemokinesis+1","Warcry"],"picked":"Singing Bowl","floor":39},{"not_picked":["Brutality","Rage","Second Wind"],"picked":"Singing Bowl","floor":40},{"not_picked":["Rage","Warcry","Power Through+1"],"picked":"Singing Bowl","floor":42},{"not_picked":["Cleave+1","Iron Wave+1"],"picked":"Spot Weakness+1","floor":45},{"not_picked":["Sentinel","Inflame"],"picked":"Iron Wave+1","floor":46},{"not_picked":["Sadistic Nature","Panache"],"picked":"Mind Blast+1","floor":47},{"not_picked":["Anger+1","Intimidate+1"],"picked":"Perfected Strike+1","floor":48}],"player_experience":345258,"relics_obtained":[{"floor":7.0,"key":"Ancient Tea Set"},{"floor":9.0,"key":"Molten Egg 2"},{"floor":11,"key":"Lantern"},{"floor":12,"key":"Oddly Smooth Stone"},{"floor":25,"key":"Darkstone Periapt"},{"floor":26,"key":"Kunai"},{"floor":34,"key":"Regal Pillow"},{"floor":34,"key":"Blue Candle"},{"floor":34,"key":"Bird Faced Urn"},{"floor":40,"key":"Letter Opener"},{"floor":42,"key":"Old Coin"},{"floor":43,"key":"Charon\u0027s Ashes"},{"floor":45,"key":"WingedGreaves"}],"event_choices":[{"cards_removed":["Defend_R"],"damage_healed":0.0,"max_hp_gain":0.0,"max_hp_loss":0.0,"gold_gain":0.0,"event_name":"Golden Wing","player_choice":"Card Removal","floor":2.0,"gold_loss":0.0,"damage_taken":7.0},{"damage_healed":0.0,"max_hp_gain":0.0,"max_hp_loss":0.0,"gold_gain":75.0,"event_name":"World of Goop","player_choice":"Gather Gold","floor":4.0,"gold_loss":0.0,"damage_taken":11.0},{"damage_healed":0.0,"max_hp_gain":0.0,"max_hp_loss":0.0,"gold_gain":0.0,"event_name":"Big Fish","player_choice":"Box","floor":5.0,"gold_loss":0.0,"damage_taken":0.0,"relics_obtained":["Girya"],"cards_obtained":["Regret"]},{"damage_healed":0,"gold_gain":0,"player_choice":"Searched \u00271\u0027 times","damage_taken":0,"max_hp_gain":0,"max_hp_loss":0,"event_name":"Dead Adventurer","floor":11,"gold_loss":0},{"damage_healed":0,"gold_gain":0,"player_choice":"Upgraded","damage_taken":0,"max_hp_gain":0,"max_hp_loss":0,"event_name":"Upgrade Shrine","floor":20,"gold_loss":0,"cards_upgraded":["Sword Boomerang"]},{"damage_healed":0,"gold_gain":0,"player_choice":"Stole Relic","damage_taken":0,"relics_obtained":["Singing Bowl"],"max_hp_gain":0,"max_hp_loss":0,"event_name":"Addict","floor":24,"gold_loss":0,"cards_obtained":["Shame"]},{"damage_healed":0,"gold_gain":0,"player_choice":"Ignored","damage_taken":0,"max_hp_gain":0,"max_hp_loss":0,"event_name":"Ghosts","floor":30,"gold_loss":0},{"damage_healed":0,"gold_gain":99,"player_choice":"Stole From Cult","damage_taken":0,"max_hp_gain":0,"max_hp_loss":0,"event_name":"Nest","floor":31,"gold_loss":0},{"damage_healed":28,"gold_gain":0,"player_choice":"Writhe","damage_taken":0,"max_hp_gain":0,"max_hp_loss":0,"event_name":"Winding Halls","floor":37,"gold_loss":0,"cards_obtained":["Writhe"]},{"damage_healed":0,"gold_gain":0,"player_choice":"Trade","damage_taken":0,"relics_obtained":["FaceOfCleric"],"max_hp_gain":0,"max_hp_loss":0,"event_name":"FaceTrader","floor":38,"gold_loss":0},{"damage_healed":0,"gold_gain":0,"player_choice":"Fight","damage_taken":0,"max_hp_gain":0,"max_hp_loss":0,"event_name":"Mysterious Sphere","floor":42,"gold_loss":0},{"damage_healed":0,"gold_gain":0,"player_choice":"Ignored","damage_taken":0,"max_hp_gain":0,"max_hp_loss":0,"event_name":"The Moai Head","floor":44,"gold_loss":0},{"damage_healed":0,"gold_gain":0,"player_choice":"Fight","damage_taken":0,"max_hp_gain":0,"max_hp_loss":0,"event_name":"MindBloom","floor":45,"gold_loss":0},{"damage_healed":0,"gold_gain":0,"player_choice":"Memory 1","damage_taken":0,"max_hp_gain":0,"max_hp_loss":0,"event_name":"SensoryStone","floor":47,"gold_loss":0}],"is_beta":false,"boss_relics":[{"not_picked":["Busted Crown","Tiny House"],"picked":"Velvet Choker"},{"not_picked":["White Beast Statue","Fusion Hammer"],"picked":"Calling Bell"}],"items_purged_floors":[36],"is_endless":false,"potions_floor_spawned":[7,8,11,16,18,19,33,35,39,40,48],"ascension_level":0}