{"gold_per_floor":[112,112,128,146,146,179,279,294,294,294,322,322,353,353,353,451,451,451,58,58,58,58,58,58,58,58,58,58,58],"floor_reached":29,"playtime":762,"items_purged":["Defend_R"],"score":288,"play_id":"9515f605-c7f1-41b8-a4e0-6538b53d268e","local_time":"20191020183418","is_ascension_mode":false,"campfire_choices":[{"data":"Rampage","floor":10.0,"key":"SMITH"},{"data":"Spot Weakness","floor":12.0,"key":"SMITH"},{"floor":15.0,"key":"REST"},{"data":"Limit Break","floor":23,"key":"SMITH"}],"neow_cost":"NONE","seed_source_timestamp":285798133655380,"circlet_count":0,"master_deck":["Strike_R","Strike_R+1","Strike_R+1","Strike_R","Strike_R","Defend_R+1","Defend_R+1","Bash+1","Spot Weakness+1","Rampage+1","Dropkick","Pommel Strike+1","Limit Break","Limit Break+1","Flex","Inflame","Heavy Blade"],"special_seed":0,"relics":["Burning Blood","War Paint","White Beast Statue","Ginger","Pantograph","Ectoplasm","Whetstone","DollysMirror","Blue Candle","Bag of Preparation"],"potions_floor_usage":[20,21,29,29],"damage_taken":[{"damage":12.0,"enemies":"Small Slimes","floor":1.0,"turns":4.0},{"damage":6.0,"enemies":"Cultist","floor":3.0,"turns":4.0},{"damage":8.0,"enemies":"Jaw Worm","floor":4.0,"turns":3.0},{"damage":16.0,"enemies":"Gremlin Nob","floor":6.0,"turns":3.0},{"damage":8.0,"enemies":"Blue Slaver","floor":8.0,"turns":3.0},{"damage":33.0,"enemies":"3 Sentries","floor":11.0,"turns":7.0},{"damage":28.0,"enemies":"Gremlin Nob","floor":13.0,"turns":4.0},{"damage":32.0,"enemies":"The Guardian","floor":16.0,"turns":7.0},{"damage":14.0,"enemies":"Shell Parasite","floor":18.0,"turns":3.0},{"damage":21,"enemies":"3 Byrds","floor":20,"turns":5},{"damage":26,"enemies":"Snake Plant","floor":21,"turns":3},{"damage":7,"enemies":"Snecko","floor":24,"turns":3},{"damage":45,"enemies":"Slavers","floor":27,"turns":4},{"damage":13,"enemies":"3 Cultists","floor":28,"turns":4},{"damage":16,"enemies":"Shelled Parasite and Fungi","floor":29,"turns":2}],"seed_played":"8506693823450164004","potions_obtained":[{"floor":1.0,"key":"BloodPotion"},{"floor":4.0,"key":"LiquidMemories"},{"floor":11.0,"key":"Dexterity Potion"},{"floor":13.0,"key":"BloodPotion"},{"floor":16.0,"key":"Ancient Potion"},{"floor":18.0,"key":"SmokeBomb"},{"floor":20,"key":"FearPotion"},{"floor":21,"key":"Fruit Juice"},{"floor":24,"key":"SteroidPotion"}],"is_trial":false,"path_per_floor":["M","?","M","M","?","E","?","M","T","R","E","R","E","?","R","B",null,"M","$","M","M","$","R","M","?","T","E","M","M"],"character_chosen":"IRONCLAD","items_purchased":["Whetstone","DollysMirror","Flex"],"campfire_rested":1,"item_purchase_floors":[19,19,19],"current_hp_per_floor":[74,80,80,78,78,68,68,66,66,66,39,39,33,33,57,54,80,72,72,73,58,58,58,57,57,57,18,11,0],"gold":58,"neow_bonus":"UPGRADE_CARD","is_prod":false,"is_daily":false,"chose_seed":false,"campfire_upgraded":3,"win_rate":0,"timestamp":1571589258,"path_taken":["M","?","?","M","?","E","?","?","T","R","E","R","E","?","R","BOSS","M","$","M","?","$","R","M","?","T","E","M","?"],"build_version":"2019-10-18","purchased_purges":1,"victory":false,"max_hp_per_floor":[80,80,80,80,80,80,80,80,80,80,80,80,80,80,80,80,80,80,80,80,85,85,85,85,85,85,85,85,85],"card_choices":[{"not_picked":["Uppercut","Iron Wave","Armaments"],"picked":"SKIP","floor":1.0},{"not_picked":["Clothesline","Headbutt"],"picked":"Spot Weakness","floor":3.0},{"not_picked":["Pummel","Body Slam","Sword Boomerang"],"picked":"SKIP","floor":4.0},{"not_picked":["Shrug It Off","True Grit"],"picked":"Rampage","floor":6.0},{"not_picked":["Rupture","Flame Barrier","Headbutt"],"picked":"SKIP","floor":8.0},{"not_picked":["Body Slam","Evolve"],"picked":"Dropkick","floor":11.0},{"not_picked":["Headbutt","Fire Breathing"],"picked":"Pommel Strike","floor":13.0},{"not_picked":["Reaper","Immolate"],"picked":"Limit Break","floor":16.0},{"not_picked":["Sever Soul","Clash","Warcry"],"picked":"SKIP","floor":18.0},{"not_picked":["Sword Boomerang","Warcry"],"picked":"Inflame","floor":20},{"not_picked":["Shrug It Off","Bloodletting","Entrench"],"picked":"SKIP","floor":21},{"not_picked":["Anger+1","Seeing Red+1"],"picked":"Heavy Blade","floor":24},{"not_picked":["Headbutt+1","Entrench","Berserk"],"picked":"SKIP","floor":27},{"not_picked":["Second Wind","Power Through","Sword Boomerang"],"picked":"SKIP","floor":28}],"player_experience":864725,"relics_obtained":[{"floor":6.0,"key":"War Paint"},{"floor":9.0,"key":"White Beast Statue"},{"floor":11.0,"key":"Ginger"},{"floor":13.0,"key":"Pantograph"},{"floor":26,"key":"Blue Candle"},{"floor":27,"key":"Bag of Preparation"}],"event_choices":[{"damage_healed":6.0,"max_hp_gain":0.0,"max_hp_loss":0.0,"gold_gain":0.0,"event_name":"Wheel of Change","player_choice":"Full Heal","floor":2.0,"gold_loss":0.0,"damage_taken":0.0},{"cards_removed":["Defend_R"],"damage_healed":0.0,"max_hp_gain":0.0,"max_hp_loss":0.0,"gold_gain":0.0,"event_name":"Living Wall","player_choice":"Forget","floor":5.0,"gold_loss":0.0,"damage_taken":0.0},{"damage_healed":0.0,"max_hp_gain":0.0,"max_hp_loss":0.0,"gold_gain":100.0,"event_name":"Golden Shrine","player_choice":"Pray","floor":7.0,"gold_loss":0.0,"damage_taken":0.0},{"damage_healed":0.0,"max_hp_gain":0.0,"max_hp_loss":0.0,"gold_gain":0.0,"event_name":"Upgrade Shrine","player_choice":"Upgraded","floor":14.0,"gold_loss":0.0,"damage_taken":0.0,"cards_upgraded":["Pommel Strike"]},{"damage_healed":0,"gold_gain":0,"player_choice":"Ignored","damage_taken":0,"max_hp_gain":0,"max_hp_loss":0,"event_name":"NoteForYourself","floor":25,"gold_loss":0}],"is_beta":true,"boss_relics":[{"not_picked":["Velvet Choker","Tiny House"],"picked":"Ectoplasm"}],"items_purged_floors":[19],"is_endless":false,"potions_floor_spawned":[1,4,11,13,16,18,20,21,24,27,28],"killed_by":"Shelled Parasite and Fungi","ascension_level":0}