{"gold_per_floor":[114,128,143,143,143,143,177,177,228,246,271,27,84,95,95,197,197,216,230,243,243,158,191,191,216,216,242,242,261,261,293,293,392,392,404,416,432,442,456,490,507,540,540,570,212,212,212,239,239,239],"floor_reached":51,"playtime":4590,"items_purged":[],"score":1117,"play_id":"a50ee866-fd27-40c4-a789-7d6ebb4ccb5d","local_time":"20180717204228","is_ascension_mode":true,"campfire_choices":[{"data":"Armaments","floor":6.0,"key":"SMITH"},{"data":"Pommel Strike","floor":8.0,"key":"SMITH"},{"floor":15.0,"key":"REST"},{"floor":24.0,"key":"REST"},{"data":"Offering","floor":28.0,"key":"SMITH"},{"data":"Bash","floor":30.0,"key":"SMITH"},{"data":"Blood for Blood","floor":32.0,"key":"SMITH"},{"floor":47.0,"key":"REST"},{"floor":49,"key":"REST"}],"neow_cost":"TEN_PERCENT_HP_LOSS","seed_source_timestamp":0,"circlet_count":0,"master_deck":["Strike_R","Strike_R","Strike_R","Strike_R","Strike_R","Defend_R","Defend_R","Bash+1","Armaments+1","Pommel Strike+1","Perfected Strike","Offering","Flex","Shrug It Off+1","Offering+1","Perfected Strike","Blood for Blood+1","Double Tap","Pommel Strike+1","Perfected Strike+1","Warcry+1","Demon Form+1","Pommel Strike+1"],"special_seed":0,"relics":["Burning Blood","Sundial","Red Skull","Ancient Tea Set","Lantern","Bottled Lightning","Tiny Chest","Philosopher\u0027s Stone","Mercury Hourglass","Dodecahedron","Prayer Wheel","Peace Pipe","Pear","Frozen Egg 2","White Beast Statue","Art of War","Meat on the Bone","Du-Vu Doll","Champion Belt","Pen Nib","Frozen Eye","Blue Candle"],"potions_floor_usage":[50,50],"damage_taken":[{"damage":1.0,"enemies":"Cultist","floor":1.0,"turns":3.0},{"damage":10.0,"enemies":"Jaw Worm","floor":2.0,"turns":5.0},{"damage":7.0,"enemies":"Small Slimes","floor":3.0,"turns":5.0},{"damage":15.0,"enemies":"3 Sentries","floor":7.0,"turns":10.0},{"damage":6.0,"enemies":"Looter","floor":10.0,"turns":2.0},{"damage":28.0,"enemies":"Gremlin Nob","floor":11.0,"turns":4.0},{"damage":23.0,"enemies":"Lagavulin","floor":13.0,"turns":4.0},{"damage":0.0,"enemies":"Gremlin Gang","floor":14.0,"turns":3.0},{"damage":48.0,"enemies":"Slime Boss","floor":16.0,"turns":8.0},{"damage":19.0,"enemies":"2 Thieves","floor":18.0,"turns":3.0},{"damage":4.0,"enemies":"Spheric Guardian","floor":19.0,"turns":2.0},{"damage":31.0,"enemies":"Centurion and Healer","floor":20.0,"turns":6.0},{"damage":4.0,"enemies":"Book of Stabbing","floor":23.0,"turns":2.0},{"damage":18.0,"enemies":"Slavers","floor":25.0,"turns":5.0},{"damage":8.0,"enemies":"Book of Stabbing","floor":27.0,"turns":1.0},{"damage":4.0,"enemies":"3 Cultists","floor":29.0,"turns":2.0},{"damage":8.0,"enemies":"Gremlin Leader","floor":31.0,"turns":2.0},{"damage":8.0,"enemies":"Collector","floor":33.0,"turns":3.0},{"damage":4.0,"enemies":"Orb Walker","floor":35.0,"turns":2.0},{"damage":4.0,"enemies":"Flame Bruiser 1 Orb","floor":36.0,"turns":2.0},{"damage":8.0,"enemies":"Spire Growth","floor":37.0,"turns":2.0},{"damage":26.0,"enemies":"4 Shapes","floor":38.0,"turns":3.0},{"damage":12.0,"enemies":"Sphere and 2 Shapes","floor":39.0,"turns":3.0},{"damage":8.0,"enemies":"Giant Head","floor":40.0,"turns":4.0},{"damage":12.0,"enemies":"Transient","floor":41.0,"turns":5.0},{"damage":10.0,"enemies":"2 Orb Walkers","floor":42.0,"turns":2.0},{"damage":8.0,"enemies":"Giant Head","floor":44.0,"turns":4.0},{"damage":19,"enemies":"2 Orb Walkers","floor":48,"turns":3},{"damage":86,"enemies":"Awakened One","floor":50,"turns":7}],"seed_played":"-7951830736778413191","potions_obtained":[{"floor":1.0,"key":"Regen Potion"},{"floor":3.0,"key":"Strength Potion"},{"floor":4.0,"key":"EssenceOfSteel"},{"floor":13.0,"key":"BloodPotion"},{"floor":16.0,"key":"Energy Potion"},{"floor":18.0,"key":"FearPotion"},{"floor":25.0,"key":"EntropicBrew"},{"floor":27.0,"key":"Energy Potion"},{"floor":29.0,"key":"FearPotion"},{"floor":35.0,"key":"LiquidBronze"},{"floor":36.0,"key":"SkillPotion"},{"floor":37.0,"key":"Ancient Potion"},{"floor":38.0,"key":"BloodPotion"},{"floor":39.0,"key":"Weak Potion"},{"floor":40.0,"key":"FairyPotion"},{"floor":41.0,"key":"Regen Potion"},{"floor":42.0,"key":"Dexterity Potion"},{"floor":44.0,"key":"Ancient Potion"}],"is_trial":false,"path_per_floor":["M","M","M","?","?","R","E","R","T","M","E","$","E","M","R","B",null,"M","M","M","?","?","E","R","E","T","E","R","M","R","E","R","B",null,"M","M","M","M","M","E","M","E","T","E","$","?","R","E","R","B"],"character_chosen":"IRONCLAD","items_purchased":["Bottled Lightning","Pen Nib","Frozen Eye"],"campfire_rested":4,"item_purchase_floors":[12,45,45],"current_hp_per_floor":[72,68,67,67,60,60,66,66,66,66,44,44,27,40,61,19,72,59,61,36,23,23,25,48,36,36,44,44,46,46,44,44,42,87,87,87,85,65,75,73,67,68,68,66,66,66,87,74,87,19],"gold":239,"neow_bonus":"ONE_RARE_RELIC","is_prod":false,"is_daily":false,"chose_seed":false,"campfire_upgraded":5,"win_rate":0,"timestamp":1531831348,"path_taken":["M","?","M","?","?","R","E","R","T","?","E","?","E","M","R","BOSS","M","M","M","?","?","E","R","E","T","E","R","M","R","E","R","BOSS","M","M","M","M","?","E","M","E","T","E","$","?","R","E","R","BOSS"],"build_version":"2018-07-12","purchased_purges":0,"victory":true,"max_hp_per_floor":[72,72,72,72,72,72,72,72,72,72,72,72,72,72,72,72,72,72,72,72,77,77,77,77,77,77,87,87,87,87,87,87,87,87,87,87,87,87,87,87,87,87,87,87,87,87,87,87,87,87],"card_choices":[{"not_picked":["Burning Pact","True Grit","Warcry"],"picked":"SKIP","floor":1.0},{"not_picked":["Clash","Inflame"],"picked":"Armaments","floor":2.0},{"not_picked":["Sword Boomerang","Armaments","Perfected Strike"],"picked":"SKIP","floor":3.0},{"not_picked":["Evolve","Entrench"],"picked":"Pommel Strike","floor":7.0},{"not_picked":["Power Through","Heavy Blade","Bludgeon"],"picked":"SKIP","floor":10.0},{"not_picked":["Iron Wave","Warcry"],"picked":"Perfected Strike","floor":11.0},{"not_picked":["Inflame","Shrug It Off","Wild Strike"],"picked":"SKIP","floor":13.0},{"not_picked":["Seeing Red","Pummel","Cleave"],"picked":"SKIP","floor":14.0},{"not_picked":["Bludgeon","Berserk"],"picked":"Offering","floor":16.0},{"not_picked":["Body Slam","Havoc","Hemokinesis"],"picked":"SKIP","floor":18.0},{"not_picked":["Cleave+1","Warcry"],"picked":"Flex","floor":19.0},{"not_picked":["Reaper","Havoc"],"picked":"Shrug It Off+1","floor":20.0},{"not_picked":["Heavy Blade","True Grit","Shrug It Off"],"picked":"SKIP","floor":23.0},{"not_picked":["Feel No Pain","Wild Strike"],"picked":"Offering","floor":25.0},{"not_picked":["Dropkick","Warcry"],"picked":"Perfected Strike","floor":27.0},{"not_picked":["Clothesline","Combust","Feel No Pain"],"picked":"SKIP","floor":29.0},{"not_picked":["Disarm+1","Cleave","Armaments"],"picked":"SKIP","floor":29.0},{"not_picked":["Warcry","Demon Form"],"picked":"Blood for Blood","floor":31.0},{"not_picked":["Fiend Fire","Immolate"],"picked":"Double Tap","floor":33.0},{"not_picked":["Thunderclap+1","Spot Weakness+1"],"picked":"Pommel Strike+1","floor":35.0},{"not_picked":["Flame Barrier","Shockwave","Clash"],"picked":"SKIP","floor":35.0},{"not_picked":["Infernal Blade+1","Reckless Charge"],"picked":"Perfected Strike+1","floor":36.0},{"not_picked":["Evolve+1","Havoc+1","Clothesline"],"picked":"SKIP","floor":36.0},{"not_picked":["Metallicize+1","Spot Weakness"],"picked":"Warcry+1","floor":37.0},{"not_picked":["Thunderclap","Evolve+1","Searing Blow"],"picked":"SKIP","floor":37.0},{"not_picked":["Heavy Blade","Wild Strike+1","Perfected Strike"],"picked":"SKIP","floor":38.0},{"not_picked":["Inflame+1","Perfected Strike+1","Armaments+1"],"picked":"SKIP","floor":38.0},{"not_picked":["Warcry","Intimidate+1","Dropkick+1"],"picked":"SKIP","floor":39.0},{"not_picked":["Thunderclap+1","Body Slam","Blood for Blood"],"picked":"SKIP","floor":39.0},{"not_picked":["Hemokinesis+1","Wild Strike+1","Fire Breathing+1"],"picked":"SKIP","floor":40.0},{"not_picked":["Power Through","Flex+1"],"picked":"Demon Form+1","floor":41.0},{"not_picked":["Rupture+1","True Grit","Entrench"],"picked":"SKIP","floor":41.0},{"not_picked":["Clash+1","Disarm+1"],"picked":"Pommel Strike+1","floor":42.0},{"not_picked":["Pummel","Iron Wave+1","Sword Boomerang+1"],"picked":"SKIP","floor":44.0},{"not_picked":["Barricade+1","Rage","Headbutt+1"],"picked":"SKIP","floor":48}],"player_experience":143484,"relics_obtained":[{"floor":7.0,"key":"Red Skull"},{"floor":9.0,"key":"Ancient Tea Set"},{"floor":11.0,"key":"Lantern"},{"floor":13.0,"key":"Tiny Chest"},{"floor":23.0,"key":"Dodecahedron"},{"floor":25.0,"key":"Prayer Wheel"},{"floor":26.0,"key":"Peace Pipe"},{"floor":27.0,"key":"Pear"},{"floor":31.0,"key":"Frozen Egg 2"},{"floor":40.0,"key":"Art of War"},{"floor":42.0,"key":"Meat on the Bone"},{"floor":43.0,"key":"Du-Vu Doll"},{"floor":44.0,"key":"Champion Belt"},{"floor":48,"key":"Blue Candle"}],"event_choices":[{"event_name":"The Lab","player_choice":"Got Potions","floor":4.0,"damage_taken":0.0},{"event_name":"Golden Wing","player_choice":"Card Removal","floor":5.0,"damage_taken":0.0},{"event_name":"Forgotten Altar","player_choice":"Shed Blood","floor":21.0,"damage_taken":0.0},{"event_name":"Addict","player_choice":"Obtained Relic","floor":22.0,"damage_taken":0.0},{"event_name":"Bonfire Elementals","player_choice":"BASIC","floor":46.0,"damage_taken":0.0}],"boss_relics":[{"not_picked":["Cursed Key","Empty Cage"],"picked":"Philosopher\u0027s Stone"},{"not_picked":["Coffee Dripper","Black Blood"],"picked":"White Beast Statue"}],"items_purged_floors":[],"is_endless":false,"potions_floor_spawned":[1,3,13,16,18,25,27,29,35,36,37,38,39,40,41,42,44,48],"ascension_level":2}