{"gold_per_floor":[115,265,284,284,13,45,45,60,84,84,115,128,161,74,74,153,153,153,73,16,16,16,16,16],"floor_reached":24,"playtime":935,"items_purged":[],"score":462,"play_id":"ed194569-cf51-4978-afb6-6e4247f82a75","local_time":"20181102222908","is_ascension_mode":true,"campfire_choices":[{"data":"Hologram","floor":7,"key":"SMITH"},{"data":"Zap","floor":10,"key":"SMITH"},{"data":"Loop","floor":15,"key":"SMITH"},{"data":"Dualcast","floor":23,"key":"SMITH"}],"neow_cost":"NONE","seed_source_timestamp":4389890099900,"circlet_count":0,"master_deck":["AscendersBane","Strike_B","Strike_B","Strike_B","Strike_B","Defend_B","Defend_B","Defend_B","Defend_B","Zap+1","Dualcast+1","Hologram+1","Ball Lightning","Conserve Battery+1","Steam+1","Steam+1","Loop+1","Seek+1","Coolheaded+1","Self Repair","Self Repair"],"relics":["Cracked Core","NeowsBlessing","Toxic Egg 2","Oddly Smooth Stone","Bronze Scales","Nunchaku","Happy Flower","Ectoplasm"],"potions_floor_usage":[13,16,24],"damage_taken":[{"damage":0,"enemies":"Jaw Worm","floor":1,"turns":1},{"damage":0,"enemies":"Small Slimes","floor":3,"turns":1},{"damage":0,"enemies":"Lagavulin","floor":6,"turns":1},{"damage":0,"enemies":"Cultist","floor":8,"turns":3},{"damage":3,"enemies":"3 Sentries","floor":11,"turns":6},{"damage":15,"enemies":"Exordium Thugs","floor":12,"turns":4},{"damage":5,"enemies":"Gremlin Nob","floor":13,"turns":3},{"damage":29,"enemies":"Hexaghost","floor":16,"turns":8},{"damage":4,"enemies":"Shell Parasite","floor":18,"turns":5},{"damage":2,"enemies":"2 Thieves","floor":19,"turns":4},{"damage":60,"enemies":"Gremlin Leader","floor":24,"turns":5}],"seed_played":"318523295283199864","potions_obtained":[{"floor":3,"key":"Swift Potion"},{"floor":11,"key":"AttackPotion"},{"floor":13,"key":"PowerPotion"},{"floor":16,"key":"Strength Potion"}],"is_trial":false,"path_per_floor":["M","?","M","?","$","E","R","M","T","R","E","M","E","$","R","B",null,"M","M","$","?","?","R","E"],"character_chosen":"DEFECT","items_purchased":["Toxic Egg 2","Loop","Energy Potion"],"campfire_rested":0,"item_purchase_floors":[5,14,20],"current_hp_per_floor":[64,64,64,64,64,64,64,64,64,64,61,46,41,41,41,12,56,52,50,50,50,50,50,0],"gold":16,"neow_bonus":"THREE_ENEMY_KILL","is_prod":false,"is_daily":false,"chose_seed":false,"campfire_upgraded":4,"win_rate":0,"timestamp":1541194148,"path_taken":["M","?","M","?","$","E","R","M","T","R","E","M","E","$","R","BOSS","M","M","$","?","?","R","E"],"build_version":"2018-11-01v2","purchased_purges":0,"victory":false,"max_hp_per_floor":[71,71,71,71,71,71,71,71,71,71,71,71,71,71,71,71,71,71,71,71,71,71,71,71],"card_choices":[{"not_picked":["Go for the Eyes","Force Field"],"picked":"Hologram","floor":1},{"not_picked":["Compile Driver","Aggregate"],"picked":"Ball Lightning","floor":3},{"not_picked":["Hologram+1","Capacitor"],"picked":"Conserve Battery+1","floor":6},{"not_picked":["Leap+1","Cold Snap"],"picked":"Steam+1","floor":8},{"not_picked":["Turbo+1","Cold Snap"],"picked":"Steam+1","floor":11},{"not_picked":["Beam Cell","Reinforced Body+1","Compile Driver"],"picked":"SKIP","floor":12},{"not_picked":["Aggregate+1","Beam Cell","Barrage"],"picked":"SKIP","floor":13},{"not_picked":["Hyperbeam","Rainbow+1"],"picked":"Seek+1","floor":16},{"not_picked":["Cold Snap","Sweeping Beam"],"picked":"Coolheaded+1","floor":18},{"not_picked":["Sweeping Beam","Skim+1"],"picked":"Self Repair","floor":19}],"player_experience":735232,"relics_obtained":[{"floor":6,"key":"Oddly Smooth Stone"},{"floor":9,"key":"Bronze Scales"},{"floor":11,"key":"Nunchaku"},{"floor":13,"key":"Happy Flower"}],"event_choices":[{"damage_healed":0,"gold_gain":150,"player_choice":"AGREE","damage_taken":0,"max_hp_gain":0,"max_hp_loss":0,"event_name":"Liars Game","floor":2,"gold_loss":0,"cards_obtained":["Doubt"]},{"cards_removed":["Doubt"],"damage_healed":0,"gold_gain":0,"player_choice":"Forget","damage_taken":0,"max_hp_gain":0,"max_hp_loss":0,"event_name":"Living Wall","floor":4,"gold_loss":0},{"damage_healed":0,"gold_gain":0,"player_choice":"Ignored","damage_taken":0,"max_hp_gain":0,"max_hp_loss":0,"event_name":"The Mausoleum","floor":21,"gold_loss":0},{"damage_healed":0,"gold_gain":0,"player_choice":"1 cards matched","damage_taken":0,"max_hp_gain":0,"max_hp_loss":0,"event_name":"Match and Keep!","floor":22,"gold_loss":0,"cards_obtained":["Self Repair"]}],"is_beta":true,"boss_relics":[{"not_picked":["Snecko Eye","Nuclear Battery"],"picked":"Ectoplasm"}],"items_purged_floors":[],"is_endless":false,"potions_floor_spawned":[3,11,13,16],"killed_by":"Gremlin Leader","ascension_level":19}