{"gold_per_floor":[117,135,145,145,155,190,190,217,266,282,282,183,196,207,207,309,309,326,326,326,338,354,385,385,402,402,402,429,429,429,447,447,447],"floor_reached":33,"playtime":3045,"items_purged":["Rupture"],"score":279,"play_id":"7464971f-d40d-4bab-9697-483e914544e2","local_time":"20180630161637","is_ascension_mode":false,"campfire_choices":[{"floor":7,"key":"REST"},{"floor":11,"key":"REST"},{"floor":15,"key":"REST"},{"floor":24,"key":"REST"},{"floor":29,"key":"REST"},{"floor":32,"key":"REST"}],"neow_cost":"NONE","seed_source_timestamp":8305872418192,"circlet_count":0,"master_deck":["Strike_R","Strike_R","Strike_R","Strike_R","Defend_R","Defend_R","Defend_R","Defend_R","Bash","Whirlwind","Intimidate","Cleave","Thunderclap","Rage","Inflame","Seeing Red","Clash","Iron Wave","Shrug It Off","Double Tap","Infernal Blade+1","Intimidate","Twin Strike+1","Infernal Blade+1","Shrug It Off","Battle Trance"],"relics":["Mark of Pain","Darkstone Periapt","Paper Frog","Anchor","White Beast Statue","Enchiridion","Juzu Bracelet","Mummified Hand","Girya","Vajra"],"potions_floor_usage":[6,16,18,21,22,23,23,23,23,23,31,31,33],"damage_taken":[{"damage":6,"enemies":"Jaw Worm","floor":1,"turns":4},{"damage":1,"enemies":"Cultist","floor":2,"turns":3},{"damage":1,"enemies":"2 Louse","floor":3,"turns":3},{"damage":37,"enemies":"Exordium Thugs","floor":5,"turns":6},{"damage":31,"enemies":"Gremlin Nob","floor":6,"turns":5},{"damage":22,"enemies":"3 Sentries","floor":8,"turns":5},{"damage":2,"enemies":"Blue Slaver","floor":10,"turns":3},{"damage":0,"enemies":"Exordium Wildlife","floor":13,"turns":2},{"damage":0,"enemies":"Red Slaver","floor":14,"turns":2},{"damage":45,"enemies":"The Guardian","floor":16,"turns":12},{"damage":15,"enemies":"Spheric Guardian","floor":18,"turns":4},{"damage":5,"enemies":"2 Thieves","floor":21,"turns":4},{"damage":19,"enemies":"Sentry and Sphere","floor":22,"turns":4},{"damage":29,"enemies":"Slavers","floor":23,"turns":6},{"damage":10,"enemies":"Slaver and Parasite","floor":25,"turns":5},{"damage":0,"enemies":"3 Cultists","floor":31,"turns":4},{"damage":72,"enemies":"Automaton","floor":33,"turns":6}],"seed_played":"-458803689495359680","potions_obtained":[{"floor":1,"key":"LiquidBronze"},{"floor":2,"key":"SmokeBomb"},{"floor":5,"key":"EntropicBrew"},{"floor":6,"key":"SkillPotion"},{"floor":13,"key":"Strength Potion"},{"floor":16,"key":"Ancient Potion"},{"floor":18,"key":"Ancient Potion"},{"floor":21,"key":"Weak Potion"},{"floor":22,"key":"Weak Potion"},{"floor":23,"key":"Ancient Potion"},{"floor":25,"key":"AttackPotion"},{"floor":31,"key":"FearPotion"}],"is_trial":false,"path_per_floor":["M","M","M","?","M","E","R","E","T","M","R","$","M","M","R","B",null,"M","?","?","M","M","E","R","M","T","?","T","R","?","M","R"],"character_chosen":"IRONCLAD","items_purchased":["Clash"],"campfire_rested":6,"item_purchase_floors":[12],"current_hp_per_floor":[74,73,72,72,35,4,28,6,6,4,28,28,28,28,52,7,80,65,71,55,50,31,2,27,17,17,17,17,42,42,42,67,0],"gold":447,"neow_bonus":"BOSS_RELIC","is_prod":false,"is_daily":false,"chose_seed":false,"campfire_upgraded":0,"win_rate":0.0,"timestamp":1530346597,"path_taken":["M","M","M","?","M","E","R","E","T","?","R","?","M","M","R","BOSS","M","?","?","M","M","E","R","M","T","?","?","R","?","M","R","BOSS"],"build_version":"2018-06-28","purchased_purges":1,"victory":false,"max_hp_per_floor":[80,80,80,80,80,80,80,80,80,80,80,80,80,80,80,80,80,80,86,86,86,86,86,86,86,86,86,86,86,86,86,86,86],"card_choices":[{"not_picked":["Dual Wield","True Grit"],"picked":"Whirlwind","floor":1},{"not_picked":["Iron Wave","True Grit"],"picked":"Intimidate","floor":2},{"not_picked":["True Grit","Body Slam"],"picked":"Cleave","floor":3},{"not_picked":["Clothesline","Fire Breathing"],"picked":"Thunderclap","floor":5},{"not_picked":["Anger","Twin Strike"],"picked":"Rage","floor":6},{"not_picked":["Perfected Strike","Sever Soul"],"picked":"Inflame","floor":8},{"not_picked":["Rampage","Corruption"],"picked":"Seeing Red","floor":10},{"not_picked":["Corruption","Fire Breathing"],"picked":"Iron Wave","floor":13},{"not_picked":["Whirlwind","Perfected Strike"],"picked":"Shrug It Off","floor":14},{"not_picked":["Reaper","Juggernaut"],"picked":"Double Tap","floor":16},{"not_picked":["Reckless Charge","Clash"],"picked":"Infernal Blade+1","floor":18},{"not_picked":["Clothesline","Thunderclap"],"picked":"Intimidate","floor":21},{"not_picked":["Body Slam","Clothesline"],"picked":"Twin Strike+1","floor":22},{"not_picked":["Rampage","Barricade"],"picked":"Infernal Blade+1","floor":23},{"not_picked":["Combust","Clothesline"],"picked":"Shrug It Off","floor":25},{"not_picked":["Shrug It Off","Body Slam"],"picked":"Battle Trance","floor":31}],"player_experience":10914,"relics_obtained":[{"floor":6,"key":"Darkstone Periapt"},{"floor":8,"key":"Paper Frog"},{"floor":9,"key":"Anchor"},{"floor":20,"key":"Enchiridion"},{"floor":23,"key":"Juzu Bracelet"},{"floor":26,"key":"Mummified Hand"},{"floor":28,"key":"Vajra"}],"event_choices":[{"event_name":"Transmorgrifier","player_choice":"Transform","floor":4,"damage_taken":0},{"event_name":"Forgotten Altar","player_choice":"Smashed Altar","floor":19,"damage_taken":0},{"event_name":"Cursed Tome","player_choice":"Obtained Book","floor":20,"damage_taken":0},{"event_name":"The Mausoleum","player_choice":"Yes","floor":27,"damage_taken":0},{"event_name":"Purifier","player_choice":"One Purge","floor":30,"damage_taken":0}],"boss_relics":[{"not_picked":["Runic Pyramid","Tiny House"],"picked":"White Beast Statue"}],"items_purged_floors":[12],"is_endless":false,"potions_floor_spawned":[1,2,5,6,13,16,18,21,22,23,25,31],"killed_by":"Automaton","ascension_level":0}