{"gold_per_floor":[113,113,113,58,71,111,111,111,134,153,177,177,190,190],"floor_reached":14,"playtime":227,"items_purged":[],"score":230,"play_id":"43f36f1d-4879-47c6-9f88-179d67ce4751","local_time":"20190515023907","is_ascension_mode":true,"campfire_choices":[{"data":"Fusion","floor":7,"key":"SMITH"},{"data":"Biased Cognition","floor":12,"key":"SMITH"}],"neow_cost":"NONE","seed_source_timestamp":314082543334311,"circlet_count":0,"master_deck":["AscendersBane","Strike_B","Strike_B","Strike_B","Defend_B","Defend_B","Defend_B","Defend_B","Zap","Dualcast","Chill","Conserve Battery","Fusion+1","Biased Cognition+1"],"relics":["Cracked Core","NeowsBlessing","Golden Idol","Lantern","Bag of Marbles"],"potions_floor_usage":[],"damage_taken":[{"damage":0,"enemies":"2 Louse","floor":1,"turns":1},{"damage":0,"enemies":"Jaw Worm","floor":5,"turns":1},{"damage":0,"enemies":"Gremlin Nob","floor":6,"turns":1},{"damage":6,"enemies":"Cultist","floor":10,"turns":5},{"damage":4,"enemies":"Large Slime","floor":11,"turns":7},{"damage":0,"enemies":"Lots of Slimes","floor":13,"turns":5},{"damage":7,"enemies":"3 Sentries","floor":14,"turns":4}],"seed_played":"-2806935006529872430","potions_obtained":[{"floor":5,"key":"Block Potion"},{"floor":11,"key":"FearPotion"}],"is_trial":false,"path_per_floor":["M","?","?","$","M","E","R","?","T","M","M","R","M","E"],"character_chosen":"DEFECT","items_purchased":["Conserve Battery"],"campfire_rested":0,"item_purchase_floors":[4],"current_hp_per_floor":[64,40,33,33,33,33,33,38,38,32,28,28,28,21],"gold":190,"neow_bonus":"THREE_ENEMY_KILL","is_prod":false,"is_daily":false,"chose_seed":false,"campfire_upgraded":2,"win_rate":0,"timestamp":1557880747,"path_taken":["M","?","?","$","M","E","R","?","T","M","M","R","M","E"],"build_version":"2019-01-23","purchased_purges":0,"victory":false,"max_hp_per_floor":[71,71,71,71,71,71,71,76,76,76,76,76,76,76],"card_choices":[{"not_picked":["Stack","Rip and Tear"],"picked":"Chill","floor":1},{"not_picked":["Ball Lightning","Blizzard","Barrage"],"picked":"SKIP","floor":5},{"not_picked":["Hologram","Doom and Gloom"],"picked":"Fusion","floor":6},{"not_picked":["Barrage","Reprogram"],"picked":"Biased Cognition","floor":10},{"not_picked":["Stack","Go for the Eyes","Skim"],"picked":"SKIP","floor":11},{"not_picked":["Cold Snap","Steam","Rebound"],"picked":"SKIP","floor":13}],"player_experience":882225,"relics_obtained":[{"floor":6,"key":"Lantern"},{"floor":9,"key":"Bag of Marbles"}],"event_choices":[{"damage_healed":0,"gold_gain":0,"player_choice":"Take Damage","damage_taken":24,"relics_obtained":["Golden Idol"],"max_hp_gain":0,"max_hp_loss":0,"event_name":"Golden Idol","floor":2,"gold_loss":0},{"cards_removed":["Strike_B"],"damage_healed":0,"gold_gain":0,"player_choice":"Card Removal","damage_taken":7,"max_hp_gain":0,"max_hp_loss":0,"event_name":"Golden Wing","floor":3,"gold_loss":0},{"damage_healed":0,"gold_gain":0,"player_choice":"Donut","damage_taken":0,"max_hp_gain":5,"max_hp_loss":0,"event_name":"Big Fish","floor":8,"gold_loss":0}],"is_beta":false,"boss_relics":[],"items_purged_floors":[],"is_endless":false,"potions_floor_spawned":[5,11],"killed_by":"3 Sentries","ascension_level":20}