{"gold_per_floor":[113,127,52,52,72,72,106,106,130,139,166,166,116,76,76,180,180,207,207,223,77,103,103,103],"floor_reached":24,"playtime":821,"items_purged":["Strike_P"],"score":262,"play_id":"a0cd0cb5-57c9-47a9-8c62-72ef7f07d110","local_time":"20191014135551","is_ascension_mode":true,"campfire_choices":[{"data":"PathToVictory","floor":6,"key":"SMITH"},{"data":"Eruption","floor":8,"key":"SMITH"},{"floor":12,"key":"REST"},{"data":"PathToVictory","floor":15,"key":"SMITH"},{"data":"CutThroughFate","floor":23,"key":"SMITH"}],"neow_cost":"NONE","seed_source_timestamp":16640469224033,"circlet_count":0,"master_deck":["Strike_P","Strike_P","Strike_P","Defend_P","Defend_P","Defend_P","Defend_P","Eruption+1","Vigilance","PathToVictory+1","Conclude","Sanctity","CutThroughFate+1","PathToVictory+1","Weave+1","Perseverance+1"],"relics":["PureWater","NeowsBlessing","CeramicFish","Dream Catcher","Mummified Hand","SlaversCollar","FaceOfCleric","Melange"],"potions_floor_usage":[22,24],"damage_taken":[{"damage":0,"enemies":"Cultist","floor":1,"turns":1},{"damage":0,"enemies":"Jaw Worm","floor":2,"turns":1},{"damage":0,"enemies":"2 Louse","floor":5,"turns":1},{"damage":32,"enemies":"Gremlin Nob","floor":7,"turns":3},{"damage":9,"enemies":"Exordium Wildlife","floor":11,"turns":3},{"damage":20,"enemies":"Hexaghost","floor":16,"turns":7},{"damage":26,"enemies":"Spheric Guardian","floor":18,"turns":5},{"damage":2,"enemies":"Chosen","floor":20,"turns":3},{"damage":25,"enemies":"Shelled Parasite and Fungi","floor":22,"turns":4},{"damage":14,"enemies":"Centurion and Healer","floor":24,"turns":3}],"seed_played":"-1555750732437267225","potions_obtained":[{"floor":2,"key":"Strength Potion"},{"floor":5,"key":"StancePotion"},{"floor":16,"key":"AttackPotion"},{"floor":20,"key":"Weak Potion"},{"floor":22,"key":"GamblersBrew"}],"is_trial":false,"path_per_floor":["M","M","$","?","M","R","E","R","T","?","M","R","?","$","R","B",null,"M","?","M","$","M","R","M"],"character_chosen":"WATCHER","items_purchased":["PathToVictory","Melange"],"campfire_rested":1,"item_purchase_floors":[14,21],"current_hp_per_floor":[65,65,65,65,65,65,33,33,33,33,24,45,45,45,45,25,60,34,34,33,33,9,9,0],"gold":103,"neow_bonus":"THREE_ENEMY_KILL","is_prod":false,"is_daily":false,"chose_seed":false,"campfire_upgraded":4,"win_rate":0,"timestamp":1571028951,"path_taken":["M","M","$","?","?","R","E","R","T","?","M","R","?","$","R","BOSS","M","?","?","$","M","R","M"],"build_version":"2019-10-11","purchased_purges":1,"victory":false,"max_hp_per_floor":[72,72,72,72,72,72,72,72,72,72,72,72,72,72,72,72,72,72,72,73,73,74,74,74],"card_choices":[{"not_picked":["CrushJoints","ThirdEye"],"picked":"PathToVictory","floor":1},{"not_picked":["EmptyBody","Vengeance","SashWhip"],"picked":"SKIP","floor":2},{"not_picked":["Evaluate","FlyingSleeves"],"picked":"Conclude","floor":5},{"not_picked":["EmptyBody","Swivel"],"picked":"Sanctity","floor":7},{"not_picked":["CrushJoints","WreathOfFlame"],"picked":"CutThroughFate","floor":11},{"not_picked":["SashWhip","Sanctity+1"],"picked":"Weave+1","floor":18},{"not_picked":["Protect","WreathOfFlame","Wallop"],"picked":"SKIP","floor":20},{"not_picked":["Consecrate","LessonLearned"],"picked":"Perseverance+1","floor":22}],"player_experience":600201,"relics_obtained":[{"floor":7,"key":"CeramicFish"},{"floor":9,"key":"Dream Catcher"}],"event_choices":[{"damage_healed":0,"gold_gain":0,"player_choice":"Bought 0 Potions","damage_taken":0,"max_hp_gain":0,"max_hp_loss":0,"event_name":"The Woman in Blue","floor":4,"gold_loss":0},{"damage_healed":0,"gold_gain":0,"player_choice":"Box","damage_taken":0,"relics_obtained":["Mummified Hand"],"max_hp_gain":0,"max_hp_loss":0,"event_name":"Big Fish","floor":10,"gold_loss":0,"cards_obtained":["Regret"]},{"cards_removed":["Regret"],"damage_healed":0,"gold_gain":0,"player_choice":"Card Removal","damage_taken":0,"max_hp_gain":0,"max_hp_loss":0,"event_name":"The Cleric","floor":13,"gold_loss":50},{"damage_healed":0,"gold_gain":0,"player_choice":"Trade","damage_taken":0,"relics_obtained":["FaceOfCleric"],"max_hp_gain":0,"max_hp_loss":0,"event_name":"FaceTrader","floor":19,"gold_loss":0}],"is_beta":true,"boss_relics":[{"not_picked":["Velvet Choker","Fusion Hammer"],"picked":"SlaversCollar"}],"items_purged_floors":[3],"is_endless":false,"potions_floor_spawned":[2,5,16,20,22],"killed_by":"Centurion and Healer","ascension_level":7}