{"gold_per_floor":[112,112,122,122,137,137,155,165,165,176,209,223,223],"floor_reached":13,"playtime":370,"items_purged":[],"score":165,"play_id":"56f07594-0f26-4296-9bf6-78a9fd99d3af","local_time":"20181015233936","is_ascension_mode":true,"campfire_choices":[{"data":"Zap","floor":6,"key":"SMITH"}],"neow_cost":"NONE","seed_source_timestamp":25894074087042,"circlet_count":0,"master_deck":["Strike_B","Strike_B","Strike_B","Strike_B","Defend_B","Defend_B","Defend_B","Defend_B","Zap+1","Dualcast","AscendersBane","Turbo","Turbo","Cold Snap","Coolheaded","Heatsinks","Electrodynamics","Storm","Ball Lightning"],"relics":["Cracked Core","Anchor","Potion Belt"],"potions_floor_usage":[1,8,11,13],"damage_taken":[{"damage":1,"enemies":"Small Slimes","floor":1,"turns":3},{"damage":3,"enemies":"2 Louse","floor":3,"turns":3},{"damage":14,"enemies":"Jaw Worm","floor":5,"turns":4},{"damage":4,"enemies":"Looter","floor":7,"turns":3},{"damage":1,"enemies":"2 Fungi Beasts","floor":8,"turns":3},{"damage":11,"enemies":"Gremlin Gang","floor":10,"turns":5},{"damage":18,"enemies":"Gremlin Nob","floor":11,"turns":3},{"damage":9,"enemies":"Lots of Slimes","floor":12,"turns":4},{"damage":8,"enemies":"3 Louse","floor":13,"turns":2}],"seed_played":"4140013174005824563","potions_obtained":[{"floor":0,"key":"FocusPotion"},{"floor":0,"key":"Fire Potion"},{"floor":3,"key":"PowerPotion"},{"floor":10,"key":"LiquidBronze"},{"floor":11,"key":"Weak Potion"}],"is_trial":false,"path_per_floor":["M","?","M","?","M","R","M","M","T","M","E","M"],"character_chosen":"DEFECT","items_purchased":[],"campfire_rested":0,"item_purchase_floors":[],"current_hp_per_floor":[63,63,60,60,46,46,42,41,41,30,12,3,0],"gold":223,"neow_bonus":"THREE_SMALL_POTIONS","is_prod":false,"is_daily":false,"chose_seed":false,"campfire_upgraded":1,"win_rate":0,"timestamp":1539639576,"path_taken":["M","?","M","?","M","R","M","M","T","M","E","M","M"],"build_version":"2018-10-11","purchased_purges":0,"victory":false,"max_hp_per_floor":[71,71,71,71,71,71,71,71,71,71,71,71,71],"card_choices":[{"not_picked":["Stack","Barrage"],"picked":"Turbo","floor":1},{"not_picked":["Rebound","Stack"],"picked":"Turbo","floor":3},{"not_picked":["Sweeping Beam","Skim"],"picked":"Cold Snap","floor":5},{"not_picked":["Sweeping Beam","Hello World"],"picked":"Coolheaded","floor":7},{"not_picked":["Beam Cell","Hello World"],"picked":"Heatsinks","floor":8},{"not_picked":["Rip and Tear","Genetic Algorithm"],"picked":"Electrodynamics","floor":10},{"not_picked":["Sunder","Sweeping Beam"],"picked":"Storm","floor":11},{"not_picked":["Rebound","Redo"],"picked":"Ball Lightning","floor":12}],"player_experience":682402,"relics_obtained":[{"floor":9,"key":"Anchor"},{"floor":11,"key":"Potion Belt"}],"event_choices":[{"event_name":"Shining Light","player_choice":"Ignored","floor":2,"damage_taken":0},{"event_name":"Scrap Ooze","player_choice":"unsuccessful","floor":4,"damage_taken":0}],"is_beta":true,"boss_relics":[],"items_purged_floors":[],"is_endless":false,"potions_floor_spawned":[3,7,10,11],"killed_by":"3 Louse","ascension_level":17}