{"gold_per_floor":[114,27,27,27,46,81,81,6,6,42,7,26,26,26,26,122,122,137,137,137,162,62,62,97,113,188,16,49,49,63,87,87,87],"floor_reached":33,"playtime":711,"items_purged":["Injury","Strike_G"],"score":682,"play_id":"103b0d5b-c049-402f-93ed-9d6d25a15021","local_time":"20190430190204","is_ascension_mode":true,"campfire_choices":[{"data":"Catalyst","floor":7,"key":"SMITH"},{"data":"Corpse Explosion","floor":13,"key":"SMITH"},{"data":"Neutralize","floor":15,"key":"SMITH"},{"data":"Deadly Poison","floor":23,"key":"SMITH"},{"floor":29,"key":"REST"},{"floor":32,"key":"REST"}],"neow_cost":"NONE","seed_source_timestamp":8021474074998,"circlet_count":0,"master_deck":["AscendersBane","Defend_G","Defend_G","Defend_G","Defend_G","Defend_G","Strike_G","Strike_G","Strike_G","Survivor","Neutralize+1","Catalyst+1","Corpse Explosion+1","Venomology","Deadly Poison+1","Catalyst","Bandage Up","Bouncing Flask","Dodge and Roll"],"relics":["Ring of the Snake","NeowsBlessing","Golden Idol","Dream Catcher","Blood Vial","Ninja Scroll","Sozu","Letter Opener","Shuriken","Boot"],"potions_floor_usage":[10,28,28],"damage_taken":[{"damage":0,"enemies":"Cultist","floor":1,"turns":1},{"damage":0,"enemies":"2 Louse","floor":5,"turns":1},{"damage":0,"enemies":"Lagavulin","floor":6,"turns":1},{"damage":20,"enemies":"3 Sentries","floor":10,"turns":5},{"damage":1,"enemies":"Small Slimes","floor":12,"turns":3},{"damage":19,"enemies":"Hexaghost","floor":16,"turns":8},{"damage":11,"enemies":"Shell Parasite","floor":18,"turns":5},{"damage":15,"enemies":"2 Thieves","floor":21,"turns":3},{"damage":24,"enemies":"Slavers","floor":24,"turns":3},{"damage":13,"enemies":"Chosen and Byrds","floor":25,"turns":4},{"damage":13,"enemies":"Book of Stabbing","floor":28,"turns":5},{"damage":3,"enemies":"Centurion and Healer","floor":30,"turns":3},{"damage":22,"enemies":"Shelled Parasite and Fungi","floor":31,"turns":3},{"damage":50,"enemies":"Champ","floor":33,"turns":6}],"seed_played":"-7507325733417917343","potions_obtained":[{"floor":6,"key":"Block Potion"},{"floor":12,"key":"SpeedPotion"},{"floor":16,"key":"EssenceOfSteel"}],"is_trial":false,"path_per_floor":["M","$","?","?","M","E","R","$","T","E","?","M","R","?","R","B",null,"M","?","?","M","$","R","E","M","T","$","E","R","M","M","R","B"],"character_chosen":"THE_SILENT","items_purchased":["Catalyst","Catalyst","Bandage Up"],"campfire_rested":2,"item_purchase_floors":[2,27,27],"current_hp_per_floor":[59,59,52,52,52,52,52,52,52,34,50,51,51,56,56,39,63,54,54,54,41,41,41,19,8,8,8,1,22,25,9,30,0],"gold":87,"neow_bonus":"THREE_ENEMY_KILL","is_prod":false,"is_daily":false,"chose_seed":false,"campfire_upgraded":4,"win_rate":0,"timestamp":1556643724,"path_taken":["M","$","?","?","M","E","R","$","T","E","?","M","R","?","R","BOSS","M","?","?","M","$","R","E","M","T","?","E","R","M","?","R","BOSS"],"build_version":"2019-01-23","purchased_purges":2,"victory":false,"max_hp_per_floor":[66,66,66,66,66,66,66,66,66,66,66,66,66,71,71,71,71,71,71,71,71,71,71,71,71,71,71,71,71,71,71,71,71],"card_choices":[{"not_picked":["Outmaneuver","Quick Slash","Sucker Punch"],"picked":"SKIP","floor":1},{"not_picked":["Backflip","Dagger Throw","Accuracy"],"picked":"SKIP","floor":5},{"not_picked":["Accuracy","Backflip"],"picked":"Corpse Explosion","floor":6},{"not_picked":["Cloak And Dagger","Choke","Dagger Throw"],"picked":"SKIP","floor":10},{"not_picked":["Backstab","Dagger Spray","Choke"],"picked":"SKIP","floor":12},{"not_picked":["Phantasmal Killer","Tools of the Trade"],"picked":"Venomology","floor":16},{"not_picked":["Prepared+1","Dagger Spray+1","Terror"],"picked":"SKIP","floor":18},{"not_picked":["Dagger Spray","Bane"],"picked":"Deadly Poison","floor":21},{"not_picked":["Prepared","Poisoned Stab","Dagger Spray+1"],"picked":"SKIP","floor":24},{"not_picked":["Dodge and Roll","Underhanded Strike","A Thousand Cuts"],"picked":"SKIP","floor":25},{"not_picked":["Tactician","Heel Hook","PiercingWail"],"picked":"SKIP","floor":28},{"not_picked":["All Out Attack","Masterful Stab"],"picked":"Bouncing Flask","floor":30},{"not_picked":["Eviscerate+1","Deadly Poison"],"picked":"Dodge and Roll","floor":31}],"player_experience":855376,"relics_obtained":[{"floor":6,"key":"Dream Catcher"},{"floor":9,"key":"Blood Vial"},{"floor":10,"key":"Ninja Scroll"},{"floor":24,"key":"Letter Opener"},{"floor":26,"key":"Shuriken"},{"floor":28,"key":"Boot"}],"event_choices":[{"cards_removed":["Strike_G"],"damage_healed":0,"gold_gain":0,"player_choice":"Card Removal","damage_taken":7,"max_hp_gain":0,"max_hp_loss":0,"event_name":"Golden Wing","floor":3,"gold_loss":0},{"damage_healed":0,"gold_gain":0,"player_choice":"Take Wound","damage_taken":0,"relics_obtained":["Golden Idol"],"max_hp_gain":0,"max_hp_loss":0,"event_name":"Golden Idol","floor":4,"gold_loss":0,"cards_obtained":["Injury"]},{"damage_healed":16,"gold_gain":0,"player_choice":"Healed","damage_taken":0,"max_hp_gain":0,"max_hp_loss":0,"event_name":"The Cleric","floor":11,"gold_loss":35},{"damage_healed":0,"gold_gain":0,"player_choice":"Donut","damage_taken":0,"max_hp_gain":5,"max_hp_loss":0,"event_name":"Big Fish","floor":14,"gold_loss":0},{"damage_healed":0,"gold_gain":0,"player_choice":"Ignored","damage_taken":0,"max_hp_gain":0,"max_hp_loss":0,"event_name":"Beggar","floor":19,"gold_loss":0}],"is_beta":false,"boss_relics":[{"not_picked":["Ring of the Serpent","Astrolabe"],"picked":"Sozu"}],"items_purged_floors":[8,22],"is_endless":false,"potions_floor_spawned":[6,12,16,18,30,31],"killed_by":"Champ","ascension_level":20}