{"gold_per_floor":[117,42,42,42,2,36,36,46,73,73,86,86,98,116,116,212,212,227,227,227,227,127,158,158,191,217,217,235,235,250,275,275,375,375,392,406,406,406],"floor_reached":39,"playtime":2720,"items_purged":["Defend_B","Strike_B"],"score":590,"play_id":"7e2ef725-1daf-4d62-ad2f-8ed059365213","local_time":"20180729134802","is_ascension_mode":false,"campfire_choices":[{"data":"Zap","floor":7.0,"key":"SMITH"},{"data":"Dualcast","floor":10.0,"key":"SMITH"},{"data":"Redo","floor":12.0,"key":"SMITH"},{"data":"Streamline","floor":15.0,"key":"SMITH"},{"floor":27.0,"key":"REST"},{"data":"Machine Learning","floor":29.0,"key":"SMITH"},{"data":"Consume","floor":32.0,"key":"SMITH"}],"neow_cost":"NONE","seed_source_timestamp":624407460898,"circlet_count":0,"master_deck":["Strike_B","Defend_B","Defend_B","Zap+1","Dualcast+1","Conserve Battery","Reinforced Body","Sweeping Beam","Streamline+1","Redo+1","Skim","Beam Cell","Machine Learning+1","Coolheaded","Sunder","All For One","Stack","Consume+1","Barrage","Defragment+1","Electrodynamics","Redo+1","Ball Lightning+1"],"special_seed":0,"relics":["Cracked Core","Dream Catcher","Singing Bowl","DataDisk","Inserter","Bottled Flame","Ancient Tea Set","Pen Nib","Omamori","Coffee Dripper"],"potions_floor_usage":[38,38],"damage_taken":[{"damage":5.0,"enemies":"Small Slimes","floor":1.0,"turns":3.0},{"damage":34.0,"enemies":"Lagavulin","floor":6.0,"turns":7.0},{"damage":0.0,"enemies":"Jaw Worm","floor":8.0,"turns":2.0},{"damage":0.0,"enemies":"Cultist","floor":11.0,"turns":2.0},{"damage":0.0,"enemies":"3 Louse","floor":13.0,"turns":1.0},{"damage":0.0,"enemies":"Blue Slaver","floor":14.0,"turns":2.0},{"damage":28.0,"enemies":"Hexaghost","floor":16.0,"turns":9.0},{"damage":14.0,"enemies":"3 Byrds","floor":18.0,"turns":4.0},{"damage":41.0,"enemies":"Slavers","floor":23.0,"turns":5.0},{"damage":11.0,"enemies":"Gremlin Leader","floor":25.0,"turns":7.0},{"damage":0.0,"enemies":"Spheric Guardian","floor":28.0,"turns":1.0},{"damage":8.0,"enemies":"Snake Plant","floor":30.0,"turns":4.0},{"damage":9.0,"enemies":"Collector","floor":33.0,"turns":8.0},{"damage":11.0,"enemies":"3 Shapes","floor":35.0,"turns":2.0},{"damage":3.0,"enemies":"Orb Walker","floor":36.0,"turns":3.0},{"damage":55,"enemies":"Time Eater","floor":38,"turns":11}],"seed_played":"5793794816539573547","potions_obtained":[{"floor":1.0,"key":"Explosive Potion"},{"floor":6.0,"key":"SteroidPotion"},{"floor":11.0,"key":"SteroidPotion"},{"floor":28.0,"key":"SteroidPotion"},{"floor":33.0,"key":"LiquidBronze"},{"floor":35.0,"key":"Poison Potion"}],"is_trial":false,"path_per_floor":["M","$","?","?","$","E","R","M","T","R","M","R","M","M","R","B",null,"M","?","?","?","$","E","?","E","T","R","M","R","M","T","R","B",null,"M","M","?","B"],"character_chosen":"DEFECT","items_purchased":["Reinforced Body"],"campfire_rested":1,"item_purchase_floors":[5],"current_hp_per_floor":[70,70,75,75,75,41,41,41,41,41,41,41,41,41,41,13,80,66,66,66,66,66,25,25,14,14,38,38,38,32,32,32,23,82,71,68,68,13],"gold":406,"neow_bonus":"RANDOM_COMMON_RELIC","is_prod":false,"is_daily":false,"chose_seed":false,"campfire_upgraded":6,"win_rate":0,"timestamp":1532843282,"path_taken":["M","$","?","?","?","E","R","M","T","R","M","R","M","M","R","BOSS","M","?","?","?","$","E","?","E","T","R","?","R","M","?","R","BOSS","M","M","?","BOSS"],"build_version":"2018-07-26","purchased_purges":2,"victory":true,"max_hp_per_floor":[75,75,80,80,80,80,80,80,80,80,80,80,80,80,80,80,80,80,80,80,80,80,80,80,80,80,80,80,80,82,82,82,82,82,82,82,82,82],"card_choices":[{"not_picked":["Melter","Stack"],"picked":"Conserve Battery","floor":1.0},{"not_picked":["Stack","Go for the Eyes"],"picked":"Sweeping Beam","floor":6.0},{"not_picked":["Double Energy","Go for the Eyes"],"picked":"Streamline","floor":8.0},{"not_picked":["Sweeping Beam","Force Field"],"picked":"Redo","floor":11.0},{"not_picked":["Static Discharge","Fission"],"picked":"Skim","floor":13.0},{"not_picked":["Stack","Recycle"],"picked":"Beam Cell","floor":14.0},{"not_picked":["Echo Form","Fission"],"picked":"Machine Learning","floor":16.0},{"not_picked":["Redo","Chill"],"picked":"Coolheaded","floor":18.0},{"not_picked":["Blizzard","Turbo"],"picked":"All For One","floor":23.0},{"not_picked":["Redo","Stack"],"picked":"Consume","floor":25.0},{"not_picked":["Streamline","Recycle"],"picked":"Barrage","floor":27.0},{"not_picked":["Double Energy+1","Barrage+1"],"picked":"Defragment+1","floor":28.0},{"not_picked":["Reboot","Compile Driver","Redo"],"picked":"Singing Bowl","floor":30.0},{"not_picked":["Machine Learning","Hyperbeam"],"picked":"Electrodynamics","floor":33.0},{"not_picked":["Beam Cell+1","Compile Driver"],"picked":"Redo+1","floor":35.0},{"not_picked":["Fusion","Beam Cell+1"],"picked":"Ball Lightning+1","floor":36.0}],"player_experience":245471,"relics_obtained":[{"floor":6.0,"key":"Singing Bowl"},{"floor":9.0,"key":"DataDisk"},{"floor":23.0,"key":"Bottled Flame"},{"floor":25.0,"key":"Ancient Tea Set"},{"floor":26.0,"key":"Pen Nib"},{"floor":31.0,"key":"Omamori"}],"event_choices":[{"event_name":"Big Fish","player_choice":"Donut","floor":3.0,"damage_taken":0.0},{"event_name":"Bonfire Elementals","player_choice":"BASIC","floor":4.0,"damage_taken":0.0},{"event_name":"Purifier","player_choice":"One Purge","floor":19.0,"damage_taken":0.0},{"event_name":"Drug Dealer","player_choice":"Ignored","floor":20.0,"damage_taken":0.0},{"event_name":"The Library","player_choice":"Read","floor":21.0,"damage_taken":0.0},{"event_name":"Transmorgrifier","player_choice":"Transform","floor":24.0,"damage_taken":0.0},{"event_name":"SecretPortal","player_choice":"Took Portal.","floor":37.0,"damage_taken":0.0}],"is_beta":false,"boss_relics":[{"not_picked":["Orrery","Cursed Key"],"picked":"Inserter"},{"not_picked":["Philosopher\u0027s Stone","White Beast Statue"],"picked":"Coffee Dripper"}],"items_purged_floors":[2,22],"is_endless":false,"potions_floor_spawned":[1,6,11,28,33,35],"ascension_level":0}