{"gold_per_floor":[118,118,393,403,458,490,565,590,590,603,30,30,43,43,43,118,118,132,52,62,79,89,89,101,101],"floor_reached":25,"playtime":554,"items_purged":["Regret","Strike_B"],"score":476,"play_id":"8a1c4978-c769-4778-8324-2c32730515da","local_time":"20181106232232","is_ascension_mode":true,"campfire_choices":[{"data":"Apotheosis","floor":15.0,"key":"SMITH"},{"floor":23,"key":"REST"}],"neow_cost":"NONE","seed_source_timestamp":305647448498393,"circlet_count":0,"master_deck":["AscendersBane","Strike_B","Strike_B","Strike_B","Defend_B","Defend_B","Defend_B","Defend_B","Zap","Dualcast","Ball Lightning","Ball Lightning","Coolheaded","Chill","Rainbow","Apotheosis+1","Loop","Self Repair","Melter","Creative AI","Conserve Battery"],"special_seed":0,"relics":["Cracked Core","NeowsBlessing","Bag of Preparation","Ancient Tea Set","The Courier","Blood Vial","Gremlin Horn","Fusion Hammer"],"potions_floor_usage":[24,25],"damage_taken":[{"damage":0.0,"enemies":"Jaw Worm","floor":1.0,"turns":1.0},{"damage":0.0,"enemies":"Cultist","floor":4.0,"turns":1.0},{"damage":0.0,"enemies":"Lagavulin","floor":6.0,"turns":1.0},{"damage":29.0,"enemies":"Gremlin Nob","floor":8.0,"turns":4.0},{"damage":3.0,"enemies":"Small Slimes","floor":10.0,"turns":2.0},{"damage":1.0,"enemies":"Looter","floor":13.0,"turns":4.0},{"damage":17.0,"enemies":"Hexaghost","floor":16.0,"turns":9.0},{"damage":0,"enemies":"Chosen","floor":18,"turns":3},{"damage":25,"enemies":"Shell Parasite","floor":20,"turns":4},{"damage":6,"enemies":"Snecko","floor":21,"turns":4},{"damage":30,"enemies":"Snake Plant","floor":22,"turns":4},{"damage":1,"enemies":"3 Cultists","floor":24,"turns":5},{"damage":51,"enemies":"Slavers","floor":25,"turns":3}],"seed_played":"-6996549936250079277","potions_obtained":[{"floor":4.0,"key":"Ancient Potion"},{"floor":8.0,"key":"Regen Potion"},{"floor":20,"key":"LiquidBronze"},{"floor":21,"key":"Strength Potion"},{"floor":22,"key":"FocusPotion"}],"is_trial":false,"path_per_floor":["M","?","?","M","T","E","?","E","T","M","$","?","M","$","R","B",null,"M","$","M","M","M","R","M","E"],"character_chosen":"DEFECT","items_purchased":["Apotheosis","Gremlin Horn","Loop","Self Repair"],"campfire_rested":1,"item_purchase_floors":[11,11,11,11],"current_hp_per_floor":[64,64,64,64,64,64,53,24,24,23,23,23,31,31,31,31,61,63,63,47,43,15,36,47,0],"gold":101,"neow_bonus":"THREE_ENEMY_KILL","is_prod":false,"is_daily":false,"chose_seed":false,"campfire_upgraded":1,"win_rate":0,"timestamp":1541542952,"path_taken":["M","?","?","?","?","E","?","E","T","M","$","?","M","?","R","BOSS","M","?","M","M","M","R","M","E"],"build_version":"2018-11-05","purchased_purges":2,"victory":false,"max_hp_per_floor":[71,71,71,71,71,71,71,71,71,71,71,71,71,71,71,71,71,71,71,71,71,71,71,71,71],"card_choices":[{"not_picked":["Stack","Redo"],"picked":"Ball Lightning","floor":1.0},{"not_picked":["Sweeping Beam","Cold Snap"],"picked":"Ball Lightning","floor":4.0},{"not_picked":["Hologram","Skim"],"picked":"Coolheaded","floor":6.0},{"not_picked":["Genetic Algorithm","Sweeping Beam"],"picked":"Chill","floor":8.0},{"not_picked":["Beam Cell","Hologram"],"picked":"Rainbow","floor":10.0},{"not_picked":["Gash","Barrage"],"picked":"Melter","floor":13.0},{"not_picked":["Electrodynamics","Biased Cognition"],"picked":"Creative AI","floor":16.0},{"not_picked":["Heatsinks","Ball Lightning","Sweeping Beam+1"],"picked":"SKIP","floor":18},{"not_picked":["Beam Cell","Rebound","Coolheaded"],"picked":"SKIP","floor":20},{"not_picked":["Sweeping Beam","Scrape","Stack"],"picked":"SKIP","floor":21},{"not_picked":["Auto Shields","White Noise"],"picked":"Conserve Battery","floor":22},{"not_picked":["Compile Driver","Reinforced Body","All For One"],"picked":"SKIP","floor":24}],"player_experience":752545,"relics_obtained":[{"floor":5.0,"key":"Bag of Preparation"},{"floor":6.0,"key":"Ancient Tea Set"},{"floor":8.0,"key":"The Courier"},{"floor":9.0,"key":"Blood Vial"}],"event_choices":[{"damage_healed":0.0,"max_hp_gain":0.0,"max_hp_loss":0.0,"gold_gain":0.0,"event_name":"Scrap Ooze","player_choice":"Fled","floor":2.0,"gold_loss":0.0,"damage_taken":0.0},{"damage_healed":0.0,"max_hp_gain":0.0,"max_hp_loss":0.0,"gold_gain":275.0,"event_name":"Golden Shrine","player_choice":"Desecrate","floor":3.0,"gold_loss":0.0,"damage_taken":0.0,"cards_obtained":["Regret"]},{"damage_healed":0.0,"max_hp_gain":0.0,"max_hp_loss":0.0,"gold_gain":75.0,"event_name":"World of Goop","player_choice":"Gather Gold","floor":7.0,"gold_loss":0.0,"damage_taken":11.0},{"damage_healed":0.0,"max_hp_gain":0.0,"max_hp_loss":0.0,"gold_gain":0.0,"event_name":"The Cleric","player_choice":"Leave","floor":12.0,"gold_loss":0.0,"damage_taken":0.0}],"is_beta":true,"boss_relics":[{"not_picked":["Sozu","Snecko Eye"],"picked":"Fusion Hammer"}],"items_purged_floors":[11,19],"is_endless":false,"potions_floor_spawned":[4,8,20,21,22],"killed_by":"Slavers","ascension_level":20}