{"gold_per_floor":[115,133,208,208,219,219,250,266,317,165,177,177,195,11,11,85,85,99,99,18,18,32,32],"floor_reached":23,"playtime":654,"items_purged":["Pain","Strike_G"],"score":382,"play_id":"66e04bd8-eb4e-4fc1-aef0-e2a89c3d9478","local_time":"20190604163339","is_ascension_mode":true,"campfire_choices":[{"floor":6,"key":"REST"},{"data":"Noxious Fumes","floor":12,"key":"SMITH"},{"floor":15,"key":"REST"}],"neow_cost":"NONE","seed_source_timestamp":14430528261690,"circlet_count":0,"master_deck":["AscendersBane","Defend_G","Defend_G","Defend_G","Defend_G","Defend_G","Strike_G","Strike_G","Survivor","Neutralize","Well Laid Plans","Poisoned Stab","Noxious Fumes+1","Footwork","Die Die Die","Noxious Fumes","Catalyst","After Image","Catalyst","Footwork"],"relics":["Ring of the Snake","WarpedTongs","Paper Crane","Bronze Scales","Empty Cage","FossilizedHelix"],"potions_floor_usage":[7,16,22,23,23],"damage_taken":[{"damage":4,"enemies":"Jaw Worm","floor":1,"turns":4},{"damage":9,"enemies":"Small Slimes","floor":2,"turns":4},{"damage":2,"enemies":"Cultist","floor":5,"turns":4},{"damage":13,"enemies":"3 Sentries","floor":7,"turns":7},{"damage":5,"enemies":"Looter","floor":8,"turns":4},{"damage":0,"enemies":"Exordium Thugs","floor":11,"turns":6},{"damage":15,"enemies":"Exordium Wildlife","floor":13,"turns":4},{"damage":5,"enemies":"The Guardian","floor":16,"turns":8},{"damage":8,"enemies":"Spheric Guardian","floor":18,"turns":5},{"damage":10,"enemies":"2 Thieves","floor":22,"turns":5},{"damage":5,"enemies":"Slavers","floor":23,"turns":3}],"seed_played":"8977513607416336469","potions_obtained":[{"floor":1,"key":"AttackPotion"},{"floor":5,"key":"PowerPotion"},{"floor":13,"key":"Weak Potion"},{"floor":16,"key":"Swift Potion"},{"floor":22,"key":"SpeedPotion"}],"is_trial":false,"path_per_floor":["M","M","?","?","M","R","E","M","T","$","M","R","M","$","R","B",null,"M","?","$","T","M","E"],"character_chosen":"THE_SILENT","items_purchased":["Footwork","Catalyst","Footwork"],"campfire_rested":2,"item_purchase_floors":[10,14,20],"current_hp_per_floor":[55,46,35,35,33,52,39,34,34,34,34,34,19,19,38,33,58,50,50,50,50,40,35],"gold":32,"neow_bonus":"THREE_CARDS","is_prod":false,"is_daily":false,"chose_seed":false,"campfire_upgraded":1,"win_rate":0,"timestamp":1559658819,"path_taken":["M","M","?","?","M","R","E","M","T","$","?","R","M","$","R","BOSS","M","?","?","?","M","E"],"build_version":"2019-01-23","purchased_purges":2,"victory":false,"max_hp_per_floor":[66,66,66,66,66,66,66,66,66,66,66,66,66,66,66,66,66,66,66,66,66,66,66],"card_choices":[{"not_picked":["Flying Knee","Expertise"],"picked":"Well Laid Plans","floor":0},{"not_picked":["Infinite Blades","Dagger Spray"],"picked":"Poisoned Stab","floor":1},{"not_picked":["Masterful Stab","Cloak And Dagger"],"picked":"Noxious Fumes","floor":2},{"not_picked":["Sucker Punch","Bane","Slice"],"picked":"SKIP","floor":5},{"not_picked":["Accuracy","Bane","Reflex"],"picked":"SKIP","floor":7},{"not_picked":["Concentrate","Bane","Setup"],"picked":"SKIP","floor":8},{"not_picked":["Sucker Punch","Tactician"],"picked":"Die Die Die","floor":11},{"not_picked":["Underhanded Strike","Escape Plan"],"picked":"Noxious Fumes","floor":13},{"not_picked":["Bullet Time","A Thousand Cuts"],"picked":"After Image","floor":16},{"not_picked":["Blade Dance+1","Bane","Dagger Spray+1"],"picked":"SKIP","floor":18},{"not_picked":["Flying Knee","PiercingWail","Setup"],"picked":"SKIP","floor":22}],"player_experience":896671,"relics_obtained":[{"floor":7,"key":"Paper Crane"},{"floor":9,"key":"Bronze Scales"},{"floor":21,"key":"FossilizedHelix"}],"event_choices":[{"damage_healed":0,"gold_gain":75,"player_choice":"Gather Gold","damage_taken":11,"max_hp_gain":0,"max_hp_loss":0,"event_name":"World of Goop","floor":3,"gold_loss":0},{"damage_healed":0,"gold_gain":0,"player_choice":"Rummage","damage_taken":0,"relics_obtained":["WarpedTongs"],"max_hp_gain":0,"max_hp_loss":0,"event_name":"Accursed Blacksmith","floor":4,"gold_loss":0,"cards_obtained":["Pain"]},{"damage_healed":0,"gold_gain":0,"player_choice":"Copied","damage_taken":0,"max_hp_gain":0,"max_hp_loss":0,"event_name":"Duplicator","floor":19,"gold_loss":0,"cards_obtained":["Catalyst"]}],"is_beta":false,"boss_relics":[{"not_picked":["Calling Bell","Runic Dome"],"picked":"Empty Cage"}],"items_purged_floors":[10,14],"is_endless":false,"potions_floor_spawned":[1,5,13,16,22],"killed_by":"Slavers","ascension_level":20}