{"gold_per_floor":[110,110,130,146,38,38,72,122,171,171,188,19,32,57,57,129,129,129,129,129,129,42,42,42,42,42,42,42,42,42,42,42,42],"floor_reached":33,"playtime":995,"items_purged":[],"score":494,"play_id":"2208c7ab-e9c3-4d26-b172-0785a9df96c3","local_time":"20190506163303","is_ascension_mode":true,"campfire_choices":[{"data":"Body Slam","floor":6.0,"key":"SMITH"},{"data":"Body Slam","floor":10.0,"key":"SMITH"},{"data":"Armaments","floor":15.0,"key":"SMITH"},{"floor":23,"key":"REST"},{"data":"Entrench","floor":25,"key":"SMITH"},{"data":"Armaments","floor":28,"key":"SMITH"},{"floor":32,"key":"REST"}],"neow_cost":"NONE","seed_source_timestamp":451169880690145,"circlet_count":0,"master_deck":["AscendersBane","Strike_R","Strike_R","Strike_R+1","Strike_R","Defend_R+1","Defend_R+1","Defend_R","Defend_R","Bash","Body Slam+1","Body Slam+1","Body Slam+1","Armaments+1","Shrug It Off","Offering","Armaments+1","Entrench+1","True Grit+1"],"special_seed":0,"relics":["Burning Blood","Orichalcum","Whetstone","War Paint","Odd Mushroom","Ectoplasm","Omamori","Pantograph"],"potions_floor_usage":[16,16,31,33],"damage_taken":[{"damage":3.0,"enemies":"Small Slimes","floor":1.0,"turns":5.0},{"damage":11.0,"enemies":"Jaw Worm","floor":3.0,"turns":5.0},{"damage":7.0,"enemies":"Cultist","floor":4.0,"turns":4.0},{"damage":23.0,"enemies":"Lagavulin","floor":7.0,"turns":9.0},{"damage":2.0,"enemies":"3 Louse","floor":11.0,"turns":4.0},{"damage":3.0,"enemies":"Looter","floor":13.0,"turns":2.0},{"damage":6.0,"enemies":"The Mushroom Lair","floor":14.0,"turns":3.0},{"damage":38,"enemies":"Hexaghost","floor":16,"turns":7},{"damage":9,"enemies":"Chosen","floor":18,"turns":4},{"damage":31,"enemies":"3 Byrds","floor":19,"turns":8},{"damage":19,"enemies":"Centurion and Healer","floor":24,"turns":6},{"damage":6,"enemies":"Sentry and Sphere","floor":27,"turns":5},{"damage":15,"enemies":"3 Cultists","floor":29,"turns":6},{"damage":19,"enemies":"Snecko","floor":31,"turns":5},{"damage":86,"enemies":"Automaton","floor":33,"turns":10}],"seed_played":"-5439001913418765771","potions_obtained":[{"floor":3.0,"key":"EssenceOfSteel"},{"floor":11.0,"key":"Swift Potion"},{"floor":13.0,"key":"Fire Potion"},{"floor":14.0,"key":"SpeedPotion"},{"floor":29,"key":"Poison Potion"},{"floor":31,"key":"GamblersBrew"}],"is_trial":false,"path_per_floor":["M","?","M","M","$","R","E","?","T","R","M","$","M","?","R","B",null,"M","M","?","T","$","R","M","R","T","M","R","M","$","M","R","B"],"character_chosen":"IRONCLAD","items_purchased":["Armaments","Shrug It Off","War Paint","Entrench"],"campfire_rested":2,"item_purchase_floors":[5,5,12,22],"current_hp_per_floor":[71,64,59,58,58,58,41,41,41,41,45,45,48,48,48,16,60,57,32,32,32,32,54,41,41,41,41,41,32,32,19,41,0],"gold":42,"neow_bonus":"THREE_CARDS","is_prod":false,"is_daily":false,"chose_seed":false,"campfire_upgraded":5,"win_rate":0,"timestamp":1557153183,"path_taken":["M","?","M","M","$","R","E","?","T","R","M","$","?","?","R","BOSS","M","M","?","?","?","R","?","R","T","M","R","M","?","M","R","BOSS"],"build_version":"2019-01-23","purchased_purges":0,"victory":false,"max_hp_per_floor":[75,75,75,75,75,75,75,75,75,75,75,75,75,75,75,75,75,75,75,75,75,75,75,75,75,75,75,75,75,75,75,75,75],"card_choices":[{"not_picked":["Metallicize","Entrench"],"picked":"Body Slam","floor":0.0},{"not_picked":["Heavy Blade","Shrug It Off"],"picked":"Body Slam","floor":1.0},{"not_picked":["Bloodletting","Searing Blow","Twin Strike"],"picked":"SKIP","floor":3.0},{"not_picked":["Rage","Heavy Blade"],"picked":"Body Slam","floor":4.0},{"not_picked":["Warcry","Twin Strike"],"picked":"Offering","floor":7.0},{"not_picked":["Body Slam","Pommel Strike"],"picked":"Armaments","floor":11.0},{"not_picked":["Blood for Blood","True Grit","Clothesline"],"picked":"SKIP","floor":13.0},{"not_picked":["Infernal Blade","Evolve","Clash"],"picked":"SKIP","floor":18},{"not_picked":["Havoc","Anger","Body Slam"],"picked":"SKIP","floor":19},{"not_picked":["Sword Boomerang","Sentinel","Body Slam"],"picked":"SKIP","floor":24},{"not_picked":["Intimidate","Perfected Strike"],"picked":"True Grit+1","floor":27},{"not_picked":["Thunderclap","Sever Soul","Intimidate"],"picked":"SKIP","floor":29},{"not_picked":["Seeing Red","Rupture","Burning Pact"],"picked":"SKIP","floor":31}],"player_experience":865209,"relics_obtained":[{"floor":7.0,"key":"Orichalcum"},{"floor":9.0,"key":"Whetstone"},{"floor":14.0,"key":"Odd Mushroom"},{"floor":21,"key":"Omamori"},{"floor":26,"key":"Pantograph"}],"event_choices":[{"cards_removed":["Strike_R"],"damage_healed":0.0,"max_hp_gain":0.0,"max_hp_loss":0.0,"gold_gain":0.0,"event_name":"Golden Wing","player_choice":"Card Removal","floor":2.0,"gold_loss":0.0,"damage_taken":7.0},{"damage_healed":0.0,"max_hp_gain":0.0,"max_hp_loss":0.0,"gold_gain":50.0,"event_name":"Golden Shrine","player_choice":"Pray","floor":8.0,"gold_loss":0.0,"damage_taken":0.0},{"damage_healed":0.0,"max_hp_gain":0.0,"max_hp_loss":0.0,"gold_gain":0.0,"event_name":"Mushrooms","player_choice":"Fought Mushrooms","floor":14.0,"gold_loss":0.0,"damage_taken":0.0},{"damage_healed":0,"gold_gain":0,"player_choice":"Ignored","damage_taken":0,"max_hp_gain":0,"max_hp_loss":0,"event_name":"Ghosts","floor":20,"gold_loss":0}],"is_beta":false,"boss_relics":[{"not_picked":["Busted Crown","Coffee Dripper"],"picked":"Ectoplasm"}],"items_purged_floors":[],"is_endless":false,"potions_floor_spawned":[3,11,13,14,29,31],"killed_by":"Automaton","ascension_level":20}