{"gold_per_floor":[118,118,43,43,43,43,59,103,103,103,139,139,157,171,171,295,295,316,352,277,298,318,353,371,371,371,387,387,427,441,441],"floor_reached":31,"playtime":2407,"items_purged":["Defend_B"],"score":287,"play_id":"9274b3fd-1d69-4416-934e-b92887c48674","local_time":"20180709191931","is_ascension_mode":false,"campfire_choices":[{"floor":6.0,"key":"REST"},{"data":"Dualcast","floor":10.0,"key":"SMITH"},{"data":"Zap","floor":12.0,"key":"SMITH"},{"floor":15.0,"key":"REST"},{"floor":25.0,"key":"REST"}],"neow_cost":"FIFTY_PERCENT_DAMAGE","seed_source_timestamp":0,"circlet_count":0,"master_deck":["Strike_B","Defend_B","Defend_B","Zap+1","Dualcast+1","Cold Snap","Heatsinks","Tempest","Auto Shields","White Noise","White Noise","Thunder Strike","Skim","Leap","Rebound+1","Biased Cognition","Multi-Cast","Force Field"],"special_seed":0,"relics":["Cracked Core","Golden Idol","Lantern","Strawberry","Torii","Velvet Choker","Red Mask","Darkstone Periapt","Dodecahedron","Bottled Lightning"],"potions_floor_usage":[29,30],"damage_taken":[{"damage":9.0,"enemies":"Small Slimes","floor":1.0,"turns":3.0},{"damage":4.0,"enemies":"2 Louse","floor":7.0,"turns":3.0},{"damage":19.0,"enemies":"Gremlin Nob","floor":8.0,"turns":4.0},{"damage":7.0,"enemies":"3 Sentries","floor":11.0,"turns":9.0},{"damage":0.0,"enemies":"Jaw Worm","floor":13.0,"turns":3.0},{"damage":2.0,"enemies":"3 Louse","floor":14.0,"turns":3.0},{"damage":22.0,"enemies":"The Guardian","floor":16.0,"turns":14.0},{"damage":6.0,"enemies":"Shell Parasite","floor":18.0,"turns":8.0},{"damage":2.0,"floor":19.0,"turns":3.0},{"damage":23.0,"enemies":"2 Thieves","floor":21.0,"turns":3.0},{"damage":26.0,"enemies":"Snecko","floor":22.0,"turns":5.0},{"damage":35.0,"enemies":"Slavers","floor":23.0,"turns":6.0},{"damage":0.0,"enemies":"3 Cultists","floor":24.0,"turns":3.0},{"damage":12.0,"enemies":"Sentry and Sphere","floor":27.0,"turns":4.0},{"damage":2.0,"enemies":"Chosen and Byrds","floor":28.0,"turns":4.0},{"damage":21,"enemies":"Book of Stabbing","floor":29,"turns":5},{"damage":7,"enemies":"Cultist and Chosen","floor":30,"turns":5},{"damage":27,"enemies":"Gremlin Leader","floor":31,"turns":2}],"seed_played":"-5992447572426991694","potions_obtained":[{"floor":1.0,"key":"FairyPotion"},{"floor":8.0,"key":"Poison Potion"},{"floor":14.0,"key":"Explosive Potion"},{"floor":16.0,"key":"Regen Potion"},{"floor":19.0,"key":"Regen Potion"},{"floor":24.0,"key":"Explosive Potion"},{"floor":27.0,"key":"Regen Potion"}],"is_trial":false,"path_per_floor":["M","?","$","?","?","R","M","E","T","R","E","R","M","M","R","B",null,"M","?","?","M","M","E","M","R","T","M","M","E","M"],"character_chosen":"DEFECT","items_purchased":[],"campfire_rested":3,"item_purchase_floors":[],"current_hp_per_floor":[29,22,22,22,22,44,40,21,28,28,21,21,21,19,43,21,82,76,74,74,60,34,15,15,39,39,27,25,18,11,0],"gold":441,"neow_bonus":"REMOVE_TWO","is_prod":false,"is_daily":false,"chose_seed":false,"campfire_upgraded":2,"win_rate":0,"timestamp":1531135171,"path_taken":["M","?","$","?","?","R","M","E","T","R","E","R","M","M","R","BOSS","M","?","?","M","M","E","M","R","T","M","M","E","M","E"],"build_version":"2018-07-05","purchased_purges":1,"victory":false,"max_hp_per_floor":[75,75,75,75,75,75,75,75,82,82,82,82,82,82,82,82,82,82,82,82,82,82,82,82,82,82,82,82,82,82,82],"card_choices":[{"not_picked":["Sweeping Beam","Recycle"],"picked":"Cold Snap","floor":1.0},{"not_picked":["Skim","Turbo"],"picked":"Tempest","floor":7.0},{"not_picked":["Cold Snap","White Noise"],"picked":"Auto Shields","floor":8.0},{"not_picked":["Fission","Double Energy"],"picked":"White Noise","floor":11.0},{"not_picked":["Undo","Rip and Tear","Steam"],"picked":"SKIP","floor":13.0},{"not_picked":["Leap","Hologram"],"picked":"White Noise","floor":14.0},{"not_picked":["Meteor Strike","Machine Learning"],"picked":"Thunder Strike","floor":16.0},{"not_picked":["FTL","Streamline+1"],"picked":"Skim","floor":18.0},{"not_picked":["Barrage","Static Discharge"],"picked":"Leap","floor":21.0},{"not_picked":["Leap","Reinforced Body"],"picked":"Rebound+1","floor":22.0},{"not_picked":["Reprogram+1","Cold Snap"],"picked":"Biased Cognition","floor":23.0},{"not_picked":["Lockon","Storm","Stack"],"picked":"SKIP","floor":24.0},{"not_picked":["Compile Driver","Coolheaded","Steam"],"picked":"SKIP","floor":27.0},{"not_picked":["Sweeping Beam","Fusion","Streamline"],"picked":"SKIP","floor":28},{"not_picked":["Hyperbeam","Sunder"],"picked":"Multi-Cast","floor":29},{"not_picked":["Barrage","Gash+1"],"picked":"Force Field","floor":30}],"player_experience":111430,"relics_obtained":[{"floor":8.0,"key":"Lantern"},{"floor":9.0,"key":"Strawberry"},{"floor":11.0,"key":"Torii"},{"floor":19.0,"key":"Red Mask"},{"floor":23.0,"key":"Darkstone Periapt"},{"floor":26.0,"key":"Dodecahedron"},{"floor":29,"key":"Bottled Lightning"}],"event_choices":[{"event_name":"Golden Wing","player_choice":"Card Removal","floor":2.0,"damage_taken":0.0},{"event_name":"Transmorgrifier","player_choice":"Transform","floor":4.0,"damage_taken":0.0},{"event_name":"Golden Idol","player_choice":"Take Wound","floor":5.0,"damage_taken":0.0},{"event_name":"Masked Bandits","player_choice":"Fought over 316 gold","floor":19.0,"damage_taken":0.0},{"event_name":"Beggar","player_choice":"Gave Gold","floor":20.0,"damage_taken":0.0}],"boss_relics":[{"not_picked":["Busted Crown","Coffee Dripper"],"picked":"Velvet Choker"}],"items_purged_floors":[3],"is_endless":false,"potions_floor_spawned":[1,8,14,16,18,19,24,27,28],"killed_by":"Gremlin Leader","ascension_level":0}