{"gold_per_floor":[109,109,109,109,126,153,153,173,224,252,262,25,25,52,52,126,126,140,166,185,196,17,17,28,28,52,66,139,63,63,83,83,160,160,177,277,113,113,125,125,144,144,144,144,158,158,170,170],"floor_reached":48,"playtime":1799,"items_purged":["Strike_B","Strike_B"],"score":925,"play_id":"6f74eb66-4a6f-4c1a-b936-68a3c5fe0361","local_time":"20181029221634","is_ascension_mode":true,"campfire_choices":[{"data":"Zap","floor":7.0,"key":"SMITH"},{"data":"Dualcast","floor":13.0,"key":"SMITH"},{"data":"Conserve Battery","floor":15.0,"key":"SMITH"},{"floor":23.0,"key":"REST"},{"floor":25.0,"key":"REST"},{"floor":30.0,"key":"REST"},{"floor":32.0,"key":"REST"},{"data":"Creative AI","floor":40.0,"key":"SMITH"},{"data":"Loop","floor":42.0,"key":"SMITH"},{"data":"Reboot","floor":44.0,"key":"SMITH"},{"data":"Coolheaded","floor":46.0,"key":"SMITH"}],"neow_cost":"NONE","seed_source_timestamp":128877586898682,"circlet_count":0,"master_deck":["Defend_B","Defend_B","Defend_B","Defend_B","Zap+1","Dualcast+1","AscendersBane","Fusion+1","Cold Snap","Conserve Battery+1","Scrape","Heatsinks","Electrodynamics","Coolheaded+1","Self Repair","Creative AI+1","Coolheaded","Biased Cognition","Loop+1","Reboot+1","Capacitor"],"special_seed":0,"relics":["Cracked Core","NeowsBlessing","Bag of Marbles","Anchor","Ornamental Fan","Dodecahedron","Busted Crown","Red Mask","Orichalcum","Shuriken","Inserter","Turnip","DataDisk","Girya"],"potions_floor_usage":[],"damage_taken":[{"damage":0.0,"enemies":"Cultist","floor":1.0,"turns":1.0},{"damage":0.0,"enemies":"Jaw Worm","floor":5.0,"turns":1.0},{"damage":0.0,"enemies":"Gremlin Nob","floor":6.0,"turns":1.0},{"damage":7.0,"enemies":"Small Slimes","floor":8.0,"turns":3.0},{"damage":16.0,"enemies":"Lagavulin","floor":10.0,"turns":7.0},{"damage":7.0,"enemies":"3 Louse","floor":11.0,"turns":4.0},{"damage":0.0,"enemies":"3 Sentries","floor":14.0,"turns":4.0},{"damage":25.0,"enemies":"Slime Boss","floor":16.0,"turns":12.0},{"damage":24.0,"enemies":"Spheric Guardian","floor":18.0,"turns":5.0},{"damage":18.0,"enemies":"Masked Bandits","floor":19.0,"turns":3.0},{"damage":15.0,"enemies":"3 Byrds","floor":20.0,"turns":3.0},{"damage":27.0,"enemies":"Snake Plant","floor":21.0,"turns":8.0},{"damage":27.0,"enemies":"3 Cultists","floor":24.0,"turns":5.0},{"damage":29.0,"enemies":"Shelled Parasite and Fungi","floor":27.0,"turns":8.0},{"damage":37.0,"enemies":"Sentry and Sphere","floor":31.0,"turns":6.0},{"damage":17.0,"enemies":"Champ","floor":33.0,"turns":12.0},{"damage":8.0,"enemies":"Orb Walker","floor":35.0,"turns":4.0},{"damage":24.0,"enemies":"Mind Bloom Boss Battle","floor":36.0,"turns":8.0},{"damage":4.0,"enemies":"3 Shapes","floor":39.0,"turns":3.0},{"damage":20.0,"enemies":"Maw","floor":41.0,"turns":12.0},{"damage":7.0,"enemies":"4 Shapes","floor":45.0,"turns":3.0},{"damage":40,"enemies":"Transient","floor":47,"turns":6},{"damage":14,"enemies":"Maw","floor":48,"turns":2}],"seed_played":"1664114331790134965","potions_obtained":[{"floor":1.0,"key":"PowerPotion"},{"floor":8.0,"key":"Regen Potion"},{"floor":14.0,"key":"Block Potion"},{"floor":16.0,"key":"AttackPotion"},{"floor":18.0,"key":"FocusPotion"},{"floor":21.0,"key":"FocusPotion"},{"floor":33.0,"key":"Strength Potion"},{"floor":39.0,"key":"SteroidPotion"},{"floor":41.0,"key":"Dexterity Potion"}],"is_trial":false,"path_per_floor":["M","?","?","?","M","E","R","M","T","E","M","$","R","E","R","B",null,"M","?","M","M","$","R","M","R","T","M","T","$","R","M","R","B",null,"M","?","$","?","M","R","M","R","T","R","M","R","M"],"character_chosen":"DEFECT","items_purchased":["Coolheaded","Fruit Juice","Biased Cognition","Loop","DataDisk"],"campfire_rested":4,"item_purchase_floors":[12,12,22,29,37],"current_hp_per_floor":[64,69,69,69,69,69,69,62,62,46,39,39,39,44,44,19,66,49,38,30,10,10,34,14,38,38,16,16,16,40,3,27,32,69,68,51,51,51,54,54,41,41,41,41,41,41,8,0],"gold":170,"neow_bonus":"THREE_ENEMY_KILL","is_prod":false,"is_daily":false,"chose_seed":false,"campfire_upgraded":7,"win_rate":0,"timestamp":1540847794,"path_taken":["M","?","?","?","M","E","R","M","T","E","?","$","R","E","R","BOSS","M","?","M","M","$","R","M","R","T","?","?","?","R","M","R","BOSS","M","?","$","?","?","R","M","R","T","R","M","R","M","M"],"build_version":"2018-10-29","purchased_purges":2,"victory":false,"max_hp_per_floor":[71,76,76,76,76,76,76,76,76,76,76,76,76,81,81,81,81,81,81,81,81,81,81,81,81,81,81,81,81,81,81,81,81,81,81,81,81,81,81,81,81,81,81,81,81,81,81,81],"card_choices":[{"not_picked":["Rip and Tear","Redo"],"picked":"Fusion","floor":1.0},{"not_picked":["Chill","Beam Cell"],"picked":"Cold Snap","floor":5.0},{"not_picked":["Rebound","Ball Lightning"],"picked":"Conserve Battery","floor":6.0},{"not_picked":["Auto Shields","Steam"],"picked":"Scrape","floor":8.0},{"not_picked":["Cold Snap","Aggregate"],"picked":"Heatsinks","floor":10.0},{"not_picked":["Compile Driver","Gash"],"picked":"Electrodynamics","floor":11.0},{"not_picked":["Electrodynamics","Sweeping Beam"],"picked":"Self Repair","floor":14.0},{"not_picked":["Fission","Thunder Strike"],"picked":"Creative AI","floor":16.0},{"not_picked":["Stack+1"],"picked":"SKIP","floor":18.0},{"not_picked":[],"picked":"Coolheaded","floor":19.0},{"not_picked":["Cold Snap"],"picked":"SKIP","floor":20.0},{"not_picked":["Reprogram"],"picked":"SKIP","floor":21.0},{"not_picked":["Steam"],"picked":"SKIP","floor":24.0},{"not_picked":["Heatsinks"],"picked":"SKIP","floor":27.0},{"not_picked":["Rebound+1"],"picked":"SKIP","floor":31.0},{"not_picked":[],"picked":"Reboot","floor":33.0},{"not_picked":[],"picked":"Capacitor","floor":35.0},{"not_picked":["Rebound"],"picked":"SKIP","floor":39.0},{"not_picked":["Heatsinks"],"picked":"SKIP","floor":41.0},{"not_picked":["Stack"],"picked":"SKIP","floor":45.0},{"not_picked":["Heatsinks+1"],"picked":"SKIP","floor":47}],"player_experience":721104,"relics_obtained":[{"floor":6.0,"key":"Bag of Marbles"},{"floor":9.0,"key":"Anchor"},{"floor":10.0,"key":"Ornamental Fan"},{"floor":14.0,"key":"Dodecahedron"},{"floor":19.0,"key":"Red Mask"},{"floor":26.0,"key":"Orichalcum"},{"floor":28.0,"key":"Shuriken"},{"floor":36.0,"key":"Turnip"},{"floor":43.0,"key":"Girya"}],"event_choices":[{"damage_healed":0.0,"max_hp_gain":5.0,"max_hp_loss":0.0,"gold_gain":0.0,"event_name":"Big Fish","player_choice":"Donut","floor":2.0,"gold_loss":0.0,"damage_taken":0.0},{"cards_removed":["Strike_B"],"damage_healed":0.0,"max_hp_gain":0.0,"max_hp_loss":0.0,"gold_gain":0.0,"event_name":"Purifier","player_choice":"Purged","floor":3.0,"gold_loss":0.0,"damage_taken":0.0},{"damage_healed":0.0,"max_hp_gain":0.0,"max_hp_loss":0.0,"gold_gain":0.0,"event_name":"Living Wall","player_choice":"Grow","floor":4.0,"gold_loss":0.0,"damage_taken":0.0,"cards_upgraded":["Fusion"]},{"damage_healed":0.0,"max_hp_gain":0.0,"max_hp_loss":0.0,"gold_gain":0.0,"event_name":"Masked Bandits","player_choice":"Fought Bandits","floor":19.0,"gold_loss":0.0,"damage_taken":0.0},{"damage_healed":0.0,"max_hp_gain":0.0,"max_hp_loss":0.0,"gold_gain":0.0,"event_name":"MindBloom","player_choice":"Fight","floor":36.0,"gold_loss":0.0,"damage_taken":0.0},{"cards_removed":["Strike_B"],"damage_healed":0.0,"max_hp_gain":0.0,"max_hp_loss":0.0,"gold_gain":0.0,"event_name":"Bonfire Elementals","player_choice":"Offered Basic","floor":38.0,"gold_loss":0.0,"damage_taken":0.0}],"is_beta":true,"boss_relics":[{"not_picked":["Fusion Hammer","Snecko Eye"],"picked":"Busted Crown"},{"not_picked":["Sozu","Tiny House"],"picked":"Inserter"}],"items_purged_floors":[12,22],"is_endless":false,"potions_floor_spawned":[1,8,14,16,18,21,24,27,33,39,41,47],"killed_by":"Maw","ascension_level":17}