{"gold_per_floor":[110,185,185,70,131,131,181,245,245,295,345,358,358,370,370,470,470,484,384,359,324,341,341,391,391,446,523,448,466,242,257,257,362,362,373,383,433,499,127,127,156,206,252,302,152,186,336,403,403,403],"floor_reached":51,"playtime":3562,"items_purged":["Defend_G","Strike_G","Normality","Writhe","Defend_G","Writhe"],"score":1138,"play_id":"c47655f4-846b-4ff0-accb-9f25ac978369","local_time":"20191013231826","is_ascension_mode":true,"campfire_choices":[{"data":"Neutralize","floor":6,"key":"SMITH"},{"data":"Well Laid Plans","floor":13,"key":"SMITH"},{"data":"Heel Hook","floor":15,"key":"SMITH"},{"data":"Underhanded Strike","floor":23,"key":"SMITH"},{"data":"Dagger Throw","floor":25,"key":"SMITH"},{"data":"All Out Attack","floor":32,"key":"SMITH"},{"data":"Tools of the Trade","floor":40,"key":"SMITH"},{"data":"Shame","floor":49,"key":"PURGE"}],"neow_cost":"TEN_PERCENT_HP_LOSS","seed_source_timestamp":5657169507822,"circlet_count":0,"master_deck":["Defend_G","Survivor","Neutralize+1","Dagger Throw+1","All Out Attack+1","Well Laid Plans+1","Heel Hook+1","Adrenaline+1","Acrobatics+1","Underhanded Strike+1","Prepared+1","Reflex+1","Backflip+1","Tools of the Trade+1","Prepared+1","Deflect+1","Outmaneuver+1","Backflip+1","Prepared+1","Reflex+1","Heel Hook+1","Finisher+1","Parasite","After Image","Eviscerate+1","Tactician+1"],"relics":["Ring of the Snake","WingedGreaves","SsserpentHead","Toxic Egg 2","Cursed Key","TungstenRod","Mango","Tiny Chest","PreservedInsect","Astrolabe","DollysMirror","Pen Nib","Orichalcum","Bottled Flame","Darkstone Periapt","Peace Pipe"],"potions_floor_usage":[16,22,36,50],"damage_taken":[{"damage":1,"enemies":"Small Slimes","floor":1,"turns":4},{"damage":0,"enemies":"Jaw Worm","floor":5,"turns":4},{"damage":0,"enemies":"Cultist","floor":8,"turns":3},{"damage":1,"enemies":"Blue Slaver","floor":12,"turns":4},{"damage":0,"enemies":"Lots of Slimes","floor":14,"turns":2},{"damage":12,"enemies":"Hexaghost","floor":16,"turns":11},{"damage":2,"enemies":"3 Byrds","floor":18,"turns":4},{"damage":0,"enemies":"Shell Parasite","floor":22,"turns":4},{"damage":2,"enemies":"Chosen and Byrds","floor":29,"turns":4},{"damage":16,"enemies":"Cultist and Chosen","floor":31,"turns":4},{"damage":18,"enemies":"Champ","floor":33,"turns":10},{"damage":6,"enemies":"3 Shapes","floor":35,"turns":2},{"damage":0,"enemies":"Orb Walker","floor":36,"turns":2},{"damage":0,"enemies":"Spire Growth","floor":38,"turns":4},{"damage":0,"enemies":"Nemesis","floor":41,"turns":3},{"damage":0,"enemies":"Reptomancer","floor":46,"turns":2},{"damage":0,"enemies":"Mind Bloom Boss Battle","floor":47,"turns":3},{"damage":4,"enemies":"Writhing Mass","floor":48,"turns":3},{"damage":28,"enemies":"Donu and Deca","floor":50,"turns":8}],"seed_played":"490059074417543061","potions_obtained":[{"floor":5,"key":"Ancient Potion"},{"floor":8,"key":"Strength Potion"},{"floor":14,"key":"Poison Potion"},{"floor":18,"key":"Dexterity Potion"},{"floor":33,"key":"Energy Potion"},{"floor":35,"key":"EssenceOfSteel"},{"floor":36,"key":"Fruit Juice"},{"floor":46,"key":"Fire Potion"}],"is_trial":false,"path_per_floor":["M","?","?","$","M","R","?","M","T","?","?","M","R","M","R","B",null,"M","$","?","?","M","R","?","R","T","T","$","M","$","M","R","B",null,"M","M","?","M","$","R","E","?","T","T","$","E","?","M","R","B",null],"character_chosen":"THE_SILENT","items_purchased":["All Out Attack","Reflex+1","Reflex+1","DollysMirror"],"campfire_rested":0,"item_purchase_floors":[4,30,39,39],"current_hp_per_floor":[62,51,51,51,51,51,51,51,51,56,56,55,55,55,55,43,62,60,60,60,60,60,60,74,74,74,74,74,72,72,56,56,38,71,65,70,87,87,87,87,87,87,87,87,87,87,87,83,83,55],"gold":403,"neow_bonus":"ONE_RARE_RELIC","is_prod":false,"is_daily":false,"chose_seed":false,"campfire_upgraded":7,"win_rate":0,"timestamp":1570976306,"path_taken":["M","?","?","$","?","R","?","?","T","?","?","M","R","M","R","BOSS","M","$","?","?","M","R","?","R","T","?","?","M","$","M","R","BOSS","M","M","?","?","$","R","E","?","T","?","?","E","?","?","R","BOSS"],"build_version":"2019-10-11","purchased_purges":6,"victory":true,"max_hp_per_floor":[63,63,63,63,63,63,63,63,63,68,68,68,68,68,68,68,68,68,68,68,68,68,68,82,82,82,82,82,82,82,82,82,82,82,82,87,87,87,87,87,87,87,87,87,87,87,87,87,87,87],"card_choices":[{"not_picked":["Setup","Blade Dance"],"picked":"Dagger Throw","floor":1},{"not_picked":["Deflect","Setup","Outmaneuver"],"picked":"SKIP","floor":5},{"not_picked":["Setup","Dash","Slice"],"picked":"SKIP","floor":8},{"not_picked":["Sucker Punch","Cloak And Dagger+1"],"picked":"Well Laid Plans","floor":12},{"not_picked":["Slice","Deadly Poison+1"],"picked":"Heel Hook","floor":14},{"not_picked":["Night Terror+1","Envenom"],"picked":"Adrenaline+1","floor":16},{"not_picked":["Deadly Poison+1","Outmaneuver+1"],"picked":"Acrobatics+1","floor":18},{"not_picked":["Backflip+1","Deadly Poison+1"],"picked":"Underhanded Strike","floor":22},{"not_picked":["A Thousand Cuts","Masterful Stab+1"],"picked":"Prepared+1","floor":29},{"not_picked":["PiercingWail+1","Quick Slash"],"picked":"Backflip+1","floor":31},{"not_picked":["Wraith Form v2","Doppelganger+1"],"picked":"Tools of the Trade","floor":33},{"not_picked":["Poisoned Stab+1","Outmaneuver+1","Bane"],"picked":"SKIP","floor":35},{"not_picked":["Poisoned Stab","Dodge and Roll+1"],"picked":"Backflip+1","floor":36},{"not_picked":["Deadly Poison+1","PiercingWail+1"],"picked":"Prepared+1","floor":38},{"not_picked":["Accuracy+1","Predator+1"],"picked":"Finisher+1","floor":41},{"not_picked":["Underhanded Strike","Poisoned Stab"],"picked":"After Image","floor":46},{"not_picked":["Cloak And Dagger+1","Well Laid Plans"],"picked":"Eviscerate+1","floor":47},{"not_picked":["PiercingWail+1","Bane"],"picked":"Tactician+1","floor":48}],"player_experience":594056,"relics_obtained":[{"floor":9,"key":"Toxic Egg 2"},{"floor":26,"key":"Tiny Chest"},{"floor":27,"key":"PreservedInsect"},{"floor":41,"key":"Pen Nib"},{"floor":43,"key":"Orichalcum"},{"floor":44,"key":"Bottled Flame"},{"floor":46,"key":"Darkstone Periapt"},{"floor":47,"key":"Peace Pipe"}],"event_choices":[{"damage_healed":0,"gold_gain":75,"player_choice":"Gather Gold","damage_taken":11,"max_hp_gain":0,"max_hp_loss":0,"event_name":"World of Goop","floor":2,"gold_loss":0},{"damage_healed":0,"gold_gain":0,"player_choice":"Trade","damage_taken":0,"relics_obtained":["SsserpentHead"],"max_hp_gain":0,"max_hp_loss":0,"event_name":"FaceTrader","floor":3,"gold_loss":0},{"cards_removed":["Strike_G"],"damage_healed":0,"gold_gain":0,"player_choice":"Purged","damage_taken":0,"max_hp_gain":0,"max_hp_loss":0,"event_name":"Purifier","floor":7,"gold_loss":0},{"damage_healed":0,"gold_gain":0,"player_choice":"Donut","damage_taken":0,"max_hp_gain":5,"max_hp_loss":0,"event_name":"Big Fish","floor":10,"gold_loss":0},{"cards_removed":["Defend_G"],"damage_healed":0,"gold_gain":0,"player_choice":"Forget","damage_taken":0,"max_hp_gain":0,"max_hp_loss":0,"event_name":"Living Wall","floor":11,"gold_loss":0},{"cards_removed":["Defend_G"],"damage_healed":0,"gold_gain":0,"player_choice":"Gave Gold","damage_taken":0,"max_hp_gain":0,"max_hp_loss":0,"event_name":"Beggar","floor":20,"gold_loss":75},{"damage_healed":0,"gold_gain":0,"player_choice":"Obtained Relic","damage_taken":0,"relics_obtained":["TungstenRod"],"max_hp_gain":0,"max_hp_loss":0,"event_name":"Addict","floor":21,"gold_loss":85},{"damage_healed":0,"gold_gain":0,"player_choice":"Opened","damage_taken":0,"relics_obtained":["Mango"],"max_hp_gain":0,"max_hp_loss":0,"event_name":"The Mausoleum","floor":24,"gold_loss":0,"cards_obtained":["Writhe"]},{"damage_healed":17,"gold_gain":0,"player_choice":"Full Heal","damage_taken":0,"max_hp_gain":0,"max_hp_loss":0,"event_name":"Wheel of Change","floor":37,"gold_loss":0},{"damage_healed":0,"gold_gain":0,"player_choice":"Ignored","damage_taken":0,"max_hp_gain":0,"max_hp_loss":0,"event_name":"Tomb of Lord Red Mask","floor":42,"gold_loss":0},{"damage_healed":0,"gold_gain":0,"player_choice":"Fight","damage_taken":0,"max_hp_gain":0,"max_hp_loss":0,"event_name":"MindBloom","floor":47,"gold_loss":0}],"is_beta":true,"boss_relics":[{"not_picked":["WristBlade","Snecko Eye"],"picked":"Cursed Key"},{"not_picked":["Velvet Choker","Pandora\u0027s Box"],"picked":"Astrolabe"}],"items_purged_floors":[4,19,28,30,39,45],"is_endless":false,"potions_floor_spawned":[5,8,14,18,33,35,36,46],"ascension_level":9}