{"gold_per_floor":[109,109,34,51,51,79,94,113,113,146,162,173,173,185,185,185],"floor_reached":16,"playtime":429,"items_purged":["Strike_G"],"score":252,"play_id":"89c31d3c-d92f-49e3-874b-d85c32365348","local_time":"20181106155241","is_ascension_mode":true,"campfire_choices":[{"data":"Bouncing Flask","floor":13,"key":"SMITH"},{"floor":15,"key":"REST"}],"neow_cost":"NONE","seed_source_timestamp":278901350317175,"circlet_count":0,"master_deck":["AscendersBane","Defend_G","Defend_G","Defend_G","Defend_G","Defend_G","Strike_G","Strike_G","Strike_G","Strike_G","Survivor","Neutralize","Deadly Poison","Adrenaline","Deadly Poison","Leg Sweep","Leg Sweep","Deadly Poison","Footwork","Bouncing Flask+1","Bouncing Flask"],"special_seed":0,"relics":["Ring of the Snake","NeowsBlessing","Bag of Marbles","Mercury Hourglass","Ice Cream"],"potions_floor_usage":[10,16],"damage_taken":[{"damage":0.0,"enemies":"Small Slimes","floor":1.0,"turns":1.0},{"damage":0.0,"enemies":"Cultist","floor":4.0,"turns":1.0},{"damage":0,"enemies":"3 Sentries","floor":6,"turns":1},{"damage":0,"enemies":"2 Louse","floor":7,"turns":3},{"damage":3,"enemies":"Exordium Thugs","floor":8,"turns":5},{"damage":21,"enemies":"3 Sentries","floor":10,"turns":9},{"damage":6,"enemies":"3 Louse","floor":11,"turns":3},{"damage":0,"enemies":"Looter","floor":12,"turns":3},{"damage":0,"enemies":"Red Slaver","floor":14,"turns":4},{"damage":23,"enemies":"Slime Boss","floor":16,"turns":6}],"seed_played":"761372262207570086","potions_obtained":[{"floor":4.0,"key":"Dexterity Potion"},{"floor":7,"key":"SkillPotion"},{"floor":10,"key":"SpeedPotion"}],"is_trial":false,"path_per_floor":["M","?","$","M","?","E","M","M","T","?","M","M","R","M","R","B"],"character_chosen":"THE_SILENT","items_purchased":[],"campfire_rested":1,"item_purchase_floors":[],"current_hp_per_floor":[59,59,59,59,59,59,59,56,56,35,29,29,29,29,48,25],"gold":185,"neow_bonus":"THREE_ENEMY_KILL","is_prod":false,"is_daily":false,"chose_seed":false,"campfire_upgraded":1,"win_rate":0,"timestamp":1541515961,"path_taken":["M","?","$","?","?","E","M","M","T","?","M","M","R","M","R","BOSS"],"build_version":"2018-11-05","purchased_purges":1,"victory":false,"max_hp_per_floor":[66,66,66,66,66,66,66,66,66,66,66,66,66,66,66,66],"card_choices":[{"not_picked":["Acrobatics","Bane"],"picked":"Deadly Poison","floor":1.0},{"not_picked":["Dodge and Roll","Riddle With Holes"],"picked":"Deadly Poison","floor":4.0},{"not_picked":["Tools of the Trade","Prepared"],"picked":"Leg Sweep","floor":6},{"not_picked":["PiercingWail","Acrobatics"],"picked":"Leg Sweep","floor":7},{"not_picked":["Tactician","Flechettes","Acrobatics"],"picked":"SKIP","floor":8},{"not_picked":["Outmaneuver","Quick Slash"],"picked":"Deadly Poison","floor":10},{"not_picked":["Well Laid Plans","Dagger Spray"],"picked":"Footwork","floor":11},{"not_picked":["Underhanded Strike","Backflip"],"picked":"Bouncing Flask","floor":12},{"not_picked":["Leg Sweep","Setup"],"picked":"Bouncing Flask","floor":14}],"player_experience":750579,"relics_obtained":[{"floor":6,"key":"Bag of Marbles"},{"floor":9,"key":"Mercury Hourglass"},{"floor":10,"key":"Ice Cream"}],"event_choices":[{"damage_healed":0.0,"max_hp_gain":0.0,"max_hp_loss":0.0,"gold_gain":0.0,"event_name":"Match and Keep!","player_choice":"1 cards matched","floor":2.0,"gold_loss":0.0,"damage_taken":0.0,"cards_obtained":["Adrenaline"]},{"damage_healed":0,"gold_gain":0,"player_choice":"Fled","damage_taken":0,"max_hp_gain":0,"max_hp_loss":0,"event_name":"Scrap Ooze","floor":5,"gold_loss":0},{"damage_healed":0,"gold_gain":30,"player_choice":"Searched \u00272\u0027 times","damage_taken":0,"max_hp_gain":0,"max_hp_loss":0,"event_name":"Dead Adventurer","floor":10,"gold_loss":0}],"is_beta":true,"boss_relics":[],"items_purged_floors":[3],"is_endless":false,"potions_floor_spawned":[4,7,8,10,11],"killed_by":"Slime Boss","ascension_level":19}