{"gold_per_floor":[12,12,12,29,45,73,73,99,99,113,130,142,161,336,336,436,436,449,449,459,178,198,198,123,142,142,142,152,164,64,93,93,194,194,207,207,65,65,65,91,91,106,106,106,119,0,15,30,30,30],"floor_reached":51,"playtime":2351,"items_purged":["Doubt","Strike_R"],"score":711,"play_id":"14df7a12-622a-4655-a3ad-26facdba6bb0","local_time":"20180729145605","is_ascension_mode":false,"campfire_choices":[{"data":"Pommel Strike","floor":7.0,"key":"SMITH"},{"data":"Flex","floor":15.0,"key":"SMITH"},{"data":"Bash","floor":23.0,"key":"SMITH"},{"floor":27.0,"key":"DIG"},{"data":"Iron Wave","floor":32.0,"key":"SMITH"},{"data":"Whirlwind","floor":41.0,"key":"SMITH"},{"data":"Madness","floor":44.0,"key":"SMITH"},{"data":"Madness","floor":49,"key":"SMITH"}],"neow_cost":"NO_GOLD","seed_source_timestamp":5456333636877,"circlet_count":0,"master_deck":["Strike_R","Defend_R","Defend_R+1","Bash+1","Flex+1","Pommel Strike+1","Flex+1","Clash","Sever Soul","Double Tap+1","Rage","Thunderclap","Iron Wave+1","Offering","Whirlwind+1","Limit Break+1","Madness+1","Madness+1","Clash","Sword Boomerang","Iron Wave+1"],"special_seed":0,"relics":["Black Blood","Juzu Bracelet","Letter Opener","Ornamental Fan","Philosopher\u0027s Stone","Lee\u0027s Waffle","Shovel","Nunchaku","Potion Belt","Gremlin Horn","Bottled Lightning","Red Mask"],"potions_floor_usage":[50,50,50],"damage_taken":[{"damage":6.0,"enemies":"2 Louse","floor":1.0,"turns":3.0},{"damage":1.0,"enemies":"Jaw Worm","floor":4.0,"turns":3.0},{"damage":0.0,"enemies":"Cultist","floor":5.0,"turns":2.0},{"damage":28.0,"enemies":"Lagavulin","floor":6.0,"turns":4.0},{"damage":16.0,"enemies":"Gremlin Nob","floor":8.0,"turns":3.0},{"damage":8.0,"enemies":"Large Slime","floor":10.0,"turns":3.0},{"damage":3.0,"enemies":"Lots of Slimes","floor":11.0,"turns":3.0},{"damage":0.0,"enemies":"Exordium Wildlife","floor":12.0,"turns":3.0},{"damage":3.0,"enemies":"Red Slaver","floor":13.0,"turns":2.0},{"damage":28.0,"enemies":"Hexaghost","floor":16.0,"turns":6.0},{"damage":16.0,"enemies":"2 Thieves","floor":18.0,"turns":3.0},{"damage":18.0,"enemies":"Shell Parasite","floor":20.0,"turns":4.0},{"damage":7.0,"enemies":"Sentry and Sphere","floor":22.0,"turns":3.0},{"damage":0.0,"enemies":"3 Cultists","floor":25.0,"turns":3.0},{"damage":0.0,"enemies":"Snecko","floor":28.0,"turns":2.0},{"damage":4.0,"enemies":"Centurion and Healer","floor":29.0,"turns":3.0},{"damage":16.0,"enemies":"Slavers","floor":31.0,"turns":3.0},{"damage":37.0,"enemies":"Automaton","floor":33.0,"turns":9.0},{"damage":5.0,"enemies":"3 Darklings","floor":35.0,"turns":3.0},{"damage":25.0,"enemies":"Giant Head","floor":40.0,"turns":6.0},{"damage":11.0,"enemies":"3 Shapes","floor":42.0,"turns":2.0},{"damage":5.0,"enemies":"Transient","floor":45.0,"turns":5.0},{"damage":6,"enemies":"Maw","floor":47,"turns":4},{"damage":5,"enemies":"3 Darklings","floor":48,"turns":1},{"damage":33,"enemies":"Awakened One","floor":50,"turns":5}],"seed_played":"-2797902716918088600","potions_obtained":[{"floor":6.0,"key":"Poison Potion"},{"floor":11.0,"key":"EssenceOfSteel"},{"floor":13.0,"key":"AttackPotion"},{"floor":16.0,"key":"Swift Potion"},{"floor":22.0,"key":"Energy Potion"},{"floor":28.0,"key":"Block Potion"},{"floor":31.0,"key":"SpeedPotion"},{"floor":45.0,"key":"Block Potion"},{"floor":47,"key":"Energy Potion"}],"is_trial":false,"path_per_floor":["M","?","?","M","M","E","R","E","T","M","M","M","M","?","R","B",null,"M","?","M","$","M","R","?","M","T","R","M","M","$","E","R","B",null,"M","?","$","?","?","E","R","M","T","R","M","?","M","M","R","B"],"character_chosen":"IRONCLAD","items_purchased":["Lee\u0027s Waffle","Limit Break"],"campfire_rested":0,"item_purchase_floors":[21,37],"current_hp_per_floor":[80,64,64,69,75,53,53,43,43,41,44,50,53,53,53,31,80,70,70,58,87,86,86,86,87,87,87,87,87,87,77,77,46,87,87,87,87,87,76,61,61,60,60,60,65,65,69,74,74,51],"gold":30,"neow_bonus":"REMOVE_TWO","is_prod":false,"is_daily":false,"chose_seed":false,"campfire_upgraded":7,"win_rate":0,"timestamp":1532847365,"path_taken":["M","?","?","M","M","E","R","E","T","M","M","M","M","?","R","BOSS","M","?","M","$","M","R","?","M","T","R","M","M","$","E","R","BOSS","M","?","$","?","?","E","R","M","T","R","M","?","M","M","R","BOSS"],"build_version":"2018-07-26","purchased_purges":2,"victory":true,"max_hp_per_floor":[80,80,80,80,80,80,80,80,80,80,80,80,80,80,80,80,80,80,80,80,87,87,87,87,87,87,87,87,87,87,87,87,87,87,87,87,87,87,87,87,87,87,87,87,87,87,87,87,87,87],"card_choices":[{"not_picked":["Headbutt","Clothesline"],"picked":"Flex","floor":1.0},{"not_picked":["Clothesline","Thunderclap"],"picked":"Pommel Strike","floor":4.0},{"not_picked":["Sword Boomerang","Clothesline","Reckless Charge"],"picked":"SKIP","floor":5.0},{"not_picked":["Carnage","Uppercut"],"picked":"Flex","floor":6.0},{"not_picked":["Second Wind","Sentinel","Body Slam"],"picked":"SKIP","floor":8.0},{"not_picked":["Armaments","True Grit","Evolve"],"picked":"SKIP","floor":10.0},{"not_picked":["Second Wind","Berserk","Headbutt"],"picked":"SKIP","floor":11.0},{"not_picked":["Anger","Bloodletting"],"picked":"Clash","floor":12.0},{"not_picked":["Sword Boomerang","True Grit"],"picked":"Sever Soul","floor":13.0},{"not_picked":["Bludgeon","Dark Embrace"],"picked":"Double Tap","floor":16.0},{"not_picked":["Flame Barrier+1","Rupture+1","Cleave"],"picked":"SKIP","floor":18.0},{"not_picked":["Twin Strike","Perfected Strike+1","Bloodletting"],"picked":"SKIP","floor":20.0},{"not_picked":["Anger","Wild Strike"],"picked":"Rage","floor":22.0},{"not_picked":["Warcry","Burning Pact","Rage+1"],"picked":"SKIP","floor":25.0},{"not_picked":["Barricade","Twin Strike","Inflame"],"picked":"SKIP","floor":28.0},{"not_picked":["Twin Strike","Armaments"],"picked":"Thunderclap","floor":29.0},{"not_picked":["Immolate","Cleave"],"picked":"Iron Wave","floor":31.0},{"not_picked":["Fiend Fire","Brutality"],"picked":"Offering","floor":33.0},{"not_picked":["Clash+1","Wild Strike"],"picked":"Whirlwind","floor":35.0},{"not_picked":["Whirlwind","Twin Strike+1"],"picked":"Clash","floor":40.0},{"not_picked":["Evolve+1","Body Slam+1","Carnage"],"picked":"SKIP","floor":42.0},{"not_picked":["Wild Strike","Cleave"],"picked":"Sword Boomerang","floor":45.0},{"not_picked":["Reckless Charge+1","Anger+1"],"picked":"Iron Wave+1","floor":47},{"not_picked":["Metallicize+1","Searing Blow+1","Clothesline+1"],"picked":"SKIP","floor":48}],"player_experience":248191,"relics_obtained":[{"floor":6.0,"key":"Juzu Bracelet"},{"floor":8.0,"key":"Letter Opener"},{"floor":9.0,"key":"Ornamental Fan"},{"floor":26.0,"key":"Shovel"},{"floor":27.0,"key":"Nunchaku"},{"floor":31.0,"key":"Potion Belt"},{"floor":40.0,"key":"Gremlin Horn"},{"floor":43.0,"key":"Bottled Lightning"}],"event_choices":[{"event_name":"Shining Light","player_choice":"Entered Light","floor":2.0,"damage_taken":0.0},{"event_name":"Bonfire Elementals","player_choice":"BASIC","floor":3.0,"damage_taken":0.0},{"event_name":"Liars Game","player_choice":"agreed","floor":14.0,"damage_taken":0.0},{"event_name":"Upgrade Shrine","player_choice":"Upgraded","floor":19.0,"damage_taken":0.0},{"event_name":"Beggar","player_choice":"Gave Gold","floor":24.0,"damage_taken":0.0},{"event_name":"Falling","player_choice":"Removed Attack","floor":36.0,"damage_taken":0.0},{"event_name":"Upgrade Shrine","player_choice":"Upgraded","floor":38.0,"damage_taken":0.0},{"event_name":"Winding Halls","player_choice":"Embrace Madness","floor":39.0,"damage_taken":0.0},{"event_name":"Tomb of Lord Red Mask","player_choice":"Paid","floor":46.0,"damage_taken":0.0}],"is_beta":false,"boss_relics":[{"not_picked":["Ectoplasm","Lizard Tail"],"picked":"Philosopher\u0027s Stone"},{"not_picked":["Calling Bell","Cursed Key"],"picked":"Black Blood"}],"items_purged_floors":[21,30],"is_endless":false,"potions_floor_spawned":[6,11,13,16,22,28,31,45,47],"ascension_level":0}