{"gold_per_floor":[118,118,118,136,211,211,226,226,226,247,258,183,217,229,229,331,331,345,345,285,200,200,233,233,251,251,277,291,325,275,290,290,392,392,410,410,149,161,0,29,29,29,56,56,85,85,105,150,150,150],"floor_reached":51,"playtime":2908,"items_purged":["Strike_R","Strike_R","Strike_R"],"score":1059,"play_id":"723b16b1-d631-44db-a450-69bc546c7358","local_time":"20181012150848","is_ascension_mode":false,"campfire_choices":[{"data":"Armaments","floor":6,"key":"SMITH"},{"data":"Juggernaut","floor":8,"key":"SMITH"},{"data":"Iron Wave","floor":15,"key":"SMITH"},{"data":"Body Slam","floor":32,"key":"SMITH"},{"floor":41,"key":"REST"},{"data":"Panache","floor":44,"key":"SMITH"},{"data":"Offering","floor":49,"key":"SMITH"}],"neow_cost":"NONE","seed_source_timestamp":2875660444048,"circlet_count":0,"master_deck":["Defend_R","Defend_R","Defend_R","Bash","Juggernaut+1","Armaments+1","Shrug It Off","Iron Wave+1","Body Slam+1","Offering+1","Metallicize+1","Panache+1"],"relics":["Burning Blood","Champion Belt","Odd Mushroom","Sundial","Sozu","Bag of Marbles","Bag of Preparation","Smiling Mask","Bronze Scales","Dodecahedron","Boot","Calipers","Busted Crown","Red Mask","Singing Bowl","Red Skull","Orichalcum","Pocketwatch"],"potions_floor_usage":[14,50],"damage_taken":[{"damage":0,"enemies":"Small Slimes","floor":1,"turns":4},{"damage":15,"enemies":"Jaw Worm","floor":4,"turns":5},{"damage":2,"enemies":"2 Louse","floor":7,"turns":4},{"damage":29,"enemies":"The Mushroom Lair","floor":10,"turns":5},{"damage":2,"enemies":"Looter","floor":11,"turns":3},{"damage":0,"enemies":"Lagavulin","floor":13,"turns":7},{"damage":1,"enemies":"3 Louse","floor":14,"turns":2},{"damage":28,"enemies":"The Guardian","floor":16,"turns":12},{"damage":0,"enemies":"Spheric Guardian","floor":18,"turns":3},{"damage":23,"enemies":"Slavers","floor":23,"turns":7},{"damage":21,"enemies":"3 Byrds","floor":25,"turns":3},{"damage":10,"enemies":"Gremlin Leader","floor":27,"turns":6},{"damage":2,"enemies":"Centurion and Healer","floor":28,"turns":6},{"damage":0,"enemies":"Book of Stabbing","floor":29,"turns":4},{"damage":6,"enemies":"Shelled Parasite and Fungi","floor":31,"turns":3},{"damage":6,"enemies":"Automaton","floor":33,"turns":7},{"damage":0,"enemies":"3 Shapes","floor":35,"turns":4},{"damage":0,"enemies":"Orb Walker","floor":38,"turns":3},{"damage":66,"enemies":"Nemesis","floor":40,"turns":8},{"damage":20,"enemies":"2 Orb Walkers","floor":45,"turns":4},{"damage":6,"enemies":"Transient","floor":47,"turns":5},{"damage":6,"enemies":"Mysterious Sphere","floor":48,"turns":2},{"damage":6,"enemies":"Donu and Deca","floor":50,"turns":7}],"seed_played":"9127984698630721750","potions_obtained":[{"floor":7,"key":"Regen Potion"},{"floor":10,"key":"Explosive Potion"},{"floor":11,"key":"FairyPotion"}],"is_trial":false,"path_per_floor":["M","?","?","M","?","R","M","R","T","?","M","$","E","M","R","B",null,"M","?","?","?","?","E","?","M","T","E","M","E","$","M","R","B",null,"M","?","$","M","?","E","R","?","T","R","E","$","M","?","R","B"],"character_chosen":"IRONCLAD","items_purchased":["Panache"],"campfire_rested":1,"item_purchase_floors":[37],"current_hp_per_floor":[80,85,85,76,65,65,69,69,69,46,50,50,56,61,61,39,85,85,69,69,69,69,52,52,37,37,33,37,43,43,43,43,43,90,90,81,81,87,87,29,56,56,56,56,44,44,46,48,48,63],"gold":150,"neow_bonus":"ONE_RANDOM_RARE_CARD","is_prod":false,"is_daily":false,"chose_seed":false,"campfire_upgraded":6,"win_rate":0,"timestamp":1539328128,"path_taken":["M","?","?","M","?","R","?","R","T","?","M","?","E","M","R","BOSS","M","?","?","?","?","E","?","M","T","E","?","E","$","M","R","BOSS","M","?","$","M","?","E","R","?","T","R","E","$","?","?","R","BOSS"],"build_version":"2018-10-11","purchased_purges":3,"victory":true,"max_hp_per_floor":[80,85,85,85,85,85,85,85,85,85,85,85,85,85,85,85,85,85,90,90,90,90,90,90,90,90,90,90,90,90,90,90,90,90,90,90,90,90,90,92,92,92,92,92,94,94,96,98,98,98],"card_choices":[{"not_picked":["Pommel Strike","Havoc"],"picked":"Armaments","floor":1},{"not_picked":["Seeing Red","Thunderclap","Rampage"],"picked":"SKIP","floor":4},{"not_picked":["Sword Boomerang","Rampage","Anger"],"picked":"SKIP","floor":7},{"not_picked":["Clothesline","Thunderclap"],"picked":"Shrug It Off","floor":10},{"not_picked":["Shockwave","Carnage"],"picked":"Iron Wave","floor":11},{"not_picked":["Burning Pact","Shockwave","Sever Soul"],"picked":"SKIP","floor":13},{"not_picked":["Heavy Blade","Pommel Strike","Rage"],"picked":"SKIP","floor":14},{"not_picked":["Heavy Blade","Wild Strike+1","Burning Pact"],"picked":"SKIP","floor":18},{"not_picked":["Flex","Rupture"],"picked":"Body Slam","floor":23},{"not_picked":["Fire Breathing+1","Armaments","True Grit"],"picked":"SKIP","floor":25},{"not_picked":["Pommel Strike","Evolve","Sword Boomerang"],"picked":"SKIP","floor":27},{"not_picked":["Cleave","Searing Blow","Thunderclap"],"picked":"SKIP","floor":28},{"not_picked":["Bloodletting","Heavy Blade+1"],"picked":"Offering","floor":29},{"not_picked":["Perfected Strike","Clash","Havoc+1"],"picked":"SKIP","floor":31},{"not_picked":[],"picked":"Metallicize+1","floor":35},{"not_picked":["Whirlwind"],"picked":"SKIP","floor":38},{"not_picked":["Clash+1"],"picked":"Singing Bowl","floor":40},{"not_picked":["Cleave+1"],"picked":"Singing Bowl","floor":45},{"not_picked":["Corruption+1"],"picked":"Singing Bowl","floor":47},{"not_picked":["Inflame"],"picked":"Singing Bowl","floor":48}],"player_experience":313300,"relics_obtained":[{"floor":9,"key":"Champion Belt"},{"floor":10,"key":"Odd Mushroom"},{"floor":13,"key":"Sundial"},{"floor":23,"key":"Smiling Mask"},{"floor":26,"key":"Dodecahedron"},{"floor":27,"key":"Boot"},{"floor":29,"key":"Calipers"},{"floor":40,"key":"Singing Bowl"},{"floor":43,"key":"Red Skull"},{"floor":45,"key":"Orichalcum"},{"floor":48,"key":"Pocketwatch"}],"event_choices":[{"event_name":"Big Fish","player_choice":"Donut","floor":2,"damage_taken":0},{"event_name":"Living Wall","player_choice":"Forget","floor":3,"damage_taken":0},{"event_name":"World of Goop","player_choice":"Gather Gold","floor":5,"damage_taken":0},{"event_name":"Mushrooms","player_choice":"Fought Mushrooms","floor":10,"damage_taken":0},{"event_name":"Forgotten Altar","player_choice":"Shed Blood","floor":19,"damage_taken":0},{"event_name":"WeMeetAgain","player_choice":"Gold","floor":20,"damage_taken":0},{"event_name":"Addict","player_choice":"Obtained Relic","floor":21,"damage_taken":0},{"event_name":"Back to Basics","player_choice":"Elegance","floor":22,"damage_taken":0},{"event_name":"The Mausoleum","player_choice":"Yes","floor":24,"damage_taken":0},{"event_name":"Wheel of Change","player_choice":"Damage","floor":36,"damage_taken":0},{"event_name":"Tomb of Lord Red Mask","player_choice":"Paid","floor":39,"damage_taken":0},{"event_name":"Bonfire Elementals","player_choice":"BASIC","floor":42,"damage_taken":0},{"event_name":"Mysterious Sphere","player_choice":"Fight","floor":48,"damage_taken":0}],"is_beta":false,"boss_relics":[{"not_picked":["White Beast Statue","Lizard Tail"],"picked":"Sozu"},{"not_picked":["Mark of Pain","Black Blood"],"picked":"Busted Crown"}],"items_purged_floors":[12,30,37],"is_endless":false,"potions_floor_spawned":[7,10,11,23,28,29,33,35,45,48],"ascension_level":0}