{"gold_per_floor":[119,137,87,51,51,84,9,40,65,65,65,93,113,130,130,230,230,244,263,163,176,194,520,520,520,603,615,635,635,647,666,666,666],"floor_reached":33,"playtime":2110,"items_purged":["Strike_B","Strike_B"],"score":318,"play_id":"6448a57b-899f-4e69-ab0e-ed7005c1b96a","local_time":"20180720092622","is_ascension_mode":true,"campfire_choices":[{"floor":10.0,"key":"REST"},{"data":"Hologram","floor":15.0,"key":"SMITH"},{"floor":25.0,"key":"REST"},{"floor":32,"key":"REST"}],"neow_cost":"NONE","seed_source_timestamp":1269503782148,"circlet_count":0,"master_deck":["Strike_B","Strike_B+1","Defend_B","Defend_B","Defend_B","Zap","Dualcast","Genetic Algorithm","Ball Lightning","Sunder+1","Self Repair+1","Hologram","Hologram+1","FTL","Electrodynamics","Ball Lightning","Tempest","Multi-Cast","Loop+1","Defragment","Undo","Rebound+1"],"special_seed":0,"relics":["Cracked Core","Potion Belt","Regal Pillow","Oddly Smooth Stone","Sundial","Lizard Tail","Old Coin","Shuriken","Tiny Chest"],"potions_floor_usage":[],"damage_taken":[{"damage":2.0,"enemies":"Jaw Worm","floor":1.0,"turns":3.0},{"damage":3.0,"enemies":"2 Louse","floor":2.0,"turns":2.0},{"damage":28.0,"enemies":"Lagavulin","floor":6.0,"turns":5.0},{"damage":28.0,"enemies":"Gremlin Nob","floor":8.0,"turns":4.0},{"damage":36.0,"enemies":"Lagavulin","floor":12.0,"turns":6.0},{"damage":0.0,"enemies":"Cultist","floor":13.0,"turns":3.0},{"damage":5.0,"enemies":"Looter","floor":14.0,"turns":3.0},{"damage":28.0,"enemies":"Hexaghost","floor":16.0,"turns":9.0},{"damage":24.0,"enemies":"2 Thieves","floor":18.0,"turns":4.0},{"damage":40.0,"enemies":"Shell Parasite","floor":19.0,"turns":5.0},{"damage":0.0,"enemies":"Cultist and Chosen","floor":21.0,"turns":4.0},{"damage":34.0,"enemies":"Centurion and Healer","floor":22.0,"turns":4.0},{"damage":9.0,"enemies":"Slavers","floor":23.0,"turns":3.0},{"damage":12.0,"enemies":"3 Cultists","floor":27.0,"turns":4.0},{"damage":35.0,"enemies":"Slaver and Parasite","floor":28.0,"turns":4.0},{"damage":51.0,"enemies":"Centurion and Healer","floor":30.0,"turns":6.0},{"damage":13,"enemies":"Cultist and Chosen","floor":31,"turns":5},{"damage":63,"enemies":"Automaton","floor":33,"turns":8}],"seed_played":"7864939392850546194","potions_obtained":[{"floor":2.0,"key":"FearPotion"},{"floor":6.0,"key":"SkillPotion"},{"floor":8.0,"key":"FearPotion"},{"floor":13.0,"key":"SneckoOil"},{"floor":16.0,"key":"FocusPotion"},{"floor":21.0,"key":"FearPotion"},{"floor":22.0,"key":"Swift Potion"},{"floor":23.0,"key":"FearPotion"},{"floor":27.0,"key":"Swift Potion"},{"floor":30.0,"key":"Swift Potion"}],"is_trial":false,"path_per_floor":["M","M","?","$","?","E","$","E","T","R","?","E","M","M","R","B",null,"M","M","$","M","M","E","?","R","T","M","M","?","M","M","R"],"character_chosen":"DEFECT","items_purchased":["Sunder"],"campfire_rested":3,"item_purchase_floors":[4],"current_hp_per_floor":[80,77,77,77,77,49,49,28,28,67,51,25,35,40,40,22,82,68,38,38,48,24,15,15,54,54,52,17,17,21,18,57,0],"gold":666,"neow_bonus":"TEN_PERCENT_HP_BONUS","is_prod":false,"is_daily":false,"chose_seed":false,"campfire_upgraded":1,"win_rate":0,"timestamp":1532049982,"path_taken":["M","M","?","?","?","E","$","E","T","R","?","E","M","?","R","BOSS","M","M","$","M","M","E","?","R","T","?","?","?","M","M","R","BOSS"],"build_version":"2018-07-19","purchased_purges":2,"victory":false,"max_hp_per_floor":[82,82,82,82,82,82,82,82,82,82,82,82,82,82,82,82,82,82,82,82,82,82,82,82,82,82,82,82,82,82,82,82,82],"card_choices":[{"not_picked":["Ball Lightning","BootSequence"],"picked":"Genetic Algorithm","floor":1.0},{"not_picked":["Sweeping Beam","Heatsinks"],"picked":"Ball Lightning","floor":2.0},{"not_picked":["Steam","Rainbow"],"picked":"Self Repair","floor":6.0},{"not_picked":["Gash","Go for the Eyes","Storm"],"picked":"SKIP","floor":8.0},{"not_picked":["Beam Cell","Sweeping Beam"],"picked":"Hologram","floor":12.0},{"not_picked":["Leap","Conserve Battery"],"picked":"Hologram","floor":13.0},{"not_picked":["Sweeping Beam","Static Discharge"],"picked":"FTL","floor":14.0},{"not_picked":["Creative AI","Multi-Cast"],"picked":"Electrodynamics","floor":16.0},{"not_picked":["Go for the Eyes+1","Barrage+1"],"picked":"Ball Lightning","floor":18.0},{"not_picked":["Conserve Battery","FTL"],"picked":"Tempest","floor":19.0},{"not_picked":["Loop","Consume","Leap"],"picked":"SKIP","floor":21.0},{"not_picked":["Steam","Beam Cell"],"picked":"Multi-Cast","floor":22.0},{"not_picked":["Chaos","Compile Driver"],"picked":"Loop+1","floor":23.0},{"not_picked":["FTL","Compile Driver"],"picked":"Defragment","floor":27.0},{"not_picked":["Capacitor+1","Cold Snap","Redo"],"picked":"SKIP","floor":28.0},{"not_picked":["Aggregate","Genetic Algorithm"],"picked":"Undo","floor":30.0},{"not_picked":["Darkness+1","Barrage+1"],"picked":"Rebound+1","floor":31}],"player_experience":163646,"relics_obtained":[{"floor":6.0,"key":"Potion Belt"},{"floor":8.0,"key":"Regal Pillow"},{"floor":9.0,"key":"Oddly Smooth Stone"},{"floor":12.0,"key":"Sundial"},{"floor":23.0,"key":"Old Coin"},{"floor":26.0,"key":"Tiny Chest"}],"event_choices":[{"event_name":"The Cleric","player_choice":"Card Removal","floor":3.0,"damage_taken":0.0},{"event_name":"Upgrade Shrine","player_choice":"Upgraded","floor":5.0,"damage_taken":0.0},{"event_name":"Shining Light","player_choice":"Entered Light","floor":11.0,"damage_taken":0.0},{"event_name":"The Mausoleum","player_choice":"Yes","floor":24.0,"damage_taken":0.0},{"event_name":"Purifier","player_choice":"One Purge","floor":29.0,"damage_taken":0.0}],"is_beta":false,"boss_relics":[{"not_picked":["Coffee Dripper","Pandora\u0027s Box"],"picked":"Lizard Tail"}],"items_purged_floors":[7,20],"is_endless":false,"potions_floor_spawned":[2,6,8,13,16,21,22,23,27,30],"killed_by":"Automaton","ascension_level":2}