{"gold_per_floor":[109,109,66,80,80,80,110,110,110,120,120,120,137,148,148,225,225,239,239,61,73,73,73,123,154,154,170,170],"floor_reached":28,"playtime":813,"items_purged":[],"score":522,"play_id":"0a2bbb0d-588a-46ee-82c3-1f93ef0c60ba","local_time":"20181210013212","is_ascension_mode":true,"campfire_choices":[{"data":"Calculated Gamble","floor":6.0,"key":"SMITH"},{"data":"Dash","floor":8.0,"key":"SMITH"},{"data":"Tactician","floor":12.0,"key":"SMITH"},{"data":"Neutralize","floor":15,"key":"SMITH"},{"data":"Unload","floor":23,"key":"SMITH"}],"neow_cost":"NONE","seed_source_timestamp":370217039398686,"circlet_count":0,"master_deck":["AscendersBane","Defend_G","Defend_G","Defend_G","Defend_G","Defend_G","Strike_G","Strike_G","Strike_G","Strike_G","Survivor","Neutralize+1","Well Laid Plans","Calculated Gamble+1","Dash+1","Tactician+1","Dagger Throw","Malaise","RitualDagger","Unload+1","Acrobatics","Escape Plan"],"special_seed":0,"relics":["Ring of the Snake","NeowsBlessing","Boot","Bottled Tornado","Busted Crown","Bag of Marbles","Blue Candle"],"potions_floor_usage":[16,21,25,25],"damage_taken":[{"damage":0.0,"enemies":"2 Louse","floor":1.0,"turns":1.0},{"damage":0.0,"enemies":"Jaw Worm","floor":4.0,"turns":1.0},{"damage":0.0,"enemies":"Lagavulin","floor":7.0,"turns":1.0},{"damage":1.0,"enemies":"Small Slimes","floor":10.0,"turns":4.0},{"damage":0,"enemies":"3 Louse","floor":13,"turns":2},{"damage":0,"enemies":"Blue Slaver","floor":14,"turns":4},{"damage":25,"enemies":"The Guardian","floor":16,"turns":19},{"damage":15,"enemies":"Spheric Guardian","floor":18,"turns":8},{"damage":6,"enemies":"2 Thieves","floor":21,"turns":4},{"damage":21,"enemies":"Slavers","floor":25,"turns":7},{"damage":11,"enemies":"Snecko","floor":27,"turns":6},{"damage":9,"enemies":"3 Cultists","floor":28,"turns":3}],"seed_played":"2599922803981813896","potions_obtained":[{"floor":4.0,"key":"SpeedPotion"},{"floor":14,"key":"GamblersBrew"},{"floor":16,"key":"Strength Potion"},{"floor":21,"key":"Fire Potion"},{"floor":25,"key":"Energy Potion"}],"is_trial":false,"path_per_floor":["M","?","$","M","?","R","E","R","T","M","?","R","M","M","R","B",null,"M","?","$","M","?","R","?","E","T","M","M"],"character_chosen":"THE_SILENT","items_purchased":["Well Laid Plans","Unload","Acrobatics"],"campfire_rested":0,"item_purchase_floors":[3,20,20],"current_hp_per_floor":[59,64,64,64,64,64,64,64,64,63,63,63,63,63,63,38,63,48,42,42,36,36,36,36,15,15,4,0],"gold":170,"neow_bonus":"THREE_ENEMY_KILL","is_prod":false,"is_daily":false,"chose_seed":false,"campfire_upgraded":5,"win_rate":0,"timestamp":1544401932,"path_taken":["M","?","$","M","?","R","E","R","T","M","?","R","M","M","R","BOSS","M","?","$","M","?","R","?","E","T","M","?"],"build_version":"2018-12-06","purchased_purges":0,"victory":false,"max_hp_per_floor":[66,71,71,71,71,71,71,71,71,71,71,71,71,71,71,71,71,71,71,71,71,71,71,71,71,71,71,71],"card_choices":[{"not_picked":["Underhanded Strike","Backflip","Quick Slash"],"picked":"SKIP","floor":1.0},{"not_picked":["Acrobatics","Bane"],"picked":"Calculated Gamble","floor":4.0},{"not_picked":["Dagger Spray","Quick Slash"],"picked":"Dash","floor":7.0},{"not_picked":["Dagger Spray","Cloak And Dagger"],"picked":"Tactician","floor":10.0},{"not_picked":["Underhanded Strike","Phantasmal Killer","Backflip"],"picked":"SKIP","floor":13},{"not_picked":["Flechettes","Sucker Punch"],"picked":"Dagger Throw","floor":14},{"not_picked":["Wraith Form v2","Adrenaline"],"picked":"Malaise","floor":16},{"not_picked":["Blade Dance"],"picked":"SKIP","floor":18},{"not_picked":["Backflip"],"picked":"SKIP","floor":21},{"not_picked":["Endless Agony"],"picked":"SKIP","floor":25},{"not_picked":[],"picked":"Escape Plan","floor":27}],"player_experience":804315,"relics_obtained":[{"floor":7.0,"key":"Boot"},{"floor":9.0,"key":"Bottled Tornado"},{"floor":25,"key":"Bag of Marbles"},{"floor":26,"key":"Blue Candle"}],"event_choices":[{"damage_healed":0.0,"max_hp_gain":5.0,"max_hp_loss":0.0,"gold_gain":0.0,"event_name":"Big Fish","player_choice":"Donut","floor":2.0,"gold_loss":0.0,"damage_taken":0.0},{"cards_removed":["Strike_G"],"damage_healed":0.0,"max_hp_gain":0.0,"max_hp_loss":0.0,"gold_gain":0.0,"event_name":"Living Wall","player_choice":"Forget","floor":5.0,"gold_loss":0.0,"damage_taken":0.0},{"damage_healed":0.0,"max_hp_gain":0.0,"max_hp_loss":0.0,"gold_gain":0.0,"event_name":"Shining Light","player_choice":"Ignored","floor":11.0,"gold_loss":0.0,"damage_taken":0.0},{"damage_healed":0,"gold_gain":0,"player_choice":"Joined the Cult","damage_taken":6,"max_hp_gain":0,"max_hp_loss":0,"event_name":"Nest","floor":19,"gold_loss":0,"cards_obtained":["RitualDagger"]},{"damage_healed":0,"gold_gain":0,"player_choice":"Ignored","damage_taken":0,"max_hp_gain":0,"max_hp_loss":0,"event_name":"The Mausoleum","floor":22,"gold_loss":0},{"damage_healed":0,"gold_gain":50,"player_choice":"Pray","damage_taken":0,"max_hp_gain":0,"max_hp_loss":0,"event_name":"Golden Shrine","floor":24,"gold_loss":0}],"is_beta":true,"boss_relics":[{"not_picked":["Black Star","Snecko Eye"],"picked":"Busted Crown"}],"items_purged_floors":[],"is_endless":false,"potions_floor_spawned":[4,14,16,21,25],"killed_by":"3 Cultists","ascension_level":20}