{"path_per_floor":["M","$","M","$","?","E","R","M","T","M","$","M","$","M","R","B",null,"M","$","M","?","M","R"],"character_chosen":"DEFECT","items_purchased":["Streamline","Auto Shields","Capacitor","Melter"],"gold_per_floor":[114,68,86,18,18,53,53,66,66,84,30,46,46,63,63,168,168,168,21,0,0,0,0,0],"floor_reached":24,"campfire_rested":1,"playtime":1685,"current_hp_per_floor":[75,75,75,75,75,75,75,75,75,68,68,66,66,66,66,52,75,64,64,52,20,14,36,0],"items_purged":["Strike_B"],"gold":0,"score":223,"play_id":"333f22ef-0f28-4627-a345-910f4db2ce12","local_time":"20180427180132","is_prod":false,"is_daily":false,"chose_seed":false,"is_ascension_mode":false,"campfire_upgraded":2,"timestamp":1524844892,"path_taken":["M","$","M","?","?","E","R","M","T","M","?","?","?","M","R","BOSS","M","$","M","?","M","R","E"],"build_version":"2018-04-26v2","seed_source_timestamp":6842246786236,"purchased_purges":1,"victory":false,"master_deck":["Strike_B","Strike_B","Defend_B","Defend_B","Defend_B","Defend_B","Zap","Dualcast","Coolheaded","Streamline","Darkness","Auto Shields+1","Hologram+1","Axe Kick","Ball Lightning","Conserve Battery","Capacitor","Cold Snap","Doom and Gloom","Fusion","Self Repair","Melter","Barrage+1","Chaos","Rainbow"],"max_hp_per_floor":[75,75,75,75,75,75,75,75,75,75,75,75,75,75,75,75,75,75,75,75,75,75,75,75],"relics":["Cracked Core","NeowsBlessing","Bag of Marbles","Pantograph","Ectoplasm","Red Mask"],"card_choices":[{"not_picked":["Axe Kick","Beam Cell"],"picked":"Coolheaded","floor":1},{"not_picked":["Gash","Barrage"],"picked":"Darkness","floor":3},{"not_picked":["Coolheaded","FTL"],"picked":"Axe Kick","floor":6},{"not_picked":["Amplify","Loop"],"picked":"Ball Lightning","floor":8},{"not_picked":["Allocate","Auto Shields"],"picked":"Conserve Battery","floor":10},{"not_picked":["Auto Shields","Go for the Eyes"],"picked":"Cold Snap","floor":12},{"not_picked":["Hello World","Go for the Eyes"],"picked":"Doom and Gloom","floor":14},{"not_picked":["Biased Cognition","Seek"],"picked":"Fusion","floor":16},{"not_picked":["Reinforced Body","Conserve Battery"],"picked":"Self Repair","floor":18},{"not_picked":["Cold Snap","Gash"],"picked":"Barrage","floor":20},{"not_picked":["Hello World","Rebound"],"picked":"Chaos","floor":21},{"not_picked":["Gash","Impulse"],"picked":"Rainbow","floor":22}],"player_experience":40587,"potions_floor_usage":[16,16,20,22,24],"damage_taken":[{"damage":0,"enemies":"Cultist","floor":1,"turns":1},{"damage":0,"enemies":"Jaw Worm","floor":3,"turns":1},{"damage":0,"enemies":"Lagavulin","floor":6,"turns":1},{"damage":0,"enemies":"Small Slimes","floor":8,"turns":3},{"damage":7,"enemies":"3 Louse","floor":10,"turns":3},{"damage":2,"enemies":"Looter","floor":12,"turns":3},{"damage":0,"enemies":"Red Slaver","floor":14,"turns":2},{"damage":23,"enemies":"The Guardian","floor":16,"turns":12},{"damage":11,"enemies":"3 Byrds","floor":18,"turns":5},{"damage":19,"enemies":"2 Thieves","floor":20,"turns":5},{"damage":32,"enemies":"Masked Bandits","floor":21,"turns":4},{"damage":13,"enemies":"Centurion and Healer","floor":22,"turns":5},{"damage":42,"enemies":"Gremlin Leader","floor":24,"turns":5}],"event_choices":[{"event_name":"Transmorgrifier","player_choice":"Transform","floor":5,"damage_taken":0}],"boss_relics":[{"not_picked":["Lizard Tail","Astrolabe"],"picked":"Ectoplasm"}],"potions_floor_spawned":[8,10,16,18,20,22],"seed_played":"-5305818934869451537","killed_by":"Gremlin Leader","ascension_level":0,"is_trial":false}