{"gold_per_floor":[99,99,99,99,99,99,99,99,99,99,99,99,99,99,99,99,99,99,24,24,24,24,24,24,24,24,24,24,24,24,24,24,24,24,24,24,24,24],"floor_reached":38,"playtime":1962,"items_purged":[],"score":364,"play_id":"1d7c806f-146d-45e6-84a5-98566b4e2670","local_time":"20180728170912","is_ascension_mode":false,"campfire_choices":[{"data":"Neutralize","floor":6.0,"key":"SMITH"},{"data":"Dagger Spray","floor":8.0,"key":"SMITH"},{"data":"Cloak And Dagger","floor":13.0,"key":"SMITH"},{"data":"Dagger Throw","floor":15.0,"key":"SMITH"},{"data":"Infinite Blades","floor":23.0,"key":"SMITH"},{"data":"Skewer","floor":25.0,"key":"SMITH"},{"data":"Adrenaline","floor":27.0,"key":"SMITH"},{"data":"Prepared","floor":32.0,"key":"SMITH"}],"neow_cost":"NONE","seed_source_timestamp":0,"circlet_count":0,"master_deck":["Defend_G","Defend_G","Defend_G+1","Strike_G","Strike_G","Strike_G","Strike_G+1","Survivor","Neutralize+1","Masterful Stab+1","Dagger Spray+1","Cloak And Dagger+1","Dagger Throw+1","Adrenaline+1","Dagger Throw+1","Infinite Blades+1","Skewer+1","Prepared+1","Adrenaline","Prepared+1","Skewer"],"special_seed":0,"relics":["Ectoplasm"],"potions_floor_usage":[38],"damage_taken":[{"damage":0.0,"enemies":"Jaw Worm","floor":1.0,"turns":5.0},{"damage":0.0,"enemies":"Cultist","floor":3.0,"turns":3.0},{"damage":0.0,"enemies":"2 Louse","floor":10.0,"turns":2.0},{"damage":0.0,"enemies":"Large Slime","floor":14.0,"turns":4.0},{"damage":23.0,"enemies":"Hexaghost","floor":16.0,"turns":8.0},{"damage":0.0,"enemies":"Spheric Guardian","floor":18.0,"turns":3.0},{"damage":0.0,"enemies":"3 Byrds","floor":21.0,"turns":2.0},{"damage":8.0,"enemies":"Snecko","floor":22.0,"turns":5.0},{"damage":0.0,"enemies":"Snake Plant","floor":24.0,"turns":4.0},{"damage":0.0,"enemies":"Chosen and Byrds","floor":28.0,"turns":4.0},{"damage":0.0,"enemies":"Snecko","floor":31.0,"turns":4.0},{"damage":49.0,"enemies":"Collector","floor":33.0,"turns":9.0},{"damage":7.0,"enemies":"3 Darklings","floor":35.0,"turns":5.0},{"damage":1,"enemies":"Orb Walker","floor":37,"turns":2},{"damage":64,"enemies":"4 Shapes","floor":38,"turns":3}],"seed_played":"-8242010132518210427","potions_obtained":[{"floor":1.0,"key":"FearPotion"},{"floor":3.0,"key":"PowerPotion"},{"floor":16.0,"key":"Regen Potion"},{"floor":22.0,"key":"SpeedPotion"},{"floor":24.0,"key":"GamblersBrew"},{"floor":33.0,"key":"GamblersBrew"}],"is_trial":false,"path_per_floor":["M","?","M","?","?","R","?","R","T","M","?","T","R","M","R","B",null,"M","?","$","M","M","R","M","R","T","R","M","?","?","M","R","B",null,"M","?","M"],"character_chosen":"THE_SILENT","items_purchased":[],"campfire_rested":0,"item_purchase_floors":[],"current_hp_per_floor":[70,70,70,63,49,49,49,49,49,49,49,49,49,49,49,26,70,70,70,70,70,62,62,62,62,62,62,62,62,62,62,62,13,70,63,63,62,0],"gold":24,"neow_bonus":"BOSS_RELIC","is_prod":false,"is_daily":false,"chose_seed":false,"campfire_upgraded":8,"win_rate":0,"timestamp":1532768952,"path_taken":["M","?","M","?","?","R","?","R","T","?","?","?","R","M","R","BOSS","M","?","$","M","?","R","M","R","T","R","M","?","?","?","R","BOSS","M","?","M","M"],"build_version":"2018-07-26","purchased_purges":0,"victory":false,"max_hp_per_floor":[70,70,70,70,70,70,70,70,70,70,70,70,70,70,70,70,70,70,70,70,70,70,70,70,70,70,70,70,70,70,70,70,70,70,70,70,70,70],"card_choices":[{"not_picked":["Blade Dance","Blur"],"picked":"Masterful Stab","floor":1.0},{"not_picked":["Underhanded Strike","Sucker Punch"],"picked":"Dagger Spray","floor":3.0},{"not_picked":["Dodge and Roll","PiercingWail"],"picked":"Cloak And Dagger","floor":10.0},{"not_picked":["All Out Attack","Outmaneuver"],"picked":"Dagger Throw","floor":14.0},{"not_picked":["Burst","Doppelganger"],"picked":"Adrenaline","floor":16.0},{"not_picked":["Concentrate+1","Flying Knee"],"picked":"Dagger Throw+1","floor":18.0},{"not_picked":["Poisoned Stab","Sucker Punch","Bane"],"picked":"SKIP","floor":21.0},{"not_picked":["Acrobatics","Blur"],"picked":"Infinite Blades","floor":22.0},{"not_picked":["Quick Slash+1","Terror"],"picked":"Skewer","floor":24.0},{"not_picked":["Deadly Poison+1","Crippling Poison","Slice+1"],"picked":"SKIP","floor":28.0},{"not_picked":["Deadly Poison+1","Crippling Poison","Slice+1"],"picked":"SKIP","floor":28.0},{"not_picked":["Acrobatics","Tactician"],"picked":"Prepared","floor":31.0},{"not_picked":["Burst","Glass Knife"],"picked":"Adrenaline","floor":33.0},{"not_picked":["Reflex+1","Dodge and Roll"],"picked":"Prepared+1","floor":35},{"not_picked":["Acrobatics","Dagger Spray"],"picked":"Skewer","floor":37}],"player_experience":223084,"relics_obtained":[],"event_choices":[{"event_name":"Accursed Blacksmith","player_choice":"Forge","floor":2.0,"damage_taken":0.0},{"event_name":"Golden Wing","player_choice":"Card Removal","floor":4.0,"damage_taken":0.0},{"event_name":"Shining Light","player_choice":"Entered Light","floor":5.0,"damage_taken":0.0},{"event_name":"Living Wall","player_choice":"Forget","floor":7.0,"damage_taken":0.0},{"event_name":"FaceTrader","player_choice":"Leave","floor":11.0,"damage_taken":0.0},{"event_name":"Beggar","player_choice":"Gave Gold","floor":19.0,"damage_taken":0.0},{"event_name":"Back to Basics","player_choice":"Elegance","floor":29.0,"damage_taken":0.0},{"event_name":"The Mausoleum","player_choice":"No","floor":30.0,"damage_taken":0.0},{"event_name":"SensoryStone","player_choice":"Memory 1","floor":36,"damage_taken":0}],"is_beta":false,"boss_relics":[{"not_picked":["HoveringKite","Lizard Tail","Sozu"]},{"not_picked":["Philosopher\u0027s Stone","Cursed Key","Fusion Hammer"]}],"items_purged_floors":[],"is_endless":false,"potions_floor_spawned":[1,3,16,22,24,33],"killed_by":"4 Shapes","ascension_level":0}