{"gold_per_floor":[114,129,129,140,151,151,169,169,169,19,19,19,19,31,31,127,127,141,153,153,153,153,153,163,181,181,43,53,53,67,78,78,78],"floor_reached":33,"playtime":1583,"items_purged":["Defend_G","Strike_G"],"score":241,"play_id":"6165e9a5-df4f-48d9-b5c1-b243138b75ec","local_time":"20180727085159","is_ascension_mode":false,"campfire_choices":[{"data":"Neutralize","floor":6.0,"key":"SMITH"},{"data":"All Out Attack","floor":11.0,"key":"SMITH"},{"data":"Masterful Stab","floor":13.0,"key":"SMITH"},{"data":"Skewer","floor":15.0,"key":"SMITH"},{"data":"Tools of the Trade","floor":23.0,"key":"SMITH"},{"data":"Reflex","floor":29,"key":"SMITH"},{"floor":32,"key":"REST"}],"neow_cost":"NONE","seed_source_timestamp":671466779391,"circlet_count":0,"master_deck":["Defend_G","Defend_G","Defend_G","Strike_G","Survivor","Neutralize+1","Die Die Die+1","Escape Plan+1","Underhanded Strike+1","Tactician","All Out Attack+1","Masterful Stab+1","Skewer+1","Tools of the Trade+1","Reflex+1","Endless Agony+1","Dagger Throw","Backstab","Dagger Throw","Dash","Dagger Throw+1","Cloak And Dagger+1","Prepared+1"],"special_seed":0,"relics":["Astrolabe"],"potions_floor_usage":[24,33],"damage_taken":[{"damage":0.0,"enemies":"2 Louse","floor":1.0,"turns":2.0},{"damage":1.0,"enemies":"Cultist","floor":2.0,"turns":3.0},{"damage":0.0,"enemies":"Small Slimes","floor":4.0,"turns":3.0},{"damage":2.0,"enemies":"Looter","floor":5.0,"turns":4.0},{"damage":1.0,"enemies":"Blue Slaver","floor":7.0,"turns":4.0},{"damage":0.0,"enemies":"3 Louse","floor":14.0,"turns":2.0},{"damage":52.0,"enemies":"Hexaghost","floor":16.0,"turns":13.0},{"damage":17.0,"enemies":"2 Thieves","floor":18.0,"turns":2.0},{"damage":5.0,"enemies":"Chosen","floor":19.0,"turns":4.0},{"damage":1,"enemies":"Snecko","floor":24,"turns":4},{"damage":20,"enemies":"Snake Plant","floor":25,"turns":3},{"damage":5,"enemies":"3 Cultists","floor":28,"turns":4},{"damage":4,"enemies":"Snecko","floor":30,"turns":4},{"damage":16,"enemies":"Snake Plant","floor":31,"turns":3},{"damage":45,"enemies":"Automaton","floor":33,"turns":8}],"seed_played":"5229569846555105990","potions_obtained":[{"floor":3.0,"key":"FairyPotion"},{"floor":3.0,"key":"GamblersBrew"},{"floor":3.0,"key":"SpeedPotion"},{"floor":4.0,"key":"AttackPotion"},{"floor":5.0,"key":"Fruit Juice"},{"floor":18.0,"key":"Strength Potion"},{"floor":19.0,"key":"Ancient Potion"},{"floor":28,"key":"Strength Potion"}],"is_trial":false,"path_per_floor":["M","M","?","M","M","R","M","?","T","$","R","?","R","M","R","B",null,"M","M","?","?","?","R","M","M","T","$","M","R","M","M","R"],"character_chosen":"THE_SILENT","items_purchased":["Masterful Stab","Dash"],"campfire_rested":1,"item_purchase_floors":[10,27],"current_hp_per_floor":[70,69,69,69,67,67,71,71,71,71,71,64,64,64,64,12,75,58,53,53,53,53,53,52,32,32,32,27,27,23,7,29,0],"gold":78,"neow_bonus":"BOSS_RELIC","is_prod":false,"is_daily":false,"chose_seed":false,"campfire_upgraded":6,"win_rate":0,"timestamp":1532652719,"path_taken":["M","M","?","M","?","R","?","?","T","$","R","?","R","M","R","BOSS","M","M","?","?","?","R","M","M","T","$","?","R","M","M","R","BOSS"],"build_version":"2018-07-26","purchased_purges":2,"victory":false,"max_hp_per_floor":[70,70,70,70,70,70,75,75,75,75,75,75,75,75,75,75,75,75,75,75,75,75,75,75,75,75,75,75,75,75,75,75,75],"card_choices":[{"not_picked":["Deadly Poison","Dodge and Roll"],"picked":"Tactician","floor":1.0},{"not_picked":["Poisoned Stab","Slice","Dagger Spray"],"picked":"SKIP","floor":2.0},{"not_picked":["Dodge and Roll","Setup","Deadly Poison"],"picked":"SKIP","floor":4.0},{"not_picked":["Eviscerate","A Thousand Cuts"],"picked":"All Out Attack","floor":5.0},{"not_picked":["Catalyst","Sucker Punch","Concentrate"],"picked":"SKIP","floor":7.0},{"not_picked":["Noxious Fumes","Well Laid Plans"],"picked":"Skewer","floor":14.0},{"not_picked":["A Thousand Cuts","Burst"],"picked":"Tools of the Trade","floor":16.0},{"not_picked":["Deadly Poison+1","Quick Slash"],"picked":"Reflex","floor":18.0},{"not_picked":["PiercingWail","Noxious Fumes+1"],"picked":"Endless Agony+1","floor":19.0},{"not_picked":["Cloak And Dagger","Venomology"],"picked":"Backstab","floor":24},{"not_picked":["Slice+1","Caltrops"],"picked":"Dagger Throw","floor":25},{"not_picked":["Well Laid Plans","Outmaneuver"],"picked":"Dagger Throw+1","floor":28},{"not_picked":["Flying Knee","Noxious Fumes"],"picked":"Cloak And Dagger+1","floor":30},{"not_picked":["Predator","PiercingWail"],"picked":"Prepared+1","floor":31}],"player_experience":220381,"relics_obtained":[],"event_choices":[{"event_name":"The Lab","player_choice":"Got Potions","floor":3.0,"damage_taken":0.0},{"event_name":"Dead Adventurer","player_choice":"Searched \u00270\u0027 times","floor":8.0,"damage_taken":0.0},{"event_name":"Golden Wing","player_choice":"Card Removal","floor":12.0,"damage_taken":0.0},{"event_name":"Vampires","player_choice":"Ignored","floor":20.0,"damage_taken":0.0},{"event_name":"The Mausoleum","player_choice":"No","floor":21.0,"damage_taken":0.0},{"event_name":"The Library","player_choice":"Read","floor":22.0,"damage_taken":0.0}],"is_beta":false,"boss_relics":[{"not_picked":["Coffee Dripper","Tiny House","Black Star"]}],"items_purged_floors":[10,27],"is_endless":false,"potions_floor_spawned":[4,5,18,19,28,30,31],"killed_by":"Automaton","ascension_level":0}