{"gold_per_floor":[115,115,28,40,40,67,67,67,67,82,117,132,166,0,0,0],"floor_reached":16,"playtime":328,"items_purged":[],"score":236,"play_id":"5a0955fb-d128-4965-9dee-23fe7234dc03","local_time":"20190415170419","is_ascension_mode":true,"campfire_choices":[{"data":"Cleave","floor":7,"key":"SMITH"},{"floor":15,"key":"REST"}],"neow_cost":"NONE","seed_source_timestamp":365101327289954,"circlet_count":0,"master_deck":["AscendersBane","Strike_R","Strike_R","Strike_R","Strike_R","Strike_R","Defend_R","Defend_R","Defend_R","Defend_R","Bash+1","Twin Strike","Inflame+1","Cleave+1","Inflame","Battle Trance","Uppercut"],"relics":["Burning Blood","Shuriken","PreservedInsect","Anchor","Pocketwatch","Peace Pipe","Strawberry"],"potions_floor_usage":[11],"damage_taken":[{"damage":9,"enemies":"2 Louse","floor":1,"turns":4},{"damage":7,"enemies":"Jaw Worm","floor":4,"turns":3},{"damage":32,"enemies":"Gremlin Nob","floor":6,"turns":4},{"damage":0,"enemies":"Small Slimes","floor":10,"turns":2},{"damage":16,"enemies":"3 Sentries","floor":11,"turns":5},{"damage":18,"enemies":"Exordium Thugs","floor":12,"turns":5},{"damage":8,"enemies":"Gremlin Nob","floor":13,"turns":3},{"damage":49,"enemies":"Hexaghost","floor":16,"turns":8}],"seed_played":"6708592464633905514","potions_obtained":[{"floor":10,"key":"GamblersBrew"},{"floor":13,"key":"Swift Potion"}],"is_trial":false,"path_per_floor":["M","?","$","M","?","E","R","?","T","M","E","M","E","$","R","B"],"character_chosen":"IRONCLAD","items_purchased":["Inflame","Strawberry"],"campfire_rested":1,"item_purchase_floors":[3,14],"current_hp_per_floor":[65,60,60,59,59,33,33,33,33,39,29,17,15,22,46,0],"gold":0,"neow_bonus":"UPGRADE_CARD","is_prod":false,"is_daily":false,"chose_seed":false,"campfire_upgraded":1,"win_rate":0,"timestamp":1555340659,"path_taken":["M","?","$","M","?","E","R","?","T","M","E","?","E","$","R","BOSS"],"build_version":"2019-01-23","purchased_purges":0,"victory":false,"max_hp_per_floor":[75,75,75,75,75,75,75,75,75,75,75,75,75,82,82,82],"card_choices":[{"not_picked":["Anger","Iron Wave"],"picked":"Twin Strike","floor":1},{"not_picked":["Evolve","Dual Wield"],"picked":"Cleave","floor":4},{"not_picked":["Clash","Rupture"],"picked":"Inflame","floor":6},{"not_picked":["Iron Wave","Headbutt","Whirlwind"],"picked":"SKIP","floor":10},{"not_picked":["Twin Strike","Bludgeon"],"picked":"Battle Trance","floor":11},{"not_picked":["Warcry","Shrug It Off","Clash"],"picked":"SKIP","floor":12},{"not_picked":["Headbutt","Reckless Charge"],"picked":"Uppercut","floor":13}],"player_experience":837450,"relics_obtained":[{"floor":6,"key":"PreservedInsect"},{"floor":9,"key":"Anchor"},{"floor":11,"key":"Pocketwatch"},{"floor":13,"key":"Peace Pipe"}],"event_choices":[{"damage_healed":0,"gold_gain":0,"player_choice":"Success","damage_taken":5,"relics_obtained":["Shuriken"],"max_hp_gain":0,"max_hp_loss":0,"event_name":"Scrap Ooze","floor":2,"gold_loss":0},{"damage_healed":0,"gold_gain":0,"player_choice":"Ignored","damage_taken":0,"max_hp_gain":0,"max_hp_loss":0,"event_name":"Shining Light","floor":5,"gold_loss":0},{"damage_healed":0,"gold_gain":0,"player_choice":"Grow","damage_taken":0,"max_hp_gain":0,"max_hp_loss":0,"event_name":"Living Wall","floor":8,"gold_loss":0,"cards_upgraded":["Inflame"]}],"is_beta":false,"boss_relics":[],"items_purged_floors":[],"is_endless":false,"potions_floor_spawned":[10,13],"killed_by":"Hexaghost","ascension_level":20}