{"gold_per_floor":[117,129,94,94,0,0,20,20,20,95,95,112,141,152,152,226,226,244,294,294],"floor_reached":20,"playtime":606,"items_purged":[],"score":344,"play_id":"b0151f65-2338-4dfd-9a79-197a7c433873","local_time":"20190527213354","is_ascension_mode":true,"campfire_choices":[{"data":"Barricade","floor":6,"key":"SMITH"},{"data":"Body Slam","floor":11,"key":"SMITH"},{"data":"Dual Wield","floor":15,"key":"SMITH"}],"neow_cost":"NONE","seed_source_timestamp":32229127879682,"circlet_count":0,"master_deck":["AscendersBane","Strike_R","Strike_R","Strike_R","Strike_R","Defend_R","Defend_R","Defend_R","Defend_R","Bash","Barricade+1","Shrug It Off","Metallicize","Shrug It Off","Body Slam+1","Evolve","Dual Wield+1","Limit Break","Shrug It Off","Armaments"],"relics":["Burning Blood","Gremlin Horn","Meat on the Bone","Orrery"],"potions_floor_usage":[7,13,16,20],"damage_taken":[{"damage":16,"enemies":"Jaw Worm","floor":1,"turns":7},{"damage":15,"enemies":"Small Slimes","floor":2,"turns":4},{"damage":3,"enemies":"Cultist","floor":7,"turns":4},{"damage":7,"enemies":"Large Slime","floor":12,"turns":9},{"damage":12,"enemies":"3 Sentries","floor":13,"turns":8},{"damage":0,"enemies":"2 Fungi Beasts","floor":14,"turns":5},{"damage":27,"enemies":"Slime Boss","floor":16,"turns":8},{"damage":19,"enemies":"Chosen","floor":18,"turns":8},{"damage":24,"enemies":"Colosseum Slavers","floor":20,"turns":5}],"seed_played":"4049764718087931938","potions_obtained":[{"floor":2,"key":"Explosive Potion"},{"floor":7,"key":"Fire Potion"},{"floor":13,"key":"Poison Potion"},{"floor":14,"key":"Ancient Potion"},{"floor":18,"key":"Poison Potion"}],"is_trial":false,"path_per_floor":["M","M","?","?","$","R","M","?","T","?","R","M","E","M","R","B",null,"M","?","?"],"character_chosen":"IRONCLAD","items_purchased":["Metallicize","Shrug It Off"],"campfire_rested":0,"item_purchase_floors":[5,5],"current_hp_per_floor":[58,49,67,67,67,67,70,70,70,59,59,58,52,58,58,49,69,56,56,32],"gold":294,"neow_bonus":"ONE_RANDOM_RARE_CARD","is_prod":false,"is_daily":false,"chose_seed":false,"campfire_upgraded":3,"win_rate":0,"timestamp":1558985634,"path_taken":["M","M","?","?","$","R","?","?","T","?","R","M","E","M","R","BOSS","M","?","?"],"build_version":"2019-01-23","purchased_purges":0,"victory":false,"max_hp_per_floor":[75,75,75,75,75,75,75,75,75,75,75,75,75,75,75,75,75,75,75,75],"card_choices":[{"not_picked":["Havoc","Warcry"],"picked":"Shrug It Off","floor":1},{"not_picked":["Anger","Wild Strike","Sword Boomerang"],"picked":"SKIP","floor":2},{"not_picked":["Fire Breathing","Dual Wield"],"picked":"Body Slam","floor":7},{"not_picked":["Iron Wave","True Grit"],"picked":"Evolve","floor":12},{"not_picked":["Corruption","True Grit"],"picked":"Dual Wield","floor":13},{"not_picked":["True Grit","Headbutt","Intimidate"],"picked":"SKIP","floor":14},{"not_picked":["Immolate","Bludgeon"],"picked":"Limit Break","floor":16},{"not_picked":["Clash","Heavy Blade"],"picked":"Shrug It Off","floor":17},{"not_picked":["Disarm","Wild Strike"],"picked":"Armaments","floor":17},{"not_picked":["Demon Form","Clash","Reckless Charge"],"picked":"SKIP","floor":18}],"player_experience":895612,"relics_obtained":[{"floor":9,"key":"Gremlin Horn"},{"floor":13,"key":"Meat on the Bone"}],"event_choices":[{"damage_healed":18,"gold_gain":0,"player_choice":"Healed","damage_taken":0,"max_hp_gain":0,"max_hp_loss":0,"event_name":"The Cleric","floor":3,"gold_loss":35},{"cards_removed":["Strike_R"],"damage_healed":0,"gold_gain":0,"player_choice":"Purged","damage_taken":0,"max_hp_gain":0,"max_hp_loss":0,"event_name":"Purifier","floor":4,"gold_loss":0},{"damage_healed":0,"gold_gain":0,"player_choice":"Ignored","damage_taken":0,"max_hp_gain":0,"max_hp_loss":0,"event_name":"Golden Idol","floor":8,"gold_loss":0},{"damage_healed":0,"gold_gain":75,"player_choice":"Gather Gold","damage_taken":11,"max_hp_gain":0,"max_hp_loss":0,"event_name":"World of Goop","floor":10,"gold_loss":0},{"damage_healed":0,"gold_gain":50,"player_choice":"Stole From Cult","damage_taken":0,"max_hp_gain":0,"max_hp_loss":0,"event_name":"Nest","floor":19,"gold_loss":0},{"damage_healed":0,"gold_gain":0,"player_choice":"Fight","damage_taken":0,"max_hp_gain":0,"max_hp_loss":0,"event_name":"Colosseum","floor":20,"gold_loss":0}],"is_beta":false,"boss_relics":[{"not_picked":["Empty Cage","Runic Cube"],"picked":"Orrery"}],"items_purged_floors":[],"is_endless":false,"potions_floor_spawned":[2,7,13,14,18],"killed_by":"Colosseum Slavers","ascension_level":20}