{"gold_per_floor":[113,132,79,79,4,4,31,6,33,33,66,66,23,23],"floor_reached":14,"playtime":145,"items_purged":[],"score":238,"play_id":"28c1e187-0147-48c6-8132-9358d44420b3","local_time":"20190511211104","is_ascension_mode":true,"campfire_choices":[{"data":"Armaments","floor":6,"key":"SMITH"},{"data":"Flex","floor":10,"key":"SMITH"}],"neow_cost":"NONE","seed_source_timestamp":35277668567117,"circlet_count":0,"master_deck":["AscendersBane","Strike_R","Strike_R","Strike_R","Defend_R","Defend_R","Defend_R","Defend_R","Bash","Armaments","Armaments+1","True Grit","Flex+1","Rampage"],"relics":["Burning Blood","NeowsBlessing","Shuriken","Smiling Mask","Potion Belt","Strawberry"],"potions_floor_usage":[11,11],"damage_taken":[{"damage":0,"enemies":"Cultist","floor":1,"turns":1},{"damage":0,"enemies":"Jaw Worm","floor":2,"turns":1},{"damage":0,"enemies":"Gremlin Nob","floor":7,"turns":1},{"damage":46,"enemies":"Lagavulin","floor":11,"turns":8},{"damage":8,"enemies":"Gremlin Nob","floor":14,"turns":3}],"seed_played":"5463015388301532362","potions_obtained":[{"floor":1,"key":"Energy Potion"},{"floor":2,"key":"Block Potion"},{"floor":7,"key":"Strength Potion"}],"is_trial":false,"path_per_floor":["M","M","$","?","?","R","E","$","T","R","E","?","$","E"],"character_chosen":"IRONCLAD","items_purchased":["True Grit","Flex","Rampage"],"campfire_rested":0,"item_purchase_floors":[3,8,13],"current_hp_per_floor":[74,75,75,64,64,64,70,70,70,70,37,30,30,22],"gold":23,"neow_bonus":"THREE_ENEMY_KILL","is_prod":false,"is_daily":false,"chose_seed":false,"campfire_upgraded":2,"win_rate":0,"timestamp":1557601864,"path_taken":["M","?","$","?","?","R","E","?","T","R","E","?","$","E"],"build_version":"2019-01-23","purchased_purges":0,"victory":false,"max_hp_per_floor":[75,75,75,75,75,75,75,75,75,75,82,82,82,82],"card_choices":[{"not_picked":["Battle Trance","Rupture"],"picked":"Armaments","floor":1},{"not_picked":["Sword Boomerang","Perfected Strike"],"picked":"Armaments","floor":2},{"not_picked":["Cleave","Anger","Clash"],"picked":"SKIP","floor":7},{"not_picked":["Clothesline","Warcry","Combust"],"picked":"SKIP","floor":11}],"player_experience":878072,"relics_obtained":[{"floor":7,"key":"Smiling Mask"},{"floor":9,"key":"Potion Belt"},{"floor":11,"key":"Strawberry"}],"event_choices":[{"damage_healed":0,"gold_gain":0,"player_choice":"Success","damage_taken":11,"relics_obtained":["Shuriken"],"max_hp_gain":0,"max_hp_loss":0,"event_name":"Scrap Ooze","floor":4,"gold_loss":0},{"cards_removed":["Strike_R"],"damage_healed":0,"gold_gain":0,"player_choice":"Card Removal","damage_taken":0,"max_hp_gain":0,"max_hp_loss":0,"event_name":"The Cleric","floor":5,"gold_loss":75},{"cards_removed":["Strike_R"],"damage_healed":0,"gold_gain":0,"player_choice":"Card Removal","damage_taken":7,"max_hp_gain":0,"max_hp_loss":0,"event_name":"Golden Wing","floor":12,"gold_loss":0}],"is_beta":false,"boss_relics":[],"items_purged_floors":[],"is_endless":false,"potions_floor_spawned":[1,2,7],"killed_by":"Gremlin Nob","ascension_level":20}