{"gold_per_floor":[111,124,134,146,156,156,183,183,183,195,195,221,231,406,406,511,511,530,530,544,544,563,563],"floor_reached":23,"playtime":1212,"items_purged":[],"score":205,"play_id":"1ff2fc51-cdc9-4188-9b69-26f6643ab5cb","local_time":"20180708201923","is_ascension_mode":false,"campfire_choices":[{"data":"Chaos","floor":6,"key":"SMITH"},{"data":"Dualcast","floor":8,"key":"SMITH"},{"floor":15,"key":"REST"}],"neow_cost":"NONE","seed_source_timestamp":1564380027788,"circlet_count":0,"master_deck":["Strike_B","Strike_B","Strike_B","Strike_B+1","Defend_B","Defend_B","Defend_B","Defend_B","Zap","Dualcast+1","Rebound","Compile Driver","Conserve Battery","Compile Driver+1","Chaos+1","Rebound","Coolheaded","Compile Driver","Doubt","Rainbow","Conserve Battery+1","Sweeping Beam+1"],"relics":["Cracked Core","NeowsBlessing","Dead Branch","Bronze Scales","Whetstone","Inserter"],"potions_floor_usage":[16,23],"damage_taken":[{"damage":0,"enemies":"Small Slimes","floor":1,"turns":1},{"damage":0,"enemies":"2 Louse","floor":2,"turns":1},{"damage":0,"enemies":"Jaw Worm","floor":3,"turns":1},{"damage":10,"enemies":"Looter","floor":4,"turns":3},{"damage":1,"enemies":"3 Louse","floor":5,"turns":4},{"damage":5,"enemies":"Gremlin Nob","floor":7,"turns":3},{"damage":3,"enemies":"2 Fungi Beasts","floor":10,"turns":3},{"damage":27,"enemies":"Lagavulin","floor":12,"turns":6},{"damage":1,"enemies":"Looter","floor":13,"turns":2},{"damage":25,"enemies":"Slime Boss","floor":16,"turns":6},{"damage":38,"enemies":"Shell Parasite","floor":18,"turns":6},{"damage":10,"enemies":"Chosen","floor":20,"turns":6},{"damage":25,"enemies":"Snake Plant","floor":22,"turns":4},{"damage":40,"enemies":"Gremlin Leader","floor":23,"turns":4}],"seed_played":"2477650629784108280","potions_obtained":[{"floor":4,"key":"GamblersBrew"},{"floor":7,"key":"PowerPotion"},{"floor":12,"key":"Dexterity Potion"},{"floor":13,"key":"LiquidBronze"}],"is_trial":false,"path_per_floor":["M","M","M","M","M","R","E","R","T","M","?","E","M","?","R","B",null,"M","?","M","?","M"],"character_chosen":"DEFECT","items_purchased":[],"campfire_rested":1,"item_purchase_floors":[],"current_hp_per_floor":[75,75,75,65,64,64,59,59,59,56,61,34,33,33,57,39,80,42,42,32,58,33,0],"gold":563,"neow_bonus":"THREE_ENEMY_KILL","is_prod":false,"is_daily":false,"chose_seed":false,"campfire_upgraded":2,"win_rate":0,"timestamp":1531052363,"path_taken":["M","M","M","M","M","R","E","R","T","M","?","E","M","?","R","BOSS","M","?","M","?","M","E"],"build_version":"2018-07-05","purchased_purges":0,"victory":false,"max_hp_per_floor":[75,75,75,75,75,75,75,75,75,75,80,80,80,80,80,80,80,80,80,80,80,80,80],"card_choices":[{"not_picked":["Streamline","Hologram"],"picked":"Rebound","floor":1},{"not_picked":["Barrage","Glacier"],"picked":"Compile Driver","floor":2},{"not_picked":["Lockon","Streamline"],"picked":"Conserve Battery","floor":3},{"not_picked":["Go for the Eyes","Steam"],"picked":"Compile Driver","floor":4},{"not_picked":["Aggregate","Undo"],"picked":"Chaos","floor":5},{"not_picked":["Glacier","Streamline"],"picked":"Rebound","floor":7},{"not_picked":["Cold Snap","Compile Driver"],"picked":"Coolheaded","floor":10},{"not_picked":["Scrape","Streamline"],"picked":"Compile Driver","floor":12},{"not_picked":["Stack","BootSequence","Static Discharge"],"picked":"SKIP","floor":13},{"not_picked":["Echo Form","Buffer"],"picked":"Rainbow","floor":16},{"not_picked":["Skim","Cold Snap+1"],"picked":"Conserve Battery+1","floor":18},{"not_picked":["Steam","Cold Snap","Hologram"],"picked":"SKIP","floor":20},{"not_picked":["Streamline+1","Hologram"],"picked":"Sweeping Beam+1","floor":22}],"player_experience":99697,"relics_obtained":[{"floor":7,"key":"Dead Branch"},{"floor":9,"key":"Bronze Scales"},{"floor":12,"key":"Whetstone"}],"event_choices":[{"event_name":"Big Fish","player_choice":"Donut","floor":11,"damage_taken":0},{"event_name":"Liars Game","player_choice":"agreed","floor":14,"damage_taken":0},{"event_name":"Vampires","player_choice":"Ignored","floor":19,"damage_taken":0},{"event_name":"The Library","player_choice":"Heal","floor":21,"damage_taken":0}],"boss_relics":[{"not_picked":["Coffee Dripper","Tiny House"],"picked":"Inserter"}],"items_purged_floors":[],"is_endless":false,"potions_floor_spawned":[4,7,12,13],"killed_by":"Gremlin Leader","ascension_level":0}