{"gold_per_floor":[113,113,129,144,162,196,211,223,271,298,45,80,80,155,155,231,231,251,68,86,11,11,38,38,38,64,78,78],"floor_reached":28,"playtime":674,"items_purged":["Defend_R"],"score":477,"play_id":"3d3716c0-49f9-4dbb-8556-85aaffe978cb","local_time":"20181005193653","is_ascension_mode":true,"campfire_choices":[{"data":"Bash","floor":13.0,"key":"SMITH"},{"data":"Inflame","floor":15.0,"key":"SMITH"},{"data":"Heavy Blade","floor":24.0,"key":"SMITH"}],"neow_cost":"","seed_source_timestamp":4624827087504,"circlet_count":0,"master_deck":["Strike_R","Strike_R","Strike_R","Strike_R","Strike_R","Defend_R","Defend_R","Defend_R","Bash+1","AscendersBane","Clothesline","Spot Weakness","Flex","Spot Weakness","Cleave","Rampage","Inflame+1","Dropkick","Immolate","Limit Break","Heavy Blade+1","Heavy Blade","Sword Boomerang"],"special_seed":0,"relics":["Burning Blood","Orichalcum","StoneCalendar","Regal Pillow","Pantograph","Omamori","Red Skull","Philosopher\u0027s Stone","Paper Frog","Pen Nib"],"potions_floor_usage":[28,28],"damage_taken":[{"damage":9.0,"enemies":"Jaw Worm","floor":1.0,"turns":5.0},{"damage":7.0,"enemies":"Cultist","floor":3.0,"turns":4.0},{"damage":7.0,"enemies":"Small Slimes","floor":4.0,"turns":4.0},{"damage":10.0,"enemies":"Blue Slaver","floor":5.0,"turns":4.0},{"damage":6.0,"enemies":"Gremlin Nob","floor":6.0,"turns":4.0},{"damage":8.0,"enemies":"Red Slaver","floor":7.0,"turns":4.0},{"damage":5.0,"enemies":"Looter","floor":8.0,"turns":2.0},{"damage":12.0,"enemies":"3 Sentries","floor":10.0,"turns":5.0},{"damage":6.0,"enemies":"Gremlin Nob","floor":12.0,"turns":3.0},{"damage":36.0,"enemies":"Hexaghost","floor":16.0,"turns":6.0},{"damage":0.0,"enemies":"Chosen","floor":18.0,"turns":3.0},{"damage":30.0,"enemies":"3 Byrds","floor":20.0,"turns":2.0},{"damage":33.0,"enemies":"Book of Stabbing","floor":23.0,"turns":3.0},{"damage":17.0,"enemies":"Centurion and Healer","floor":27.0,"turns":4.0},{"damage":14,"enemies":"Slavers","floor":28,"turns":1}],"seed_played":"2719619494692149088","potions_obtained":[{"floor":3.0,"key":"Explosive Potion"},{"floor":4.0,"key":"Fruit Juice"},{"floor":5.0,"key":"FearPotion"},{"floor":6.0,"key":"GamblersBrew"},{"floor":7.0,"key":"FearPotion"},{"floor":16.0,"key":"FearPotion"},{"floor":18.0,"key":"SteroidPotion"},{"floor":27.0,"key":"Poison Potion"}],"is_trial":false,"path_per_floor":["M","?","M","M","M","E","M","M","T","E","$","E","R","?","R","B",null,"M","$","M","$","?","E","R","$","T","M"],"character_chosen":"IRONCLAD","items_purchased":["Omamori","Inflame","Limit Break"],"campfire_rested":0,"item_purchase_floors":[11,11,19],"current_hp_per_floor":[65,65,64,68,64,64,62,63,63,57,57,57,57,46,46,41,70,76,76,52,52,52,25,25,25,25,14,0],"gold":78,"neow_bonus":"","is_prod":false,"is_daily":false,"chose_seed":false,"campfire_upgraded":3,"win_rate":0,"timestamp":1538761013,"path_taken":["M","?","M","M","M","E","M","M","T","E","$","E","R","?","R","BOSS","M","$","M","$","?","E","R","?","T","M","E"],"build_version":"2018-10-04","purchased_purges":1,"victory":false,"max_hp_per_floor":[75,75,75,80,80,80,80,80,80,80,80,80,80,80,80,80,80,80,80,80,80,80,80,80,80,80,80,80],"card_choices":[{"not_picked":["Heavy Blade","Clash"],"picked":"Shockwave","floor":1.0},{"not_picked":["Evolve","Iron Wave"],"picked":"Clothesline","floor":3.0},{"not_picked":["Havoc","Dropkick"],"picked":"Spot Weakness","floor":4.0},{"not_picked":["Bloodletting","Dropkick"],"picked":"Flex","floor":5.0},{"not_picked":["Juggernaut","Whirlwind"],"picked":"Spot Weakness","floor":6.0},{"not_picked":["Dropkick","True Grit"],"picked":"Cleave","floor":7.0},{"not_picked":["Iron Wave","Disarm"],"picked":"Rampage","floor":8.0},{"not_picked":["Dark Embrace","Clothesline","Rupture"],"picked":"SKIP","floor":10.0},{"not_picked":["Spot Weakness","Sever Soul"],"picked":"Dropkick","floor":12.0},{"not_picked":["Exhume","Dark Embrace"],"picked":"Immolate","floor":16.0},{"not_picked":["Dual Wield","Blood for Blood","Wild Strike"],"picked":"SKIP","floor":18.0},{"not_picked":["Twin Strike","Burning Pact","Iron Wave"],"picked":"SKIP","floor":20.0},{"not_picked":["Flex+1","Shrug It Off"],"picked":"Heavy Blade","floor":23.0},{"not_picked":["Feel No Pain","Inflame"],"picked":"Sword Boomerang","floor":27.0}],"player_experience":667465,"relics_obtained":[{"floor":6.0,"key":"StoneCalendar"},{"floor":9.0,"key":"Regal Pillow"},{"floor":10.0,"key":"Pantograph"},{"floor":12.0,"key":"Red Skull"},{"floor":23.0,"key":"Paper Frog"},{"floor":26.0,"key":"Pen Nib"}],"event_choices":[{"event_name":"WeMeetAgain","player_choice":"Card","floor":2.0,"damage_taken":0.0},{"event_name":"World of Goop","player_choice":"Gather Gold","floor":14.0,"damage_taken":0.0},{"event_name":"The Library","player_choice":"Read","floor":22.0,"damage_taken":0.0}],"is_beta":true,"boss_relics":[{"not_picked":["Black Blood","Runic Pyramid"],"picked":"Philosopher\u0027s Stone"}],"items_purged_floors":[21],"is_endless":false,"potions_floor_spawned":[3,4,5,6,7,16,18,27],"killed_by":"Slavers","ascension_level":17}