{"gold_per_floor":[110,110,110,110,126,126,155,155,155,205,229,229,71,87,87,215,215,229,194,244,257,327,327],"floor_reached":23,"playtime":2101,"items_purged":[],"score":271,"play_id":"6cf82ad2-e241-4bce-a433-03dbbe3a916e","local_time":"20181027235452","is_ascension_mode":true,"campfire_choices":[{"data":"1","floor":6,"key":"LIFT"},{"floor":8,"key":"REST"},{"data":"2","floor":12,"key":"LIFT"},{"data":"3","floor":15,"key":"LIFT"}],"neow_cost":"PERCENT_DAMAGE","seed_source_timestamp":30330255651677,"circlet_count":0,"master_deck":["Strike_R","Strike_R","Strike_R","Strike_R","Strike_R","Defend_R","Defend_R","Defend_R","Defend_R","Bash","Clash","Iron Wave","Twin Strike","Injury","Spot Weakness","Limit Break","Iron Wave","Iron Wave+1","Iron Wave"],"relics":["Burning Blood","Girya","SsserpentHead","Dream Catcher","Dodecahedron","Bloody Idol","Mark of Pain","Ancient Tea Set"],"potions_floor_usage":[16,22,23,23],"damage_taken":[{"damage":14,"enemies":"Jaw Worm","floor":1,"turns":6},{"damage":7,"enemies":"Small Slimes","floor":5,"turns":3},{"damage":30,"enemies":"3 Sentries","floor":7,"turns":8},{"damage":0,"enemies":"2 Louse","floor":11,"turns":1},{"damage":8,"enemies":"Blue Slaver","floor":14,"turns":2},{"damage":41,"enemies":"The Guardian","floor":16,"turns":11},{"damage":23,"enemies":"Spheric Guardian","floor":18,"turns":4},{"damage":17,"enemies":"Chosen","floor":21,"turns":5},{"damage":45,"enemies":"Snake Plant","floor":22,"turns":5},{"damage":23,"enemies":"Book of Stabbing","floor":23,"turns":3}],"seed_played":"3263648523742077121","potions_obtained":[{"floor":5,"key":"EssenceOfSteel"},{"floor":7,"key":"GamblersBrew"},{"floor":14,"key":"Strength Potion"},{"floor":22,"key":"Fruit Juice"}],"is_trial":false,"path_per_floor":["M","?","?","?","M","R","E","R","T","?","M","R","$","M","R","B",null,"M","?","?","M","M"],"character_chosen":"IRONCLAD","items_purchased":["Limit Break"],"campfire_rested":1,"item_purchase_floors":[13],"current_hp_per_floor":[43,43,48,48,47,47,23,48,48,48,54,54,54,52,52,17,68,51,51,51,45,21,0],"gold":327,"neow_bonus":"ONE_RARE_RELIC","is_prod":false,"is_daily":false,"chose_seed":false,"campfire_upgraded":0,"win_rate":0,"timestamp":1540655692,"path_taken":["M","?","?","?","M","R","E","R","T","?","M","R","$","M","R","BOSS","M","?","?","M","?","E"],"build_version":"2018-10-25v2","purchased_purges":0,"victory":false,"max_hp_per_floor":[80,80,85,85,85,85,85,85,85,85,85,85,85,85,85,85,85,85,85,85,85,90,90],"card_choices":[{"not_picked":["Body Slam","Headbutt"],"picked":"Clash","floor":1},{"not_picked":["Battle Trance","Evolve","Rupture"],"picked":"SKIP","floor":5},{"not_picked":["Carnage","Corruption"],"picked":"Iron Wave","floor":7},{"not_picked":["Warcry","Wild Strike"],"picked":"Twin Strike","floor":8},{"not_picked":["Anger","Pommel Strike"],"picked":"Spot Weakness","floor":11},{"not_picked":["Anger","Cleave"],"picked":"Iron Wave","floor":14},{"not_picked":["Body Slam+1","Shrug It Off"],"picked":"Iron Wave+1","floor":18},{"not_picked":["Anger","Warcry","Body Slam"],"picked":"SKIP","floor":21},{"not_picked":["Heavy Blade","Wild Strike"],"picked":"Iron Wave","floor":22}],"player_experience":359528,"relics_obtained":[{"floor":7,"key":"Dream Catcher"},{"floor":9,"key":"Dodecahedron"}],"event_choices":[{"damage_healed":0,"gold_gain":0,"player_choice":"Ignored","damage_taken":0,"max_hp_gain":0,"max_hp_loss":0,"event_name":"Shining Light","floor":2,"gold_loss":0},{"damage_healed":0,"gold_gain":0,"player_choice":"Donut","damage_taken":0,"max_hp_gain":5,"max_hp_loss":0,"event_name":"Big Fish","floor":3,"gold_loss":0},{"damage_healed":0,"gold_gain":0,"player_choice":"Trade","damage_taken":0,"relics_obtained":["SsserpentHead"],"max_hp_gain":0,"max_hp_loss":0,"event_name":"FaceTrader","floor":4,"gold_loss":0},{"damage_healed":0,"gold_gain":0,"player_choice":"Take Wound","damage_taken":0,"relics_obtained":["Golden Idol"],"max_hp_gain":0,"max_hp_loss":0,"event_name":"Golden Idol","floor":10,"gold_loss":0,"cards_obtained":["Injury"]},{"damage_healed":0,"gold_gain":0,"player_choice":"Obtained Relic","damage_taken":0,"relics_obtained":["Ancient Tea Set"],"max_hp_gain":0,"max_hp_loss":0,"event_name":"Addict","floor":19,"gold_loss":85},{"damage_healed":0,"gold_gain":0,"player_choice":"Gave Idol","damage_taken":0,"relics_obtained":["Bloody Idol"],"max_hp_gain":0,"max_hp_loss":0,"event_name":"Forgotten Altar","floor":20,"relics_lost":["Golden Idol"],"gold_loss":0}],"is_beta":false,"boss_relics":[{"not_picked":["Coffee Dripper","Fusion Hammer"],"picked":"Mark of Pain"}],"items_purged_floors":[],"is_endless":false,"potions_floor_spawned":[5,7,14,22],"killed_by":"Book of Stabbing","ascension_level":6}