{"gold_per_floor":[117,130,130,205,205,246,246,285,285,308,33,33,33,33,33,126,126,144,103,103,103,121,121,121,159,186,186],"floor_reached":27,"playtime":599,"items_purged":[],"score":511,"play_id":"4b59b72d-3e94-486a-b464-1929ffef7f43","local_time":"20181103130824","is_ascension_mode":true,"campfire_choices":[{"data":"Consume","floor":7.0,"key":"SMITH"},{"data":"Apotheosis","floor":13,"key":"SMITH"},{"floor":15,"key":"REST"},{"floor":23,"key":"REST"},{"floor":24,"key":"REST"}],"neow_cost":"NONE","seed_source_timestamp":9669015159125,"circlet_count":0,"master_deck":["AscendersBane","Strike_B","Strike_B","Defend_B","Defend_B","Defend_B","Defend_B","Zap","Dualcast","Cold Snap","Consume+1","Cold Snap","Fission","Apotheosis+1","Self Repair","Echo Form","Cold Snap","Machine Learning","Genetic Algorithm","Capacitor","Decay"],"special_seed":0,"relics":["Cracked Core","NeowsBlessing","Golden Idol","WingedGreaves","Smiling Mask","Calipers","Cursed Key","Sundial","Kunai","PreservedInsect"],"potions_floor_usage":[16],"damage_taken":[{"damage":0.0,"enemies":"2 Louse","floor":1.0,"turns":1.0},{"damage":0.0,"enemies":"Jaw Worm","floor":2.0,"turns":1.0},{"damage":0.0,"enemies":"Gremlin Nob","floor":6.0,"turns":1.0},{"damage":10.0,"enemies":"Lagavulin","floor":8.0,"turns":7.0},{"damage":1.0,"enemies":"Cultist","floor":10.0,"turns":3.0},{"damage":15,"enemies":"Hexaghost","floor":16,"turns":11},{"damage":6,"enemies":"Spheric Guardian","floor":18,"turns":4},{"damage":42,"enemies":"2 Thieves","floor":19,"turns":5},{"damage":23,"enemies":"3 Cultists","floor":22,"turns":8},{"damage":56,"enemies":"Book of Stabbing","floor":25,"turns":8},{"damage":0,"enemies":"Shelled Parasite and Fungi","floor":27,"turns":1}],"seed_played":"-3425170490382885084","potions_obtained":[{"floor":2.0,"key":"FearPotion"},{"floor":6.0,"key":"Block Potion"},{"floor":8.0,"key":"AttackPotion"},{"floor":19,"key":"Energy Potion"}],"is_trial":false,"path_per_floor":["M","M","?","?","?","E","R","E","T","M","$","?","R","?","R","B",null,"M","M","?","?","M","R","R","E","T","M"],"character_chosen":"DEFECT","items_purchased":["Apotheosis","Self Repair"],"campfire_rested":3,"item_purchase_floors":[11,11],"current_hp_per_floor":[64,64,40,29,29,29,29,19,19,18,18,18,18,18,39,34,62,63,31,31,31,18,39,60,14,14,14],"gold":186,"neow_bonus":"THREE_ENEMY_KILL","is_prod":false,"is_daily":false,"chose_seed":false,"campfire_upgraded":2,"win_rate":0,"timestamp":1541246904,"path_taken":["M","M","?","?","?","E","R","E","T","?","?","?","R","?","R","BOSS","M","M","?","?","M","R","R","E","T","?"],"build_version":"2018-11-02","purchased_purges":0,"victory":false,"max_hp_per_floor":[71,71,71,71,71,71,71,71,71,71,71,71,71,71,71,71,71,71,71,71,71,71,71,71,71,71,71],"card_choices":[{"not_picked":["Steam","Hello World"],"picked":"Cold Snap","floor":1.0},{"not_picked":["Streamline","Barrage"],"picked":"Consume","floor":2.0},{"not_picked":["Recycle","Lockon"],"picked":"Cold Snap","floor":6.0},{"not_picked":["Compile Driver","Aggregate","Streamline"],"picked":"SKIP","floor":8.0},{"not_picked":["Rip and Tear","Chaos"],"picked":"Fission","floor":10.0},{"not_picked":["Hyperbeam","Electrodynamics"],"picked":"Echo Form","floor":16},{"not_picked":["Recycle","Stack","Rebound"],"picked":"SKIP","floor":18},{"not_picked":["Hologram","Barrage"],"picked":"Cold Snap","floor":19},{"not_picked":["Conserve Battery","Sweeping Beam"],"picked":"Capacitor","floor":22},{"not_picked":["Aggregate","Melter","Reprogram"],"picked":"SKIP","floor":25}],"player_experience":736631,"relics_obtained":[{"floor":6.0,"key":"WingedGreaves"},{"floor":8.0,"key":"Smiling Mask"},{"floor":9.0,"key":"Calipers"},{"floor":25,"key":"Kunai"},{"floor":26,"key":"PreservedInsect"}],"event_choices":[{"damage_healed":0.0,"max_hp_gain":0.0,"max_hp_loss":0.0,"gold_gain":0.0,"event_name":"Golden Idol","player_choice":"Take Damage","floor":3.0,"gold_loss":0.0,"damage_taken":24.0,"relics_obtained":["Golden Idol"]},{"damage_healed":0.0,"max_hp_gain":0.0,"max_hp_loss":0.0,"gold_gain":75.0,"event_name":"World of Goop","player_choice":"Gather Gold","floor":4.0,"gold_loss":0.0,"damage_taken":11.0},{"damage_healed":0.0,"max_hp_gain":0.0,"max_hp_loss":0.0,"gold_gain":0.0,"event_name":"Liars Game","player_choice":"Ignored","floor":5.0,"gold_loss":0.0,"damage_taken":0.0},{"damage_healed":0,"gold_gain":30,"player_choice":"Searched \u00271\u0027 times","damage_taken":0,"max_hp_gain":0,"max_hp_loss":0,"event_name":"Dead Adventurer","floor":12,"gold_loss":0},{"damage_healed":0,"gold_gain":0,"player_choice":"Ignored","damage_taken":0,"max_hp_gain":0,"max_hp_loss":0,"event_name":"Golden Wing","floor":14,"gold_loss":0},{"damage_healed":0,"gold_gain":0,"cards_transformed":["Strike_B","Strike_B"],"player_choice":"Became Test Subject","damage_taken":0,"max_hp_gain":0,"max_hp_loss":0,"event_name":"Drug Dealer","floor":20,"gold_loss":0,"cards_obtained":["Machine Learning","Genetic Algorithm"]},{"damage_healed":0,"gold_gain":0,"player_choice":"Gave Potion","damage_taken":0,"relics_obtained":["Sundial"],"max_hp_gain":0,"max_hp_loss":0,"event_name":"WeMeetAgain","floor":21,"gold_loss":0}],"is_beta":true,"boss_relics":[{"not_picked":["Busted Crown","Snecko Eye"],"picked":"Cursed Key"}],"items_purged_floors":[],"is_endless":false,"potions_floor_spawned":[2,6,8,19],"killed_by":"Shelled Parasite and Fungi","ascension_level":19}