{"gold_per_floor":[112,128,139,139,157,157,176,176,176,176,201,201,535,546,546,649,649,666,666,347,347,247,247,265,296,296,396,408,408,318,338,338,434,434,448,748,764,778,778],"floor_reached":39,"playtime":1611,"items_purged":["Strike_B","Strike_B"],"score":704,"play_id":"33150c19-f1b3-49d4-a838-d287efce2b3a","local_time":"20191023203701","is_ascension_mode":true,"campfire_choices":[{"data":"Zap","floor":6.0,"key":"SMITH"},{"data":"Defragment","floor":10.0,"key":"SMITH"},{"floor":12.0,"key":"REST"},{"floor":15.0,"key":"REST"},{"data":"Dualcast","floor":23,"key":"SMITH"},{"data":"Defragment","floor":29,"key":"SMITH"},{"floor":32,"key":"REST"}],"neow_cost":"NONE","seed_source_timestamp":4454998922062,"circlet_count":0,"master_deck":["AscendersBane","Defend_B","Defend_B","Defend_B","Zap+1","Dualcast+1","Defragment+1","Sweeping Beam+1","Rip and Tear","Auto Shields","CurseOfTheBell","Defragment+1","Sunder","FTL","Multi-Cast","FTL+1","Cold Snap"],"special_seed":0,"relics":["Cracked Core","Thread and Needle","Cables","Old Coin","Calling Bell","Omamori","Pear","Unceasing Top","Eternal Feather","CaptainsWheel","Bottled Lightning","Inserter"],"potions_floor_usage":[16,25,25,33,35,37,39],"damage_taken":[{"damage":2.0,"enemies":"2 Louse","floor":1.0,"turns":3.0},{"damage":7.0,"enemies":"Small Slimes","floor":2.0,"turns":3.0},{"damage":1.0,"enemies":"Cultist","floor":3.0,"turns":3.0},{"damage":9.0,"enemies":"Blue Slaver","floor":5.0,"turns":4.0},{"damage":10.0,"enemies":"Lots of Slimes","floor":7.0,"turns":2.0},{"damage":30.0,"enemies":"3 Sentries","floor":11.0,"turns":5.0},{"damage":29.0,"enemies":"Gremlin Nob","floor":13.0,"turns":4.0},{"damage":0.0,"enemies":"2 Fungi Beasts","floor":14.0,"turns":3.0},{"damage":16,"enemies":"The Guardian","floor":16,"turns":9},{"damage":18,"enemies":"Shell Parasite","floor":18,"turns":5},{"damage":12,"enemies":"Spheric Guardian","floor":24,"turns":4},{"damage":34,"enemies":"Book of Stabbing","floor":25,"turns":5},{"damage":24,"enemies":"Centurion and Healer","floor":28,"turns":7},{"damage":21,"enemies":"Snake Plant","floor":31,"turns":3},{"damage":38,"enemies":"Automaton","floor":33,"turns":7},{"damage":25,"enemies":"3 Shapes","floor":35,"turns":3},{"damage":23,"enemies":"3 Darklings","floor":37,"turns":5},{"damage":22,"enemies":"Sphere and 2 Shapes","floor":38,"turns":4},{"damage":10,"enemies":"4 Shapes","floor":39,"turns":2}],"seed_played":"-1288941698282953239","potions_obtained":[{"floor":1.0,"key":"FearPotion"},{"floor":7.0,"key":"SneckoOil"},{"floor":13.0,"key":"DuplicationPotion"},{"floor":14.0,"key":"CultistPotion"},{"floor":16,"key":"DuplicationPotion"},{"floor":24,"key":"Block Potion"},{"floor":25,"key":"EssenceOfDarkness"},{"floor":33,"key":"Energy Potion"},{"floor":37,"key":"SpeedPotion"}],"is_trial":false,"path_per_floor":["M","M","M","?","M","R","M","?","T","R","E","R","E","M","R","B",null,"M","?","$","?","$","R","M","E","T","?","M","R","?","M","R","B",null,"M","?","M","M","M"],"character_chosen":"DEFECT","items_purchased":["Eternal Feather"],"campfire_rested":3,"item_purchase_floors":[20],"current_hp_per_floor":[73,66,65,65,56,56,46,39,39,39,9,33,4,4,28,12,75,57,57,57,102,102,102,90,56,56,56,32,38,38,17,53,15,80,55,55,32,10,0],"gold":778,"neow_bonus":"TEN_PERCENT_HP_BONUS","is_prod":false,"is_daily":false,"chose_seed":false,"campfire_upgraded":4,"win_rate":0,"timestamp":1571830621,"path_taken":["M","M","M","?","M","R","M","?","T","R","E","R","E","M","R","BOSS","M","?","$","?","$","R","?","E","T","?","?","R","?","M","R","BOSS","M","?","?","M","M"],"build_version":"2019-10-22","purchased_purges":2,"victory":false,"max_hp_per_floor":[82,82,82,82,82,82,82,82,82,82,82,82,82,82,82,82,92,92,92,92,102,102,102,102,102,102,102,102,102,102,102,102,102,102,102,102,102,102,102],"card_choices":[{"not_picked":["Recycle","Hologram"],"picked":"Defragment","floor":1.0},{"not_picked":["Rebound","Stack","Compile Driver"],"picked":"SKIP","floor":2.0},{"not_picked":["Rebound","Stack","Compile Driver"],"picked":"SKIP","floor":2.0},{"not_picked":["Turbo","BootSequence"],"picked":"Sweeping Beam","floor":3.0},{"not_picked":["Steam","Rebound","Streamline"],"picked":"SKIP","floor":5.0},{"not_picked":["Self Repair","Beam Cell","Seek"],"picked":"SKIP","floor":7.0},{"not_picked":["Self Repair","Beam Cell","Seek"],"picked":"SKIP","floor":7.0},{"not_picked":["Melter","Turbo","Biased Cognition"],"picked":"SKIP","floor":11.0},{"not_picked":["Self Repair","Storm"],"picked":"Rip and Tear","floor":13.0},{"not_picked":["Rebound","Compile Driver"],"picked":"Auto Shields","floor":14.0},{"not_picked":["Reboot","Rainbow"],"picked":"Creative AI","floor":16},{"not_picked":["Skim","Steam+1","Gash"],"picked":"SKIP","floor":18},{"not_picked":["Sweeping Beam","Compile Driver","Barrage"],"picked":"SKIP","floor":24},{"not_picked":["Rip and Tear","Self Repair"],"picked":"Defragment","floor":25},{"not_picked":["Hologram+1","Rebound"],"picked":"Sunder","floor":28},{"not_picked":["Multi-Cast","Compile Driver+1"],"picked":"FTL","floor":31},{"not_picked":["Seek","Buffer"],"picked":"Multi-Cast","floor":33},{"not_picked":["Go for the Eyes+1","Steam Power+1"],"picked":"FTL+1","floor":35},{"not_picked":["Skim+1","Go for the Eyes","Turbo"],"picked":"SKIP","floor":37},{"not_picked":["Barrage+1","Static Discharge+1"],"picked":"Cold Snap","floor":38}],"player_experience":632670,"relics_obtained":[{"floor":9.0,"key":"Thread and Needle"},{"floor":11.0,"key":"Cables"},{"floor":13.0,"key":"Old Coin"},{"floor":17,"key":"Omamori"},{"floor":17,"key":"Pear"},{"floor":17,"key":"Unceasing Top"},{"floor":25,"key":"CaptainsWheel"},{"floor":26,"key":"Bottled Lightning"}],"event_choices":[{"cards_removed":["Defend_B"],"damage_healed":0.0,"max_hp_gain":0.0,"max_hp_loss":0.0,"gold_gain":0.0,"event_name":"Living Wall","player_choice":"Forget","floor":4.0,"gold_loss":0.0,"damage_taken":0.0},{"cards_removed":["Strike_B"],"damage_healed":0.0,"max_hp_gain":0.0,"max_hp_loss":0.0,"gold_gain":0.0,"event_name":"Golden Wing","player_choice":"Card Removal","floor":8.0,"gold_loss":0.0,"damage_taken":7.0},{"damage_healed":0,"gold_gain":0,"player_choice":"Ignored","damage_taken":0,"max_hp_gain":0,"max_hp_loss":0,"event_name":"Vampires","floor":19,"gold_loss":0},{"cards_removed":["Creative AI"],"damage_healed":35,"gold_gain":0,"player_choice":"Offered Rare","damage_taken":0,"max_hp_gain":10,"max_hp_loss":0,"event_name":"Bonfire Elementals","floor":21,"gold_loss":0},{"damage_healed":0,"gold_gain":100,"player_choice":"Pray","damage_taken":0,"max_hp_gain":0,"max_hp_loss":0,"event_name":"Golden Shrine","floor":27,"gold_loss":0},{"cards_removed":["Strike_B"],"damage_healed":0,"gold_gain":0,"player_choice":"Upgrade and Remove","damage_taken":0,"max_hp_gain":0,"max_hp_loss":0,"event_name":"Designer","floor":30,"gold_loss":90,"cards_upgraded":["Sweeping Beam"]},{"damage_healed":0,"gold_gain":300,"player_choice":"Gold","damage_taken":0,"max_hp_gain":0,"max_hp_loss":0,"event_name":"Wheel of Change","floor":36,"gold_loss":0}],"is_beta":true,"boss_relics":[{"not_picked":["Ectoplasm","Coffee Dripper"],"picked":"Calling Bell"},{"not_picked":["Empty Cage","Snecko Eye"],"picked":"Inserter"}],"items_purged_floors":[20,22],"is_endless":false,"potions_floor_spawned":[1,7,13,14,16,24,25,33,37],"killed_by":"4 Shapes","ascension_level":10}