{"gold_per_floor":[118,118,130,55,74,74,102,102,102,127,138,154,154,54,54,54],"floor_reached":16,"playtime":769,"items_purged":["Defend_R","Defend_R"],"score":110,"play_id":"1690a20c-ee52-44a3-8859-2fcbd48b3f36","local_time":"20181010210636","is_ascension_mode":false,"campfire_choices":[{"data":"Bash","floor":6,"key":"SMITH"},{"data":"Strike_R","floor":8,"key":"PURGE"},{"data":"Strike_R","floor":13,"key":"PURGE"},{"data":"Strike_R","floor":15,"key":"PURGE"}],"neow_cost":"NONE","seed_source_timestamp":5952367528349,"circlet_count":0,"master_deck":["Strike_R","Defend_R","Defend_R","Bash+1","Dropkick","Thunderclap","True Grit"],"relics":["Burning Blood","Oddly Smooth Stone","Peace Pipe","Pear","Calipers"],"potions_floor_usage":[],"damage_taken":[{"damage":0,"enemies":"Cultist","floor":1,"turns":3},{"damage":14,"enemies":"Small Slimes","floor":3,"turns":4},{"damage":5,"enemies":"2 Louse","floor":5,"turns":2},{"damage":30,"enemies":"3 Sentries","floor":7,"turns":8},{"damage":28,"enemies":"Gremlin Nob","floor":10,"turns":4},{"damage":20,"enemies":"Lots of Slimes","floor":11,"turns":5},{"damage":4,"enemies":"Exordium Wildlife","floor":12,"turns":4},{"damage":24,"enemies":"The Guardian","floor":16,"turns":8}],"seed_played":"-7675607702189086018","potions_obtained":[{"floor":5,"key":"Strength Potion"},{"floor":10,"key":"Poison Potion"},{"floor":11,"key":"SmokeBomb"}],"is_trial":false,"path_per_floor":["M","?","M","$","M","R","E","R","T","E","M","M","R","$","R"],"character_chosen":"IRONCLAD","items_purchased":[],"campfire_rested":0,"item_purchase_floors":[],"current_hp_per_floor":[80,80,72,72,73,73,49,49,59,37,23,25,25,25,25,1],"gold":54,"neow_bonus":"RANDOM_COMMON_RELIC","is_prod":false,"is_daily":false,"chose_seed":false,"campfire_upgraded":1,"win_rate":0,"timestamp":1539176796,"path_taken":["M","?","M","$","M","R","E","R","T","E","M","M","R","$","R","BOSS"],"build_version":"2018-10-04v2","purchased_purges":2,"victory":false,"max_hp_per_floor":[80,80,80,80,80,80,80,80,90,90,90,90,90,90,90,90],"card_choices":[{"not_picked":["Wild Strike","Flex"],"picked":"Dropkick","floor":1},{"not_picked":["Havoc","Evolve","Carnage"],"picked":"SKIP","floor":3},{"not_picked":["Pommel Strike","Clash"],"picked":"Thunderclap","floor":5},{"not_picked":["Sword Boomerang","Twin Strike","Havoc"],"picked":"SKIP","floor":7},{"not_picked":["Infernal Blade","Shrug It Off","Spot Weakness"],"picked":"SKIP","floor":10},{"not_picked":["Pommel Strike","Whirlwind","Wild Strike"],"picked":"SKIP","floor":11},{"not_picked":["Headbutt","Clothesline"],"picked":"True Grit","floor":12}],"player_experience":302187,"relics_obtained":[{"floor":7,"key":"Peace Pipe"},{"floor":9,"key":"Pear"},{"floor":10,"key":"Calipers"}],"event_choices":[{"event_name":"Living Wall","player_choice":"Forget","floor":2,"damage_taken":0}],"is_beta":false,"boss_relics":[],"items_purged_floors":[4,14],"is_endless":false,"potions_floor_spawned":[5,10,11],"killed_by":"The Guardian","ascension_level":0}