{"gold_per_floor":[119,44,62,10,10,39,53,67,94,94,74,74,90,107,107,211,211,225,240,258,271,126,158,170,170,196,196,49,60,60,60,60,164,164,182,57,0,14,26,26,74,74,74,93,93,93,119,130,130,130,130,130,130,162,162],"floor_reached":55,"playtime":1787,"items_purged":["Strike_R","Strike_R","Strike_R"],"score":769,"play_id":"e616b6ac-62c4-4851-9d02-4914ef722855","local_time":"20191022211822","is_ascension_mode":false,"campfire_choices":[{"data":"Entrench","floor":10.0,"key":"SMITH"},{"data":"Juggernaut","floor":12.0,"key":"SMITH"},{"data":"Armaments","floor":15.0,"key":"SMITH"},{"data":"Body Slam","floor":25.0,"key":"SMITH"},{"data":"Body Slam","floor":30.0,"key":"SMITH"},{"data":"Offering","floor":32.0,"key":"SMITH"},{"data":"True Grit","floor":40,"key":"SMITH"},{"data":"Berserk","floor":42,"key":"SMITH"},{"floor":49,"key":"RECALL"},{"data":"Juggernaut","floor":52,"key":"SMITH"}],"neow_cost":"NONE","seed_source_timestamp":467285188469585,"circlet_count":0,"master_deck":["Strike_R","Defend_R","Defend_R","Defend_R","Defend_R","Bash","Shrug It Off","Armaments+1","Offering+1","Shrug It Off","Juggernaut+1","Entrench+1","True Grit+1","Berserk+1","Body Slam+1","Body Slam+1","Ghostly Armor+1","Dual Wield","Entrench+1","Impervious","Armaments+1","Juggernaut+1"],"special_seed":0,"relics":["Burning Blood","NeowsBlessing","Oddly Smooth Stone","Blood Vial","Philosopher\u0027s Stone","Red Skull","DollysMirror","Sozu","Red Mask","Mango","Eternal Feather","Magic Flower","Centennial Puzzle","Dodecahedron"],"potions_floor_usage":[],"damage_taken":[{"damage":0.0,"enemies":"Cultist","floor":1.0,"turns":1.0},{"damage":0.0,"enemies":"Jaw Worm","floor":3.0,"turns":1.0},{"damage":6.0,"enemies":"Lagavulin","floor":6.0,"turns":1.0},{"damage":7.0,"enemies":"2 Louse","floor":7.0,"turns":3.0},{"damage":6.0,"enemies":"Gremlin Gang","floor":8.0,"turns":4.0},{"damage":7.0,"enemies":"3 Louse","floor":13.0,"turns":5.0},{"damage":6.0,"enemies":"2 Fungi Beasts","floor":14.0,"turns":3.0},{"damage":44.0,"enemies":"Slime Boss","floor":16.0,"turns":13.0},{"damage":0.0,"enemies":"Shell Parasite","floor":18.0,"turns":7.0},{"damage":6.0,"enemies":"Chosen","floor":19.0,"turns":3.0},{"damage":6.0,"enemies":"Shelled Parasite and Fungi","floor":20.0,"turns":5.0},{"damage":6.0,"enemies":"Cultist and Chosen","floor":21.0,"turns":5.0},{"damage":6.0,"enemies":"Gremlin Leader","floor":23.0,"turns":6.0},{"damage":6.0,"enemies":"Snecko","floor":24.0,"turns":3.0},{"damage":6.0,"enemies":"3 Cultists","floor":29.0,"turns":2.0},{"damage":53.0,"enemies":"Automaton","floor":33.0,"turns":10.0},{"damage":16.0,"enemies":"Orb Walker","floor":35.0,"turns":4.0},{"damage":15,"enemies":"3 Darklings","floor":38,"turns":3},{"damage":14,"enemies":"Transient","floor":39,"turns":5},{"damage":6,"enemies":"2 Orb Walkers","floor":41,"turns":2},{"damage":7,"enemies":"4 Shapes","floor":44,"turns":5},{"damage":6,"enemies":"Giant Head","floor":47,"turns":4},{"damage":6,"enemies":"Maw","floor":48,"turns":2},{"damage":20,"enemies":"Awakened One","floor":50,"turns":7},{"damage":14,"enemies":"Shield and Spear","floor":54,"turns":6},{"damage":97,"enemies":"The Heart","floor":55,"turns":8}],"seed_played":"4085219131955860692","potions_obtained":[{"floor":7.0,"key":"Explosive Potion"},{"floor":11.0,"key":"LiquidBronze"},{"floor":13.0,"key":"Explosive Potion"},{"floor":14.0,"key":"Weak Potion"},{"floor":18.0,"key":"SpeedPotion"},{"floor":19.0,"key":"AttackPotion"},{"floor":23.0,"key":"Swift Potion"},{"floor":24.0,"key":"Ancient Potion"},{"floor":33.0,"key":"Swift Potion"}],"is_trial":false,"path_per_floor":["M","$","M","$","?","E","M","M","T","R","?","R","M","M","R","B",null,"M","M","M","M","$","E","M","R","T","?","$","M","R","?","R","B",null,"M","$","?","M","M","R","?","R","T","M","?","?","E","M","R","B",null,"R","$","E","B"],"character_chosen":"IRONCLAD","items_purchased":["Armaments","Body Slam","DollysMirror"],"campfire_rested":0,"item_purchase_floors":[4,22,28],"current_hp_per_floor":[80,80,80,80,80,80,79,79,79,79,79,79,79,80,80,42,80,80,80,80,80,80,80,80,80,80,80,80,80,80,80,80,33,80,70,70,70,63,57,57,73,73,73,74,74,74,80,86,94,83,94,94,94,89,0],"gold":162,"neow_bonus":"THREE_ENEMY_KILL","is_prod":false,"is_daily":false,"chose_seed":false,"campfire_upgraded":9,"win_rate":0,"timestamp":1571771902,"path_taken":["M","$","M","?","?","E","?","M","T","R","?","R","M","M","R","BOSS","M","M","?","M","$","E","M","R","T","?","$","M","R","?","R","BOSS","M","$","?","M","M","R","?","R","T","M","?","?","E","M","R","BOSS","R","$","E","BOSS"],"build_version":"2019-10-21","purchased_purges":3,"victory":false,"max_hp_per_floor":[80,80,80,80,80,80,80,80,80,80,80,80,80,80,80,80,80,80,80,80,80,80,80,80,80,80,80,80,80,80,80,80,80,80,80,80,80,80,80,80,94,94,94,94,94,94,94,94,94,94,94,94,94,94,94],"card_choices":[{"not_picked":["Power Through","Evolve"],"picked":"Shrug It Off","floor":1.0},{"not_picked":["Flex","Dropkick","Clash"],"picked":"SKIP","floor":3.0},{"not_picked":["Havoc","Rampage"],"picked":"Shrug It Off","floor":6.0},{"not_picked":["Flame Barrier","Anger"],"picked":"Juggernaut","floor":7.0},{"not_picked":["Fire Breathing","Dark Embrace"],"picked":"Entrench","floor":8.0},{"not_picked":["Iron Wave","Spot Weakness","Armaments"],"picked":"SKIP","floor":13.0},{"not_picked":["Anger","Inflame"],"picked":"True Grit","floor":14.0},{"not_picked":["Demon Form","Immolate"],"picked":"Berserk","floor":16.0},{"not_picked":["Havoc","Headbutt"],"picked":"Body Slam","floor":18.0},{"not_picked":["Twin Strike+1","Flex","Rampage"],"picked":"SKIP","floor":19.0},{"not_picked":["Twin Strike+1","Flex+1","Corruption"],"picked":"SKIP","floor":20.0},{"not_picked":["Bloodletting+1","Flex","Thunderclap"],"picked":"SKIP","floor":21.0},{"not_picked":["Thunderclap+1","Sever Soul"],"picked":"Ghostly Armor+1","floor":23.0},{"not_picked":["Pommel Strike+1","Combust+1","Bloodletting"],"picked":"SKIP","floor":24.0},{"not_picked":["Iron Wave","Thunderclap","Sword Boomerang"],"picked":"SKIP","floor":29.0},{"not_picked":["Combust","Rampage","Fire Breathing"],"picked":"SKIP","floor":35.0},{"not_picked":["Cleave+1","Headbutt","Twin Strike"],"picked":"SKIP","floor":38},{"not_picked":["Feel No Pain+1","Sword Boomerang"],"picked":"Impervious","floor":39},{"not_picked":["Wild Strike","Reaper"],"picked":"Armaments+1","floor":44},{"not_picked":["Clothesline+1","Pommel Strike+1"],"picked":"Juggernaut","floor":47},{"not_picked":["Twin Strike+1","Clash+1","Dual Wield"],"picked":"SKIP","floor":48},{"not_picked":["Perfected Strike","Clothesline+1","Armaments"],"picked":"SKIP","floor":54}],"player_experience":880868,"relics_obtained":[{"floor":6.0,"key":"Oddly Smooth Stone"},{"floor":9.0,"key":"Blood Vial"},{"floor":23.0,"key":"Red Skull"},{"floor":41,"key":"Mango"},{"floor":43,"key":"Eternal Feather"},{"floor":47,"key":"Centennial Puzzle"},{"floor":54,"key":"Dodecahedron"}],"event_choices":[{"damage_healed":0.0,"max_hp_gain":0.0,"max_hp_loss":0.0,"gold_gain":0.0,"cards_transformed":["Strike_R"],"event_name":"Transmorgrifier","player_choice":"Transformed","floor":5.0,"gold_loss":0.0,"damage_taken":0.0,"cards_obtained":["Offering"]},{"damage_healed":0.0,"max_hp_gain":0.0,"max_hp_loss":0.0,"gold_gain":0.0,"event_name":"The Woman in Blue","player_choice":"Bought 1 Potion","floor":11.0,"gold_loss":0.0,"damage_taken":0.0},{"damage_healed":0.0,"max_hp_gain":0.0,"max_hp_loss":0.0,"gold_gain":0.0,"event_name":"The Library","player_choice":"Read","floor":27.0,"gold_loss":0.0,"damage_taken":0.0,"cards_obtained":["Dual Wield"]},{"damage_healed":0.0,"max_hp_gain":0.0,"max_hp_loss":0.0,"gold_gain":0.0,"event_name":"Ghosts","player_choice":"Ignored","floor":31.0,"gold_loss":0.0,"damage_taken":0.0},{"damage_healed":0.0,"max_hp_gain":0.0,"max_hp_loss":0.0,"gold_gain":0.0,"event_name":"Tomb of Lord Red Mask","player_choice":"Paid","floor":37.0,"gold_loss":57.0,"damage_taken":0.0,"relics_obtained":["Red Mask"]},{"damage_healed":0,"gold_gain":0,"player_choice":"Fight","damage_taken":0,"max_hp_gain":0,"max_hp_loss":0,"event_name":"Mysterious Sphere","floor":41,"gold_loss":0},{"damage_healed":0,"gold_gain":0,"player_choice":"Memory 1","damage_taken":0,"max_hp_gain":0,"max_hp_loss":0,"event_name":"SensoryStone","floor":45,"gold_loss":0},{"damage_healed":0,"gold_gain":0,"player_choice":"Gave Potion","damage_taken":0,"relics_obtained":["Magic Flower"],"max_hp_gain":0,"max_hp_loss":0,"event_name":"WeMeetAgain","floor":46,"gold_loss":0}],"is_beta":true,"boss_relics":[{"not_picked":["Black Star","Coffee Dripper"],"picked":"Philosopher\u0027s Stone"},{"not_picked":["Busted Crown","Mark of Pain"],"picked":"Sozu"}],"items_purged_floors":[2,22,36],"is_endless":false,"potions_floor_spawned":[7,13,14,18,19,23,24,33,35,41,47,48],"killed_by":"The Heart","ascension_level":0}