{"gold_per_floor":[117,117,117,67,78,103,119,119,169,169,169,182,212,224,224,296,296,296,296,296,296,296,296,296,296,296,37,37,37,37,37,37,37,37,37,37,37,37,37],"floor_reached":39,"playtime":782,"items_purged":["Defend_R","Defend_R"],"score":1004,"play_id":"71335ebd-b95c-4b70-8315-e856723214bb","local_time":"20181127141046","is_ascension_mode":true,"campfire_choices":[{"data":"Bash","floor":8,"key":"SMITH"},{"data":"Cleave","floor":10,"key":"SMITH"},{"floor":15,"key":"REST"},{"floor":25,"key":"REST"},{"floor":28,"key":"REST"},{"data":"Flex","floor":32,"key":"SMITH"}],"neow_cost":"NONE","seed_source_timestamp":94448810451261,"circlet_count":0,"master_deck":["AscendersBane","Strike_R","Strike_R","Strike_R+1","Strike_R","Strike_R","Defend_R+1","Bash+1","Cleave+1","Twin Strike+1","Clash+1","Perfected Strike+1","Perfected Strike+1","Bludgeon+1","Flex","Flex+1","Double Tap+1","Headbutt+1","Double Tap+1","Immolate+1","Flex+1","Whirlwind+1","Limit Break+1"],"relics":["Burning Blood","NeowsBlessing","Smiling Mask","Molten Egg 2","Blood Vial","Vajra","Ectoplasm","Nunchaku","Mummified Hand","Toxic Egg 2","Tiny Chest","Orrery","Champion Belt","Regal Pillow"],"potions_floor_usage":[13,16,16,18,24,33,36],"damage_taken":[{"damage":0,"enemies":"Small Slimes","floor":1,"turns":1},{"damage":0,"enemies":"2 Louse","floor":5,"turns":1},{"damage":0,"enemies":"3 Sentries","floor":6,"turns":1},{"damage":7,"enemies":"Jaw Worm","floor":7,"turns":2},{"damage":7,"enemies":"Lots of Slimes","floor":12,"turns":3},{"damage":0,"enemies":"Gremlin Nob","floor":13,"turns":2},{"damage":11,"enemies":"Looter","floor":14,"turns":2},{"damage":42,"enemies":"Hexaghost","floor":16,"turns":5},{"damage":18,"enemies":"3 Byrds","floor":18,"turns":4},{"damage":0,"enemies":"Chosen","floor":21,"turns":2},{"damage":14,"enemies":"Centurion and Healer","floor":22,"turns":3},{"damage":60,"enemies":"Book of Stabbing","floor":23,"turns":4},{"damage":0,"enemies":"Snecko","floor":24,"turns":2},{"damage":0,"enemies":"Gremlin Leader","floor":30,"turns":3},{"damage":36,"enemies":"Champ","floor":33,"turns":6},{"damage":30,"enemies":"3 Shapes","floor":35,"turns":2},{"damage":30,"enemies":"Mind Bloom Boss Battle","floor":36,"turns":5},{"damage":0,"enemies":"3 Darklings","floor":37,"turns":2},{"damage":50,"enemies":"Maw","floor":39,"turns":4}],"seed_played":"-8969713957382937358","potions_obtained":[{"floor":6,"key":"SteroidPotion"},{"floor":12,"key":"Weak Potion"},{"floor":13,"key":"BloodPotion"},{"floor":14,"key":"LiquidBronze"},{"floor":18,"key":"Fruit Juice"},{"floor":23,"key":"Swift Potion"},{"floor":24,"key":"Swift Potion"},{"floor":30,"key":"Swift Potion"},{"floor":37,"key":"Poison Potion"}],"is_trial":false,"path_per_floor":["M","?","?","$","M","E","M","R","T","R","?","M","E","M","R","B",null,"M","?","T","M","M","E","M","R","T","$","R","?","E","?","R","B",null,"M","?","M","T","M"],"character_chosen":"IRONCLAD","items_purchased":["Double Tap+1","Headbutt+1"],"campfire_rested":3,"item_purchase_floors":[27,27],"current_hp_per_floor":[74,51,33,33,39,45,44,44,44,44,44,45,53,50,72,38,66,61,61,61,69,63,11,19,43,43,43,67,67,75,75,75,47,72,50,28,36,36,0],"gold":37,"neow_bonus":"THREE_ENEMY_KILL","is_prod":false,"is_daily":false,"chose_seed":false,"campfire_upgraded":3,"win_rate":0,"timestamp":1543324246,"path_taken":["M","?","?","$","M","E","M","R","T","R","?","M","E","M","R","BOSS","M","?","?","?","M","E","M","R","T","$","R","?","E","?","R","BOSS","M","?","M","?","M"],"build_version":"2018-11-15","purchased_purges":2,"victory":false,"max_hp_per_floor":[75,75,75,75,75,75,75,75,75,75,75,75,75,75,75,75,75,80,80,80,80,80,80,80,80,80,80,80,80,80,80,80,80,80,80,80,80,80,80],"card_choices":[{"not_picked":["Intimidate","Perfected Strike"],"picked":"Cleave","floor":1},{"not_picked":["Twin Strike","Burning Pact","Cleave"],"picked":"SKIP","floor":5},{"not_picked":["Perfected Strike","Headbutt"],"picked":"Twin Strike","floor":6},{"not_picked":["Cleave+1","Warcry"],"picked":"Clash+1","floor":7},{"not_picked":["Body Slam+1","Evolve","Shrug It Off"],"picked":"SKIP","floor":12},{"not_picked":["Disarm","Infernal Blade"],"picked":"Perfected Strike+1","floor":13},{"not_picked":["Second Wind","Sever Soul+1"],"picked":"Perfected Strike+1","floor":14},{"not_picked":["Berserk","Offering"],"picked":"Bludgeon+1","floor":16},{"not_picked":["Hemokinesis+1","Wild Strike+1","Headbutt+1"],"picked":"SKIP","floor":18},{"not_picked":["Sword Boomerang+1","Clothesline+1","True Grit"],"picked":"SKIP","floor":21},{"not_picked":["Ghostly Armor+1","Armaments"],"picked":"Flex","floor":22},{"not_picked":["Sword Boomerang+1","Warcry"],"picked":"Flex","floor":23},{"not_picked":["Cleave+1","Combust","Havoc"],"picked":"SKIP","floor":24},{"not_picked":["Infernal Blade+1","Berserk","Sever Soul+1"],"picked":"SKIP","floor":30},{"not_picked":["Demon Form","Brutality"],"picked":"Immolate+1","floor":33},{"not_picked":["Heavy Blade+1","Bloodletting+1"],"picked":"Flex+1","floor":34},{"not_picked":["Intimidate+1","Feel No Pain"],"picked":"Whirlwind+1","floor":34},{"not_picked":["Shockwave+1","Sword Boomerang+1","Clash+1"],"picked":"SKIP","floor":35},{"not_picked":["Inflame+1","Havoc+1"],"picked":"Limit Break+1","floor":36},{"not_picked":["Sword Boomerang+1","Clothesline+1","Reckless Charge+1"],"picked":"SKIP","floor":37}],"player_experience":778290,"relics_obtained":[{"floor":6,"key":"Molten Egg 2"},{"floor":9,"key":"Blood Vial"},{"floor":13,"key":"Vajra"},{"floor":20,"key":"Nunchaku"},{"floor":23,"key":"Mummified Hand"},{"floor":26,"key":"Toxic Egg 2"},{"floor":30,"key":"Tiny Chest"},{"floor":36,"key":"Champion Belt"},{"floor":38,"key":"Regal Pillow"}],"event_choices":[{"damage_healed":0,"gold_gain":0,"player_choice":"Entered Light","damage_taken":23,"max_hp_gain":0,"max_hp_loss":0,"event_name":"Shining Light","floor":2,"gold_loss":0,"cards_upgraded":["Defend_R","Strike_R"]},{"damage_healed":0,"gold_gain":0,"player_choice":"Success","damage_taken":18,"relics_obtained":["Smiling Mask"],"max_hp_gain":0,"max_hp_loss":0,"event_name":"Scrap Ooze","floor":3,"gold_loss":0},{"cards_removed":["Defend_R"],"damage_healed":0,"gold_gain":0,"player_choice":"Forget","damage_taken":0,"max_hp_gain":0,"max_hp_loss":0,"event_name":"Living Wall","floor":11,"gold_loss":0},{"damage_healed":0,"gold_gain":0,"player_choice":"Ignored","damage_taken":0,"max_hp_gain":0,"max_hp_loss":0,"event_name":"Ghosts","floor":19,"gold_loss":0},{"damage_healed":0,"gold_gain":0,"player_choice":"Read","damage_taken":0,"max_hp_gain":0,"max_hp_loss":0,"event_name":"The Library","floor":29,"gold_loss":0,"cards_obtained":["Double Tap"]},{"damage_healed":0,"gold_gain":0,"player_choice":"Ignored","damage_taken":0,"max_hp_gain":0,"max_hp_loss":0,"event_name":"Beggar","floor":31,"gold_loss":0},{"damage_healed":0,"gold_gain":0,"player_choice":"Fight","damage_taken":0,"max_hp_gain":0,"max_hp_loss":0,"event_name":"MindBloom","floor":36,"gold_loss":0}],"is_beta":true,"boss_relics":[{"not_picked":["Tiny House","Coffee Dripper"],"picked":"Ectoplasm"},{"not_picked":["Mark of Pain","Runic Cube"],"picked":"Orrery"}],"items_purged_floors":[4,27],"is_endless":false,"potions_floor_spawned":[6,12,13,14,18,23,24,30,37],"killed_by":"Maw","ascension_level":20}