{"gold_per_floor":[119,119,119,45,65,94,108,108,108,118,130,143,155,174,174,246,246,262,312,50,60,72,72,89,119,119,119],"floor_reached":27,"playtime":1056,"items_purged":["Strike_B"],"score":462,"play_id":"f885eae7-0ec7-4992-95af-04e22c35131c","local_time":"20190406150116","is_ascension_mode":true,"campfire_choices":[{"data":"Defragment","floor":8,"key":"SMITH"},{"data":"Defragment","floor":15,"key":"SMITH"},{"data":"Apotheosis","floor":23,"key":"SMITH"}],"neow_cost":"NONE","seed_source_timestamp":15540668943907,"circlet_count":0,"master_deck":["AscendersBane","Strike_B","Strike_B","Defend_B","Defend_B","Defend_B","Defend_B","Zap","Dualcast","Conserve Battery","Defragment+1","Streamline","Coolheaded","Defragment+1","Conserve Battery","Creative AI","Self Repair","Machine Learning","Apotheosis+1","Capacitor"],"relics":["FrozenCore","NeowsBlessing","Gremlin Horn","Symbiotic Virus","Ginger","Thread and Needle"],"potions_floor_usage":[4,14,22,25,27],"damage_taken":[{"damage":0,"enemies":"Small Slimes","floor":1,"turns":1},{"damage":0,"enemies":"Jaw Worm","floor":5,"turns":1},{"damage":0,"enemies":"Gremlin Nob","floor":6,"turns":1},{"damage":6,"enemies":"Cultist","floor":7,"turns":3},{"damage":1,"enemies":"Exordium Thugs","floor":10,"turns":4},{"damage":1,"enemies":"Blue Slaver","floor":11,"turns":4},{"damage":10,"enemies":"Looter","floor":12,"turns":4},{"damage":12,"enemies":"Red Slaver","floor":13,"turns":4},{"damage":11,"enemies":"Exordium Wildlife","floor":14,"turns":2},{"damage":13,"enemies":"Hexaghost","floor":16,"turns":8},{"damage":4,"enemies":"Shell Parasite","floor":18,"turns":6},{"damage":4,"enemies":"Spheric Guardian","floor":21,"turns":7},{"damage":5,"enemies":"Shelled Parasite and Fungi","floor":22,"turns":8},{"damage":6,"enemies":"Sentry and Sphere","floor":24,"turns":10},{"damage":51,"enemies":"Gremlin Leader","floor":25,"turns":10},{"damage":35,"enemies":"Slavers","floor":27,"turns":2}],"seed_played":"-506403675895589657","potions_obtained":[{"floor":3,"key":"SteroidPotion"},{"floor":3,"key":"Fruit Juice"},{"floor":6,"key":"Fire Potion"},{"floor":14,"key":"Ancient Potion"},{"floor":21,"key":"EssenceOfSteel"},{"floor":22,"key":"SkillPotion"}],"is_trial":false,"path_per_floor":["M","?","?","$","M","E","M","R","T","M","M","M","M","M","R","B",null,"M","?","$","M","M","R","M","E","T","E"],"character_chosen":"DEFECT","items_purchased":["Defragment","Apotheosis"],"campfire_rested":0,"item_purchase_floors":[4,20],"current_hp_per_floor":[64,64,64,69,69,69,63,63,63,62,61,51,39,35,35,29,64,67,67,67,70,75,75,76,35,35,0],"gold":119,"neow_bonus":"THREE_ENEMY_KILL","is_prod":false,"is_daily":false,"chose_seed":false,"campfire_upgraded":3,"win_rate":0,"timestamp":1554555676,"path_taken":["M","?","?","$","M","E","M","R","T","M","?","M","M","M","R","BOSS","M","?","$","M","M","R","M","E","T","E"],"build_version":"2019-01-23","purchased_purges":1,"victory":false,"max_hp_per_floor":[71,71,71,76,76,76,76,76,76,76,76,76,76,76,76,76,76,76,76,76,76,76,76,76,76,76,76],"card_choices":[{"not_picked":["Redo","Beam Cell"],"picked":"Conserve Battery","floor":1},{"not_picked":["Leap","Hologram"],"picked":"Streamline","floor":5},{"not_picked":["Stack","Beam Cell"],"picked":"Coolheaded","floor":6},{"not_picked":["Hello World","Beam Cell"],"picked":"Defragment","floor":7},{"not_picked":["Sweeping Beam","Ball Lightning"],"picked":"Conserve Battery","floor":10},{"not_picked":["Compile Driver","Barrage"],"picked":"Creative AI","floor":11},{"not_picked":["Beam Cell","Consume","Rebound"],"picked":"SKIP","floor":12},{"not_picked":["Reprogram","Hello World"],"picked":"Self Repair","floor":13},{"not_picked":["Rebound","Sunder","Compile Driver"],"picked":"SKIP","floor":14},{"not_picked":["Biased Cognition","Meteor Strike"],"picked":"Machine Learning","floor":16},{"not_picked":["Melter","Redo","Compile Driver"],"picked":"SKIP","floor":18},{"not_picked":["Beam Cell","Redo","Force Field"],"picked":"SKIP","floor":21},{"not_picked":["Hologram","Heatsinks","Rip and Tear"],"picked":"SKIP","floor":22},{"not_picked":["Compile Driver","Turbo","Darkness"],"picked":"SKIP","floor":24},{"not_picked":["Reinforced Body","Conserve Battery"],"picked":"Capacitor","floor":25}],"player_experience":819311,"relics_obtained":[{"floor":6,"key":"Gremlin Horn"},{"floor":9,"key":"Symbiotic Virus"},{"floor":25,"key":"Ginger"},{"floor":26,"key":"Thread and Needle"}],"event_choices":[{"cards_removed":["Strike_B"],"damage_healed":0,"gold_gain":0,"player_choice":"Forget","damage_taken":0,"max_hp_gain":0,"max_hp_loss":0,"event_name":"Living Wall","floor":2,"gold_loss":0},{"damage_healed":0,"gold_gain":0,"player_choice":"Got Potions","damage_taken":0,"max_hp_gain":0,"max_hp_loss":0,"event_name":"Lab","floor":3,"gold_loss":0},{"damage_healed":0,"gold_gain":50,"player_choice":"Stole From Cult","damage_taken":0,"max_hp_gain":0,"max_hp_loss":0,"event_name":"Nest","floor":19,"gold_loss":0}],"is_beta":false,"boss_relics":[{"not_picked":["Nuclear Battery","Orrery"],"picked":"FrozenCore"}],"items_purged_floors":[20],"is_endless":false,"potions_floor_spawned":[6,10,13,14,21,22,24],"killed_by":"Slavers","ascension_level":15}