{"gold_per_floor":[111,126,136,148,73,73,89,123,169,169,169,169,198,198,198,275,275,289,289,28,46,63,63,91,91,91,116,216,233,233,75,75,147,147,164,164,78,98,98,111,111,111,159,159,170,170,45,45,45,45,45],"floor_reached":51,"playtime":1495,"items_purged":["Defend_R","Defend_R","Pain"],"score":1332,"play_id":"abd5e47b-6e59-4a52-b67b-ff970d54a796","local_time":"20181028105448","is_ascension_mode":true,"campfire_choices":[{"data":"Perfected Strike","floor":6.0,"key":"SMITH"},{"floor":12.0,"key":"REST"},{"data":"Bash","floor":15.0,"key":"SMITH"},{"data":"Flex","floor":23.0,"key":"SMITH"},{"floor":25.0,"key":"REST"},{"floor":32.0,"key":"REST"},{"floor":42,"key":"REST"},{"data":"Perfected Strike","floor":44,"key":"SMITH"},{"data":"Double Tap","floor":46,"key":"SMITH"},{"floor":49,"key":"DIG"}],"neow_cost":"NONE","seed_source_timestamp":1981752099199,"circlet_count":0,"master_deck":["Strike_R","Strike_R","Strike_R","Strike_R","Strike_R","Defend_R+1","Defend_R+1","Bash+1","AscendersBane","Perfected Strike+1","Thunderclap","Infernal Blade+1","Wild Strike","Immolate+1","Offering","Flex+1","RitualDagger","Battle Trance","Pommel Strike","Immolate","Flex","Pommel Strike+1","Uppercut","Perfected Strike+1","Double Tap+1","Battle Trance","Parasite","Flex"],"special_seed":0,"relics":["Burning Blood","War Paint","Letter Opener","Regal Pillow","Ornamental Fan","Dream Catcher","Mark of Pain","Pen Nib","Kunai","WingedGreaves","Art of War","Shovel","Shuriken","Vajra","Busted Crown","Self Forming Clay","Strawberry","Thread and Needle"],"potions_floor_usage":[50,51],"damage_taken":[{"damage":3.0,"enemies":"Cultist","floor":1.0,"turns":4.0},{"damage":7.0,"enemies":"Jaw Worm","floor":2.0,"turns":4.0},{"damage":1.0,"enemies":"2 Louse","floor":3.0,"turns":3.0},{"damage":13.0,"enemies":"Blue Slaver","floor":4.0,"turns":5.0},{"damage":8.0,"enemies":"3 Louse","floor":7.0,"turns":2.0},{"damage":24.0,"enemies":"3 Sentries","floor":8.0,"turns":6.0},{"damage":8.0,"enemies":"Gremlin Nob","floor":13.0,"turns":3.0},{"damage":42.0,"enemies":"Slime Boss","floor":16.0,"turns":6.0},{"damage":15.0,"enemies":"2 Thieves","floor":18.0,"turns":2.0},{"damage":7.0,"enemies":"Spheric Guardian","floor":21.0,"turns":3.0},{"damage":6.0,"enemies":"Centurion and Healer","floor":22.0,"turns":3.0},{"damage":19.0,"enemies":"Slavers","floor":24.0,"turns":4.0},{"damage":32.0,"enemies":"Book of Stabbing","floor":27.0,"turns":3.0},{"damage":13.0,"enemies":"Colosseum Slavers","floor":28.0,"turns":2.0},{"damage":6.0,"enemies":"Colosseum Nobs","floor":28.0,"turns":1.0},{"damage":27.0,"enemies":"Shelled Parasite and Fungi","floor":29.0,"turns":2.0},{"damage":31.0,"enemies":"Champ","floor":33.0,"turns":5.0},{"damage":20.0,"enemies":"3 Shapes","floor":35.0,"turns":1.0},{"damage":24.0,"enemies":"3 Darklings","floor":38.0,"turns":3.0},{"damage":6.0,"enemies":"Sphere and 2 Shapes","floor":40.0,"turns":4.0},{"damage":6,"enemies":"Writhing Mass","floor":45,"turns":2},{"damage":54,"enemies":"Time Eater","floor":50,"turns":6},{"damage":65,"enemies":"Awakened One","floor":51,"turns":5}],"seed_played":"-669144220786551901","potions_obtained":[{"floor":1.0,"key":"Weak Potion"},{"floor":4.0,"key":"Weak Potion"},{"floor":8.0,"key":"Block Potion"},{"floor":27.0,"key":"EssenceOfSteel"},{"floor":29.0,"key":"AttackPotion"},{"floor":45,"key":"Block Potion"},{"floor":48,"key":"Swift Potion"}],"is_trial":false,"path_per_floor":["M","M","M","M","$","R","M","E","T","?","?","R","E","?","R","B",null,"M","?","$","M","M","R","E","R","T","E","?","M","?","$","R","B",null,"M","?","$","M","?","M","?","R","T","R","M","R","$","?","R","B"],"character_chosen":"IRONCLAD","items_purchased":["Pen Nib","Vajra","Battle Trance"],"campfire_rested":4,"item_purchase_floors":[20,31,37],"current_hp_per_floor":[71,70,75,68,68,68,66,48,48,48,30,67,65,65,65,29,64,55,49,49,48,48,48,35,72,72,46,39,18,18,18,55,30,64,50,50,50,32,32,32,32,69,76,76,76,76,76,76,76,28,0],"gold":45,"neow_bonus":"RANDOM_COMMON_RELIC","is_prod":false,"is_daily":false,"chose_seed":false,"campfire_upgraded":5,"win_rate":0,"timestamp":1540720488,"path_taken":["M","M","M","M","$","R","?","E","T","?","?","R","E","?","R","BOSS","M","?","$","?","M","R","E","R","T","E","?","?","?","$","R","BOSS","M","?","$","M","?","M","?","R","T","R","M","R","$","?","R","BOSS","BOSS"],"build_version":"2018-10-25v2","purchased_purges":3,"victory":false,"max_hp_per_floor":[75,75,75,75,75,75,75,75,75,75,75,75,75,75,75,75,75,75,75,75,75,75,75,75,75,75,75,75,75,75,75,75,75,75,75,75,75,75,75,75,75,75,82,82,82,82,82,82,82,82,82],"card_choices":[{"not_picked":["Bloodletting","Sword Boomerang"],"picked":"Perfected Strike","floor":1.0},{"not_picked":["Pummel","Clothesline"],"picked":"Thunderclap","floor":2.0},{"not_picked":["Shrug It Off","Power Through"],"picked":"Infernal Blade","floor":3.0},{"not_picked":["Clothesline","Barricade"],"picked":"Wild Strike","floor":4.0},{"not_picked":["Wild Strike","Shrug It Off"],"picked":"Cleave","floor":7.0},{"not_picked":["Anger","Rage"],"picked":"Immolate","floor":8.0},{"not_picked":["Thunderclap","Heavy Blade","Clash"],"picked":"SKIP","floor":13.0},{"not_picked":["Fiend Fire","Bludgeon"],"picked":"Offering","floor":16.0},{"not_picked":["Headbutt","Armaments"],"picked":"Flex","floor":18.0},{"not_picked":["Clothesline","Bloodletting"],"picked":"Battle Trance","floor":21.0},{"not_picked":["Headbutt","Corruption"],"picked":"Pommel Strike","floor":22.0},{"not_picked":["Clothesline","Anger"],"picked":"Immolate","floor":24.0},{"not_picked":["Sword Boomerang","Hemokinesis"],"picked":"Flex","floor":25.0},{"not_picked":["Wild Strike","Fire Breathing"],"picked":"Pommel Strike+1","floor":27.0},{"not_picked":["Wild Strike","Cleave"],"picked":"Uppercut","floor":29.0},{"not_picked":["Hemokinesis","Shrug It Off+1"],"picked":"Perfected Strike","floor":32.0},{"not_picked":["Demon Form","Offering"],"picked":"Double Tap","floor":33.0},{"not_picked":["Wild Strike"],"picked":"SKIP","floor":35.0},{"not_picked":["Intimidate+1"],"picked":"SKIP","floor":38.0},{"not_picked":["Cleave"],"picked":"SKIP","floor":40.0},{"not_picked":[],"picked":"Flex","floor":45}],"player_experience":709105,"relics_obtained":[{"floor":8.0,"key":"Letter Opener"},{"floor":9.0,"key":"Regal Pillow"},{"floor":13.0,"key":"Dream Catcher"},{"floor":24.0,"key":"Kunai"},{"floor":26.0,"key":"WingedGreaves"},{"floor":27.0,"key":"Art of War"},{"floor":28.0,"key":"Shovel"},{"floor":28.0,"key":"Shuriken"},{"floor":43,"key":"Strawberry"},{"floor":49,"key":"Thread and Needle"}],"event_choices":[{"damage_healed":0.0,"max_hp_gain":0.0,"max_hp_loss":0.0,"gold_gain":0.0,"event_name":"Accursed Blacksmith","player_choice":"Forge","floor":10.0,"gold_loss":0.0,"damage_taken":0.0,"cards_upgraded":["Immolate"]},{"damage_healed":0.0,"max_hp_gain":0.0,"max_hp_loss":0.0,"gold_gain":0.0,"event_name":"Scrap Ooze","player_choice":"Success","floor":11.0,"gold_loss":0.0,"damage_taken":18.0,"relics_obtained":["Ornamental Fan"]},{"damage_healed":0.0,"max_hp_gain":0.0,"max_hp_loss":0.0,"gold_gain":0.0,"event_name":"Upgrade Shrine","player_choice":"Upgraded","floor":14.0,"gold_loss":0.0,"damage_taken":0.0,"cards_upgraded":["Infernal Blade"]},{"damage_healed":0.0,"max_hp_gain":0.0,"max_hp_loss":0.0,"gold_gain":0.0,"event_name":"Nest","player_choice":"Joined the Cult","floor":19.0,"gold_loss":0.0,"damage_taken":6.0,"cards_obtained":["RitualDagger"]},{"damage_healed":0.0,"max_hp_gain":0.0,"max_hp_loss":0.0,"gold_gain":0.0,"event_name":"Colosseum","player_choice":"Fight","floor":28.0,"gold_loss":0.0,"damage_taken":0.0},{"damage_healed":0.0,"max_hp_gain":0.0,"max_hp_loss":0.0,"gold_gain":0.0,"event_name":"Colosseum","player_choice":"Fought Nobs","floor":28.0,"gold_loss":0.0,"damage_taken":0.0},{"damage_healed":0.0,"max_hp_gain":0.0,"max_hp_loss":0.0,"gold_gain":0.0,"event_name":"Cursed Tome","player_choice":"Ignored","floor":30.0,"gold_loss":0.0,"damage_taken":0.0},{"cards_removed":["Cleave"],"damage_healed":0.0,"max_hp_gain":0.0,"max_hp_loss":0.0,"gold_gain":0.0,"event_name":"WeMeetAgain","player_choice":"Gave Card","floor":36.0,"gold_loss":0.0,"damage_taken":0.0,"relics_obtained":["Self Forming Clay"]},{"damage_healed":0.0,"max_hp_gain":0.0,"max_hp_loss":0.0,"gold_gain":0.0,"event_name":"Match and Keep!","player_choice":"1 cards matched","floor":39.0,"gold_loss":0.0,"damage_taken":0.0,"cards_obtained":["Pain"]},{"damage_healed":0,"gold_gain":0,"player_choice":"Ignored","damage_taken":0,"max_hp_gain":0,"max_hp_loss":0,"event_name":"Mysterious Sphere","floor":41,"gold_loss":0},{"damage_healed":0,"gold_gain":0,"player_choice":"Got Potions","damage_taken":0,"max_hp_gain":0,"max_hp_loss":0,"event_name":"The Lab","floor":48,"gold_loss":0}],"is_beta":true,"boss_relics":[{"not_picked":["Coffee Dripper","Fusion Hammer"],"picked":"Mark of Pain"},{"not_picked":["Empty Cage","Runic Pyramid"],"picked":"Busted Crown"}],"items_purged_floors":[5,20,47],"is_endless":false,"potions_floor_spawned":[1,4,8,16,18,24,27,29,45],"killed_by":"Awakened One","ascension_level":20}