{"gold_per_floor":[113,125,125,125,50,50,70,88,88,188,188,207,132,152,152,229,229,243,243,85,97,113,130,142,142],"floor_reached":25,"playtime":578,"items_purged":["Pain","Writhe"],"score":374,"play_id":"39f30eb5-5a3e-4015-9d7c-af3fc4263a57","local_time":"20181016151912","is_ascension_mode":true,"campfire_choices":[{"data":"Perfected Strike","floor":6.0,"key":"SMITH"},{"data":"Perfected Strike","floor":15.0,"key":"SMITH"}],"neow_cost":"","seed_source_timestamp":13292513944451,"circlet_count":0,"master_deck":["Strike_R","Strike_R","Strike_R","Strike_R","Strike_R","Defend_R","Defend_R","Defend_R","Bash","AscendersBane","Perfected Strike+1","Havoc","Demon Form+1","Twin Strike","Perfected Strike+1","Limit Break","Pommel Strike","Sword Boomerang","Twin Strike"],"special_seed":0,"relics":["Burning Blood","Regal Pillow","WarpedTongs","Mark of Pain","Mercury Hourglass"],"potions_floor_usage":[24],"damage_taken":[{"damage":3.0,"enemies":"2 Louse","floor":1.0,"turns":4.0},{"damage":6.0,"enemies":"Cultist","floor":2.0,"turns":4.0},{"damage":16.0,"enemies":"Small Slimes","floor":7.0,"turns":3.0},{"damage":12.0,"enemies":"Looter","floor":8.0,"turns":3.0},{"damage":11.0,"enemies":"Large Slime","floor":12.0,"turns":6.0},{"damage":7.0,"enemies":"3 Louse","floor":14.0,"turns":2.0},{"damage":30.0,"enemies":"Slime Boss","floor":16.0,"turns":6.0},{"damage":12.0,"enemies":"3 Byrds","floor":18.0,"turns":3.0},{"damage":7.0,"enemies":"Chosen","floor":21.0,"turns":3.0},{"damage":21.0,"enemies":"Snake Plant","floor":22.0,"turns":3.0},{"damage":13.0,"enemies":"Chosen and Byrds","floor":23.0,"turns":4.0},{"damage":18,"enemies":"3 Cultists","floor":24,"turns":4},{"damage":23,"enemies":"Centurion and Healer","floor":25,"turns":5}],"seed_played":"7259158652246833255","potions_obtained":[{"floor":1.0,"key":"Explosive Potion"},{"floor":8.0,"key":"LiquidBronze"},{"floor":14.0,"key":"Swift Potion"},{"floor":16.0,"key":"PowerPotion"},{"floor":18.0,"key":"Swift Potion"}],"is_trial":false,"path_per_floor":["M","M","?","?","?","R","M","M","T","?","?","M","$","M","R","B",null,"M","?","$","M","M","M","M"],"character_chosen":"IRONCLAD","items_purchased":["Pommel Strike"],"campfire_rested":0,"item_purchase_floors":[20],"current_hp_per_floor":[71,71,71,71,71,71,61,55,55,55,55,50,50,49,49,25,63,57,57,57,56,41,34,22,0],"gold":142,"neow_bonus":"","is_prod":false,"is_daily":false,"chose_seed":false,"campfire_upgraded":2,"win_rate":0,"timestamp":1539695952,"path_taken":["M","M","?","?","?","R","M","?","T","?","?","M","$","M","R","BOSS","M","?","$","?","M","M","M","M"],"build_version":"2018-10-15v2","purchased_purges":2,"victory":false,"max_hp_per_floor":[75,75,75,75,75,75,75,75,75,75,75,75,75,75,75,75,75,75,75,75,75,75,75,75,75],"card_choices":[{"not_picked":["Rupture","Twin Strike"],"picked":"Perfected Strike","floor":1.0},{"not_picked":["Sword Boomerang","Combust","Havoc"],"picked":"SKIP","floor":2.0},{"not_picked":["Wild Strike","Headbutt","Evolve"],"picked":"SKIP","floor":7.0},{"not_picked":["Armaments","Flame Barrier"],"picked":"Twin Strike","floor":8.0},{"not_picked":["Body Slam","Pummel","Dark Embrace"],"picked":"SKIP","floor":12.0},{"not_picked":["Twin Strike","Combust"],"picked":"Perfected Strike","floor":14.0},{"not_picked":["Double Tap","Barricade"],"picked":"Limit Break","floor":16.0},{"not_picked":["Disarm+1","Shockwave","Armaments"],"picked":"SKIP","floor":18.0},{"not_picked":["Rage","Armaments+1","True Grit"],"picked":"SKIP","floor":21.0},{"not_picked":["Rage","Shockwave"],"picked":"Sword Boomerang","floor":22.0},{"not_picked":["Ghostly Armor","Battle Trance","Body Slam"],"picked":"SKIP","floor":23.0},{"not_picked":["Whirlwind+1","Spot Weakness"],"picked":"Twin Strike","floor":24}],"player_experience":690344,"relics_obtained":[{"floor":9.0,"key":"Regal Pillow"}],"event_choices":[{"event_name":"Match and Keep!","player_choice":"2 cards matched","floor":3.0,"damage_taken":0.0},{"event_name":"Living Wall","player_choice":"Grow","floor":4.0,"damage_taken":0.0},{"event_name":"The Cleric","player_choice":"Card Removal","floor":5.0,"damage_taken":0.0},{"event_name":"Wheel of Change","player_choice":"Gold","floor":10.0,"damage_taken":0.0},{"event_name":"Accursed Blacksmith","player_choice":"Rummage","floor":11.0,"damage_taken":0.0},{"event_name":"The Mausoleum","player_choice":"Yes","floor":19.0,"damage_taken":0.0}],"is_beta":true,"boss_relics":[{"not_picked":["Empty Cage","Coffee Dripper"],"picked":"Mark of Pain"}],"items_purged_floors":[13,20],"is_endless":false,"potions_floor_spawned":[1,8,14,16,18,22],"killed_by":"Centurion and Healer","ascension_level":18}