{"gold_per_floor":[110,110,126,137,137,164,164,194,217,217,217,243,243,255,255,328,328,308,308,223,92,92,92,92,92,92,35,35,35,35,35,35,35,35,35,35,0,0,0,0,0,0,0,0,0,0,0,0,0,0],"floor_reached":50,"playtime":1250,"items_purged":["Defend_R"],"score":1152,"play_id":"746b8403-f4da-432e-b66a-cad64099a384","local_time":"20190413184559","is_ascension_mode":true,"campfire_choices":[{"data":"Perfected Strike","floor":7.0,"key":"SMITH"},{"data":"Inflame","floor":10.0,"key":"SMITH"},{"floor":13.0,"key":"REST"},{"data":"Perfected Strike","floor":15.0,"key":"SMITH"},{"data":"Heavy Blade","floor":23.0,"key":"SMITH"},{"data":"Perfected Strike","floor":30.0,"key":"SMITH"},{"data":"Flex","floor":32.0,"key":"SMITH"},{"floor":40.0,"key":"RECALL"},{"floor":49,"key":"REST"}],"neow_cost":"NONE","seed_source_timestamp":197266476229361,"circlet_count":0,"master_deck":["AscendersBane","Strike_R","Strike_R","Strike_R","Strike_R","Strike_R","Defend_R","Bash","Perfected Strike+1","Wild Strike","Inflame+1","Spot Weakness","Wild Strike","Perfected Strike+1","Immolate","Heavy Blade+1","Flex+1","Perfected Strike+1","Feed","Perfected Strike+1","Uppercut","Demon Form","Perfected Strike+1","Heavy Blade+1"],"special_seed":0,"relics":["Burning Blood","NeowsBlessing","Vajra","Oddly Smooth Stone","Bag of Marbles","Orichalcum","Ectoplasm","WingedGreaves","Magic Flower","Bag of Preparation","Pantograph","Fusion Hammer","Red Mask","FossilizedHelix","StoneCalendar","Centennial Puzzle"],"potions_floor_usage":[50],"damage_taken":[{"damage":0.0,"enemies":"2 Louse","floor":1.0,"turns":1.0},{"damage":0.0,"enemies":"Cultist","floor":3.0,"turns":1.0},{"damage":0.0,"enemies":"Jaw Worm","floor":4.0,"turns":1.0},{"damage":39.0,"enemies":"Lagavulin","floor":6.0,"turns":6.0},{"damage":8.0,"enemies":"Gremlin Nob","floor":8.0,"turns":3.0},{"damage":30.0,"enemies":"3 Sentries","floor":12.0,"turns":7.0},{"damage":9.0,"enemies":"Gremlin Gang","floor":14.0,"turns":4.0},{"damage":12.0,"enemies":"Slime Boss","floor":16.0,"turns":6.0},{"damage":5.0,"enemies":"2 Thieves","floor":18.0,"turns":2.0},{"damage":5.0,"enemies":"Spheric Guardian","floor":19.0,"turns":3.0},{"damage":6.0,"enemies":"Chosen and Byrds","floor":24.0,"turns":3.0},{"damage":29.0,"enemies":"Slavers","floor":25.0,"turns":4.0},{"damage":0.0,"enemies":"Snecko","floor":28.0,"turns":2.0},{"damage":1.0,"enemies":"Gremlin Leader","floor":31.0,"turns":2.0},{"damage":58.0,"enemies":"Champ","floor":33.0,"turns":6.0},{"damage":0.0,"enemies":"3 Shapes","floor":35.0,"turns":2.0},{"damage":0.0,"enemies":"3 Darklings","floor":38.0,"turns":2.0},{"damage":2.0,"enemies":"2 Orb Walkers","floor":39.0,"turns":2.0},{"damage":44,"enemies":"Reptomancer","floor":42,"turns":5},{"damage":0,"enemies":"Transient","floor":44,"turns":6},{"damage":19,"enemies":"4 Shapes","floor":45,"turns":4},{"damage":0,"enemies":"Jaw Worm Horde","floor":46,"turns":3},{"damage":98,"enemies":"Awakened One","floor":50,"turns":6}],"seed_played":"2041233180624068510","potions_obtained":[{"floor":2.0,"key":"SneckoOil"},{"floor":2.0,"key":"SkillPotion"},{"floor":3.0,"key":"Swift Potion"},{"floor":14.0,"key":"Poison Potion"},{"floor":16.0,"key":"GamblersBrew"},{"floor":24.0,"key":"Block Potion"},{"floor":25.0,"key":"FearPotion"},{"floor":28.0,"key":"AttackPotion"},{"floor":39.0,"key":"Dexterity Potion"},{"floor":44,"key":"Energy Potion"},{"floor":45,"key":"Block Potion"}],"is_trial":false,"path_per_floor":["M","?","M","M","?","E","R","E","T","R","?","E","R","M","R","B",null,"M","M","?","$","?","R","M","E","T","$","M","$","R","E","R","B",null,"M","?","?","M","?","R","?","E","T","M","M","M","$","T","R","B"],"character_chosen":"IRONCLAD","items_purchased":["Flex","SteroidPotion"],"campfire_rested":2,"item_purchase_floors":[21,27],"current_hp_per_floor":[74,74,75,75,75,42,42,40,40,40,40,16,38,35,35,29,64,65,66,66,66,55,55,55,32,32,32,41,41,41,49,49,26,63,72,72,72,78,78,78,78,43,43,52,47,61,61,61,84,0],"gold":0,"neow_bonus":"THREE_ENEMY_KILL","is_prod":false,"is_daily":false,"chose_seed":false,"campfire_upgraded":6,"win_rate":0,"timestamp":1555173959,"path_taken":["M","?","?","M","?","E","R","E","T","R","?","E","R","M","R","BOSS","M","?","?","$","?","R","?","E","T","$","?","?","R","E","R","BOSS","M","?","?","M","?","R","?","E","T","?","?","?","$","?","R","BOSS"],"build_version":"2019-01-23","purchased_purges":1,"victory":false,"max_hp_per_floor":[75,75,75,75,75,75,75,75,75,75,75,75,75,75,75,75,75,75,75,75,75,75,75,75,75,75,75,75,75,75,75,75,75,75,75,75,75,78,78,78,78,78,78,78,81,84,84,84,84,84],"card_choices":[{"not_picked":["Dual Wield","Rampage"],"picked":"Perfected Strike","floor":1.0},{"not_picked":["Anger","Battle Trance"],"picked":"Wild Strike","floor":3.0},{"not_picked":["Clothesline","Heavy Blade"],"picked":"Inflame","floor":4.0},{"not_picked":["Headbutt","Anger","Bloodletting"],"picked":"SKIP","floor":6.0},{"not_picked":["Rage","Disarm"],"picked":"Spot Weakness","floor":8.0},{"not_picked":["Clothesline","Twin Strike"],"picked":"Wild Strike","floor":12.0},{"not_picked":["Flame Barrier","Headbutt"],"picked":"Perfected Strike","floor":14.0},{"not_picked":["Berserk","Offering"],"picked":"Immolate","floor":16.0},{"not_picked":["True Grit","Searing Blow"],"picked":"Heavy Blade","floor":18.0},{"not_picked":["Fire Breathing","Infernal Blade","Entrench"],"picked":"SKIP","floor":19.0},{"not_picked":["Body Slam","Rupture","Pommel Strike"],"picked":"SKIP","floor":24.0},{"not_picked":["Shrug It Off","Headbutt","Entrench"],"picked":"SKIP","floor":25.0},{"not_picked":["Rampage","Shrug It Off"],"picked":"Perfected Strike","floor":28.0},{"not_picked":["Whirlwind","Bloodletting","Intimidate+1"],"picked":"SKIP","floor":31.0},{"not_picked":["Bludgeon","Barricade"],"picked":"Feed","floor":33.0},{"not_picked":["Bloodletting","Headbutt+1"],"picked":"Perfected Strike+1","floor":35.0},{"not_picked":["Warcry","Thunderclap+1","Rage"],"picked":"SKIP","floor":38.0},{"not_picked":["Flame Barrier","Sword Boomerang"],"picked":"Uppercut","floor":39.0},{"not_picked":["Rage","Shrug It Off","Anger"],"picked":"SKIP","floor":42},{"not_picked":["Battle Trance","Evolve"],"picked":"Perfected Strike+1","floor":44},{"not_picked":["Clash","Sever Soul"],"picked":"Heavy Blade+1","floor":45},{"not_picked":["Blood for Blood","Headbutt+1","Thunderclap"],"picked":"SKIP","floor":46}],"player_experience":827407,"relics_obtained":[{"floor":6.0,"key":"Vajra"},{"floor":8.0,"key":"Oddly Smooth Stone"},{"floor":9.0,"key":"Bag of Marbles"},{"floor":12.0,"key":"Orichalcum"},{"floor":25.0,"key":"Magic Flower"},{"floor":26.0,"key":"Bag of Preparation"},{"floor":31.0,"key":"Pantograph"},{"floor":39.0,"key":"FossilizedHelix"},{"floor":42,"key":"StoneCalendar"},{"floor":48,"key":"Centennial Puzzle"}],"event_choices":[{"damage_healed":0.0,"max_hp_gain":0.0,"max_hp_loss":0.0,"gold_gain":0.0,"event_name":"Lab","player_choice":"Got Potions","floor":2.0,"gold_loss":0.0,"damage_taken":0.0},{"damage_healed":0.0,"max_hp_gain":0.0,"max_hp_loss":0.0,"gold_gain":0.0,"event_name":"Shining Light","player_choice":"Ignored","floor":5.0,"gold_loss":0.0,"damage_taken":0.0},{"cards_removed":["Defend_R"],"damage_healed":0.0,"max_hp_gain":0.0,"max_hp_loss":0.0,"gold_gain":0.0,"event_name":"Bonfire Elementals","player_choice":"Offered Basic","floor":11.0,"gold_loss":0.0,"damage_taken":0.0},{"damage_healed":0.0,"max_hp_gain":0.0,"max_hp_loss":0.0,"gold_gain":0.0,"event_name":"Addict","player_choice":"Obtained Relic","floor":20.0,"gold_loss":85.0,"damage_taken":0.0,"relics_obtained":["WingedGreaves"]},{"damage_healed":0.0,"max_hp_gain":0.0,"max_hp_loss":0.0,"gold_gain":0.0,"event_name":"Wheel of Change","player_choice":"Damaged","floor":22.0,"gold_loss":0.0,"damage_taken":11.0},{"cards_removed":["Defend_R"],"damage_healed":0.0,"max_hp_gain":0.0,"max_hp_loss":0.0,"gold_gain":0.0,"event_name":"Falling","player_choice":"Removed Skill","floor":36.0,"gold_loss":0.0,"damage_taken":0.0},{"damage_healed":0.0,"max_hp_gain":0.0,"max_hp_loss":0.0,"gold_gain":0.0,"event_name":"Tomb of Lord Red Mask","player_choice":"Paid","floor":37.0,"gold_loss":35.0,"damage_taken":0.0,"relics_obtained":["Red Mask"]},{"damage_healed":0.0,"max_hp_gain":0.0,"max_hp_loss":0.0,"gold_gain":0.0,"event_name":"Mysterious Sphere","player_choice":"Fight","floor":39.0,"gold_loss":0.0,"damage_taken":0.0},{"damage_healed":0.0,"max_hp_gain":0.0,"max_hp_loss":0.0,"gold_gain":0.0,"event_name":"Match and Keep!","player_choice":"1 cards matched","floor":41.0,"gold_loss":0.0,"damage_taken":0.0,"cards_obtained":["Demon Form"]}],"is_beta":false,"boss_relics":[{"not_picked":["Busted Crown","Lizard Tail"],"picked":"Ectoplasm"},{"not_picked":["Tiny House","Mark of Pain"],"picked":"Fusion Hammer"}],"items_purged_floors":[21],"is_endless":false,"potions_floor_spawned":[3,4,14,16,24,25,28,39,44,45,46],"killed_by":"Awakened One","ascension_level":20}