{"gold_per_floor":[119,44,44,57,57,91,91,91,182,269,302,334,365,393,405,545,557,593,605,716,335,351,351,370,389,389,389,389],"floor_reached":28,"playtime":994,"items_purged":["Defend_B","Defend_B"],"score":245,"play_id":"20af16ff-4e01-4c47-bad1-3b764049319a","local_time":"20190925005838","is_ascension_mode":false,"campfire_choices":[{"data":"Zap","floor":7.0,"key":"SMITH"},{"data":"Redo","floor":15,"key":"SMITH"},{"data":"Redo","floor":23,"key":"SMITH"},{"data":"Redo","floor":27,"key":"SMITH"}],"neow_cost":"NONE","seed_source_timestamp":17284648705727,"circlet_count":0,"master_deck":["Strike_B","Strike_B","Strike_B","Defend_B","Defend_B","Zap+1","Dualcast","Auto Shields","Doom and Gloom","Redo+1","Hologram","Redo+1","Defragment","Echo Form","CurseOfTheBell","Redo+1","Scrape","Loop+1"],"special_seed":0,"relics":["Cracked Core","NeowsBlessing","Golden Idol","Prayer Wheel","Bag of Marbles","MawBank","Eternal Feather","Calling Bell","Toy Ornithopter","Mercury Hourglass","Ginger","Torii","Blue Candle"],"potions_floor_usage":[16],"damage_taken":[{"damage":0.0,"enemies":"2 Louse","floor":1.0,"turns":1.0},{"damage":0.0,"enemies":"Small Slimes","floor":4.0,"turns":1.0},{"damage":0.0,"enemies":"Lagavulin","floor":6.0,"turns":1.0},{"damage":6.0,"enemies":"Jaw Worm","floor":11.0,"turns":3.0},{"damage":2.0,"enemies":"3 Louse","floor":12.0,"turns":2.0},{"damage":0.0,"enemies":"Blue Slaver","floor":13.0,"turns":2.0},{"damage":1,"enemies":"Large Slime","floor":14,"turns":4},{"damage":25,"enemies":"Hexaghost","floor":16,"turns":6},{"damage":0,"enemies":"Chosen","floor":18,"turns":4},{"damage":16,"enemies":"Shell Parasite","floor":22,"turns":5},{"damage":33,"enemies":"Sentry and Sphere","floor":24,"turns":4},{"damage":33,"enemies":"Chosen and Byrds","floor":25,"turns":5},{"damage":13,"enemies":"Shelled Parasite and Fungi","floor":28,"turns":2}],"seed_played":"2091636434753870103","potions_obtained":[{"floor":1.0,"key":"Strength Potion"},{"floor":4.0,"key":"SkillPotion"},{"floor":11.0,"key":"SpeedPotion"},{"floor":22,"key":"GamblersBrew"}],"is_trial":false,"path_per_floor":["M","$","?","M","?","E","R","T","T","?","M","M","M","M","R","B",null,"M","?","?","$","M","R","M","M","T","R","M"],"character_chosen":"DEFECT","items_purchased":["Torii"],"campfire_rested":0,"item_purchase_floors":[21],"current_hp_per_floor":[75,75,57,57,50,50,50,50,50,39,33,31,31,30,39,14,75,75,75,75,75,59,68,35,2,2,11,0],"gold":389,"neow_bonus":"THREE_ENEMY_KILL","is_prod":false,"is_daily":false,"chose_seed":false,"campfire_upgraded":4,"win_rate":0,"timestamp":1569340718,"path_taken":["M","$","?","M","?","E","R","?","T","?","M","M","M","?","R","BOSS","M","?","?","$","M","R","M","M","T","R","M"],"build_version":"2019-09-23","purchased_purges":2,"victory":false,"max_hp_per_floor":[75,75,75,75,75,75,75,75,75,75,75,75,75,75,75,75,75,75,75,75,75,75,75,75,75,75,75,75],"card_choices":[{"not_picked":["Fusion","Hologram"],"picked":"Auto Shields","floor":1.0},{"not_picked":["Turbo","Conserve Battery","Lockon"],"picked":"SKIP","floor":4.0},{"not_picked":["Turbo","FTL"],"picked":"Doom and Gloom","floor":6.0},{"not_picked":["Storm","Fission"],"picked":"Redo","floor":11.0},{"not_picked":["Beam Cell","Gash"],"picked":"Hologram","floor":11.0},{"not_picked":["Go for the Eyes","Gash","Ball Lightning"],"picked":"SKIP","floor":12.0},{"not_picked":["Beam Cell","Genetic Algorithm","Leap"],"picked":"SKIP","floor":12.0},{"not_picked":["Ball Lightning","Heatsinks","Tempest"],"picked":"SKIP","floor":13.0},{"not_picked":["Stack","Capacitor","Conserve Battery"],"picked":"SKIP","floor":13.0},{"not_picked":["Beam Cell","Recycle"],"picked":"Redo","floor":14},{"not_picked":["Fusion","Storm"],"picked":"Defragment","floor":14},{"not_picked":["Seek","Reboot"],"picked":"Echo Form","floor":16},{"not_picked":["Double Energy","Go for the Eyes"],"picked":"Redo","floor":18},{"not_picked":["Turbo+1","Chaos"],"picked":"Scrape","floor":18},{"not_picked":["Turbo","Defragment+1"],"picked":"Loop+1","floor":22},{"not_picked":["Lockon","Leap","Steam Power"],"picked":"SKIP","floor":22},{"not_picked":["Glacier","Beam Cell","Streamline"],"picked":"SKIP","floor":24},{"not_picked":["BootSequence","Defragment","Stack"],"picked":"SKIP","floor":24},{"not_picked":["Cold Snap+1","Darkness","Sweeping Beam"],"picked":"SKIP","floor":25},{"not_picked":["Chill","Steam Power","Leap"],"picked":"SKIP","floor":25}],"player_experience":532554,"relics_obtained":[{"floor":6.0,"key":"Bag of Marbles"},{"floor":8.0,"key":"MawBank"},{"floor":9.0,"key":"Eternal Feather"},{"floor":17,"key":"Toy Ornithopter"},{"floor":17,"key":"Mercury Hourglass"},{"floor":17,"key":"Ginger"},{"floor":26,"key":"Blue Candle"}],"event_choices":[{"damage_healed":0.0,"max_hp_gain":0.0,"max_hp_loss":0.0,"gold_gain":0.0,"event_name":"Golden Idol","player_choice":"Take Damage","floor":3.0,"gold_loss":0.0,"damage_taken":18.0,"relics_obtained":["Golden Idol"]},{"damage_healed":0.0,"max_hp_gain":0.0,"max_hp_loss":0.0,"gold_gain":0.0,"event_name":"Scrap Ooze","player_choice":"Success","floor":5.0,"gold_loss":0.0,"damage_taken":7.0,"relics_obtained":["Prayer Wheel"]},{"damage_healed":0.0,"max_hp_gain":0.0,"max_hp_loss":0.0,"gold_gain":75.0,"event_name":"World of Goop","player_choice":"Gather Gold","floor":10.0,"gold_loss":0.0,"damage_taken":11.0},{"cards_removed":["Strike_B"],"damage_healed":0,"gold_gain":0,"player_choice":"Elegance","damage_taken":0,"max_hp_gain":0,"max_hp_loss":0,"event_name":"Back to Basics","floor":19,"gold_loss":0},{"damage_healed":0,"gold_gain":99,"player_choice":"Stole From Cult","damage_taken":0,"max_hp_gain":0,"max_hp_loss":0,"event_name":"Nest","floor":20,"gold_loss":0}],"is_beta":true,"boss_relics":[{"not_picked":["Fusion Hammer","Philosopher\u0027s Stone"],"picked":"Calling Bell"}],"items_purged_floors":[2,21],"is_endless":false,"potions_floor_spawned":[1,4,11,13,22],"killed_by":"Shelled Parasite and Fungi","ascension_level":0}