{"gold_per_floor":[110,185,110,110,110,110,124,147,174,189,228,242,267,302,302,428,428,442,268,283,198,212,212,243,243,243,282,282,142,162,233,233,233],"floor_reached":33,"playtime":2311,"items_purged":["Writhe","Injury","Strike_R"],"score":344,"play_id":"0a850d01-9ee6-46c5-a8a9-3a66009af797","local_time":"20180715222100","is_ascension_mode":true,"campfire_choices":[{"data":"Evolve","floor":6.0,"key":"SMITH"},{"data":"Armaments","floor":15.0,"key":"SMITH"},{"data":"Wild Strike","floor":23.0,"key":"SMITH"},{"data":"Havoc","floor":25.0,"key":"SMITH"},{"data":"Wild Strike","floor":28.0,"key":"SMITH"},{"floor":32,"key":"REST"}],"neow_cost":"NONE","seed_source_timestamp":8498003137610,"circlet_count":0,"master_deck":["Strike_R","Strike_R","Strike_R","Strike_R","Defend_R","Defend_R","Defend_R","Defend_R","Bash","Parasite","Clumsy","Evolve+1","Havoc+1","Wild Strike+1","Wild Strike+1","Anger","Armaments+1","Power Through","Exhume","True Grit+1","Second Wind","Flex+1","Headbutt+1","Searing Blow+1","Wild Strike","Carnage+1","Dual Wield"],"special_seed":0,"relics":["Calling Bell","Dream Catcher","Mercury Hourglass","Bird Faced Urn","Golden Idol","Oddly Smooth Stone","Darkstone Periapt","Bronze Scales","Orichalcum","Velvet Choker","Strawberry","Centennial Puzzle","The Courier","Bag of Marbles","Tiny Chest"],"potions_floor_usage":[31],"damage_taken":[{"damage":0.0,"enemies":"2 Louse","floor":1.0,"turns":4.0},{"damage":20.0,"enemies":"Small Slimes","floor":7.0,"turns":3.0},{"damage":1.0,"enemies":"Cultist","floor":8.0,"turns":3.0},{"damage":0.0,"enemies":"2 Fungi Beasts","floor":10.0,"turns":3.0},{"damage":18.0,"enemies":"3 Sentries","floor":11.0,"turns":5.0},{"damage":9.0,"enemies":"Gremlin Gang","floor":12.0,"turns":3.0},{"damage":16.0,"enemies":"Gremlin Nob","floor":14.0,"turns":4.0},{"damage":12.0,"enemies":"Hexaghost","floor":16.0,"turns":9.0},{"damage":14.0,"enemies":"Shell Parasite","floor":18.0,"turns":5.0},{"damage":0.0,"enemies":"Chosen","floor":20.0,"turns":5.0},{"damage":3.0,"enemies":"Centurion and Healer","floor":22.0,"turns":5.0},{"damage":27.0,"enemies":"Gremlin Leader","floor":24.0,"turns":7.0},{"damage":11.0,"enemies":"Book of Stabbing","floor":27.0,"turns":4.0},{"damage":21.0,"enemies":"Snecko","floor":30.0,"turns":4.0},{"damage":8,"enemies":"Slavers","floor":31,"turns":4},{"damage":44,"enemies":"Automaton","floor":33,"turns":10}],"seed_played":"-4528417053000444118","potions_obtained":[{"floor":1.0,"key":"Regen Potion"},{"floor":10.0,"key":"Ancient Potion"},{"floor":16.0,"key":"Energy Potion"},{"floor":20.0,"key":"AttackPotion"},{"floor":22.0,"key":"LiquidBronze"},{"floor":31,"key":"Strength Potion"}],"is_trial":false,"path_per_floor":["M","?","$","?","?","R","M","M","T","M","E","M","T","E","R","B",null,"M","$","M","?","M","R","E","R","T","E","R","$","M","E","R"],"character_chosen":"IRONCLAD","items_purchased":["Second Wind","Wild Strike"],"campfire_rested":1,"item_purchase_floors":[19,29],"current_hp_per_floor":[80,69,69,69,69,69,49,48,48,50,34,25,25,11,11,13,80,68,68,70,77,76,76,51,51,51,42,42,42,23,15,41,0],"gold":233,"neow_bonus":"BOSS_RELIC","is_prod":false,"is_daily":false,"chose_seed":false,"campfire_upgraded":5,"win_rate":0,"timestamp":1531664460,"path_taken":["M","?","$","?","?","R","M","M","T","?","E","?","?","E","R","BOSS","M","$","M","?","M","R","E","R","T","E","R","$","M","E","R","BOSS"],"build_version":"2018-07-12","purchased_purges":3,"victory":false,"max_hp_per_floor":[80,80,80,80,80,80,80,80,80,80,80,80,80,80,80,80,80,80,80,80,87,87,87,87,87,87,87,87,87,87,87,87,87],"card_choices":[{"not_picked":["Body Slam","Warcry"],"picked":"Evolve","floor":1.0},{"not_picked":["Pommel Strike","Warcry"],"picked":"Wild Strike","floor":7.0},{"not_picked":["Havoc","Anger"],"picked":"Wild Strike","floor":8.0},{"not_picked":["Evolve","Clash"],"picked":"Anger","floor":10.0},{"not_picked":["Berserk","Feel No Pain"],"picked":"Armaments","floor":11.0},{"not_picked":["Uppercut","Rampage"],"picked":"Power Through","floor":12.0},{"not_picked":["Iron Wave","Armaments","Spot Weakness"],"picked":"SKIP","floor":14.0},{"not_picked":["Dark Embrace","Feed"],"picked":"Exhume","floor":16.0},{"not_picked":["Perfected Strike+1","Pummel+1"],"picked":"True Grit+1","floor":18.0},{"not_picked":["Bloodletting","Rupture+1"],"picked":"Flex+1","floor":20.0},{"not_picked":["Sever Soul","Iron Wave","Fire Breathing"],"picked":"SKIP","floor":22.0},{"not_picked":["Clothesline","Seeing Red"],"picked":"Headbutt+1","floor":24.0},{"not_picked":["True Grit","Inflame"],"picked":"Searing Blow+1","floor":27.0},{"not_picked":["Dropkick","Clothesline"],"picked":"Carnage+1","floor":30.0},{"not_picked":["Hemokinesis","Brutality"],"picked":"Dual Wield","floor":31}],"player_experience":132280,"relics_obtained":[{"floor":0.0,"key":"Dream Catcher"},{"floor":0.0,"key":"Mercury Hourglass"},{"floor":0.0,"key":"Bird Faced Urn"},{"floor":9.0,"key":"Oddly Smooth Stone"},{"floor":11.0,"key":"Darkstone Periapt"},{"floor":13.0,"key":"Bronze Scales"},{"floor":14.0,"key":"Orichalcum"},{"floor":24.0,"key":"Centennial Puzzle"},{"floor":26.0,"key":"The Courier"},{"floor":27.0,"key":"Bag of Marbles"},{"floor":31,"key":"Tiny Chest"}],"event_choices":[{"event_name":"World of Goop","player_choice":"Gather Gold","floor":2.0,"damage_taken":0.0},{"event_name":"Golden Idol","player_choice":"Take Wound","floor":4.0,"damage_taken":0.0},{"event_name":"Match and Keep!","player_choice":"1 cards matched","floor":5.0,"damage_taken":0.0},{"event_name":"Addict","player_choice":"Obtained Relic","floor":21.0,"damage_taken":0.0}],"boss_relics":[{"not_picked":["Tiny House","Runic Dome"],"picked":"Velvet Choker"}],"items_purged_floors":[3,19,29],"is_endless":false,"potions_floor_spawned":[1,10,16,20,22,31],"killed_by":"Automaton","ascension_level":2}