{"gold_per_floor":[118,138,288,288,300,335,335,335,335,351,351,351,351],"floor_reached":13,"playtime":170,"items_purged":[],"score":166,"play_id":"26bc91b1-9bf4-48ef-b3d0-e9ffafa0d176","local_time":"20190416111449","is_ascension_mode":true,"campfire_choices":[{"floor":8,"key":"REST"},{"data":"Defragment","floor":12,"key":"SMITH"}],"neow_cost":"NONE","seed_source_timestamp":1986488397910,"circlet_count":0,"master_deck":["AscendersBane","Strike_B","Strike_B","Strike_B","Strike_B","Defend_B","Defend_B","Defend_B","Defend_B","Zap","Dualcast","Darkness","Consume+1","Doubt","Defragment+1","White Noise","Conserve Battery"],"relics":["Cracked Core","NeowsBlessing","Gambling Chip","Mango"],"potions_floor_usage":[6],"damage_taken":[{"damage":0,"enemies":"Jaw Worm","floor":1,"turns":1},{"damage":0,"enemies":"2 Louse","floor":2,"turns":1},{"damage":0,"enemies":"Cultist","floor":5,"turns":1},{"damage":51,"enemies":"Gremlin Nob","floor":6,"turns":4},{"damage":19,"enemies":"Blue Slaver","floor":10,"turns":5},{"damage":20,"enemies":"3 Sentries","floor":13,"turns":4}],"seed_played":"2626778427184288063","potions_obtained":[{"floor":1,"key":"FocusPotion"}],"is_trial":false,"path_per_floor":["M","M","?","?","M","E","?","R","T","M","?","R","E"],"character_chosen":"DEFECT","items_purchased":[],"campfire_rested":1,"item_purchase_floors":[],"current_hp_per_floor":[64,64,64,64,64,13,13,34,48,29,29,29,9],"gold":351,"neow_bonus":"THREE_ENEMY_KILL","is_prod":false,"is_daily":false,"chose_seed":false,"campfire_upgraded":1,"win_rate":0,"timestamp":1555406089,"path_taken":["M","M","?","?","?","E","?","R","T","M","?","R","E"],"build_version":"2019-01-23","purchased_purges":0,"victory":false,"max_hp_per_floor":[71,71,71,71,71,71,71,71,85,85,85,85,85],"card_choices":[{"not_picked":["Double Energy","Rebound"],"picked":"Darkness","floor":1},{"not_picked":["Gash","Sweeping Beam"],"picked":"Consume","floor":2},{"not_picked":["Chill","Sunder"],"picked":"Defragment","floor":5},{"not_picked":["Go for the Eyes","Cold Snap"],"picked":"White Noise","floor":6},{"not_picked":["Beam Cell","Blizzard"],"picked":"Conserve Battery","floor":10}],"player_experience":839171,"relics_obtained":[{"floor":6,"key":"Gambling Chip"},{"floor":9,"key":"Mango"}],"event_choices":[{"damage_healed":0,"gold_gain":150,"player_choice":"AGREE","damage_taken":0,"max_hp_gain":0,"max_hp_loss":0,"event_name":"Liars Game","floor":3,"gold_loss":0,"cards_obtained":["Doubt"]},{"damage_healed":0,"gold_gain":0,"player_choice":"Forge","damage_taken":0,"max_hp_gain":0,"max_hp_loss":0,"event_name":"Accursed Blacksmith","floor":4,"gold_loss":0,"cards_upgraded":["Consume"]},{"damage_healed":0,"gold_gain":0,"player_choice":"Ignored","damage_taken":0,"max_hp_gain":0,"max_hp_loss":0,"event_name":"Shining Light","floor":7,"gold_loss":0},{"damage_healed":0,"gold_gain":0,"player_choice":"Ignored","damage_taken":0,"max_hp_gain":0,"max_hp_loss":0,"event_name":"Golden Idol","floor":11,"gold_loss":0}],"is_beta":false,"boss_relics":[],"items_purged_floors":[],"is_endless":false,"potions_floor_spawned":[1],"killed_by":"3 Sentries","ascension_level":20}