{"gold_per_floor":[115,115,115,0,0,34,46,46,46,61,61,61,61,90,90,90],"floor_reached":16,"playtime":294,"items_purged":["Strike_G"],"score":262,"play_id":"4b755a0c-baff-4d46-9620-b6d5560369e0","local_time":"20181129114814","is_ascension_mode":true,"campfire_choices":[{"data":"Deadly Poison","floor":8,"key":"SMITH"},{"data":"Blade Dance","floor":15,"key":"SMITH"}],"neow_cost":"NONE","seed_source_timestamp":69790168741463,"circlet_count":0,"master_deck":["AscendersBane","Defend_G","Defend_G","Defend_G","Defend_G","Defend_G","Strike_G","Strike_G","Survivor","Neutralize","Well Laid Plans","Footwork","Blade Dance+1","Deadly Poison+1","Cloak And Dagger","Finisher"],"relics":["Ring of the Snake","NeowsBlessing","Paper Crane","Question Card","Mummified Hand","Frozen Egg 2"],"potions_floor_usage":[14,16],"damage_taken":[{"damage":0,"enemies":"Jaw Worm","floor":1,"turns":1},{"damage":0,"enemies":"3 Sentries","floor":6,"turns":1},{"damage":0,"enemies":"Small Slimes","floor":7,"turns":1},{"damage":6,"enemies":"Cultist","floor":10,"turns":4},{"damage":6,"enemies":"Lagavulin","floor":14,"turns":7},{"damage":53,"enemies":"Hexaghost","floor":16,"turns":10}],"seed_played":"6993338947911624202","potions_obtained":[{"floor":6,"key":"Energy Potion"},{"floor":7,"key":"Energy Potion"},{"floor":14,"key":"Poison Potion"}],"is_trial":false,"path_per_floor":["M","?","?","$","?","E","M","R","T","M","T","?","?","E","R","B"],"character_chosen":"THE_SILENT","items_purchased":["Footwork"],"campfire_rested":0,"item_purchase_floors":[4],"current_hp_per_floor":[59,59,64,64,64,64,64,64,64,58,58,58,58,52,52,0],"gold":90,"neow_bonus":"THREE_ENEMY_KILL","is_prod":false,"is_daily":false,"chose_seed":false,"campfire_upgraded":2,"win_rate":0,"timestamp":1543488494,"path_taken":["M","?","?","$","?","E","?","R","T","M","?","?","?","E","R","BOSS"],"build_version":"2018-11-15","purchased_purges":1,"victory":false,"max_hp_per_floor":[66,66,71,71,71,71,71,71,71,71,71,71,71,71,71,71],"card_choices":[{"not_picked":["Flying Knee","Dagger Throw"],"picked":"Well Laid Plans","floor":1},{"not_picked":["Eviscerate","Escape Plan"],"picked":"Blade Dance","floor":6},{"not_picked":["Bane","Flechettes"],"picked":"Deadly Poison","floor":7},{"not_picked":["Dagger Spray","Backflip","Deadly Poison"],"picked":"Cloak And Dagger","floor":10},{"not_picked":["Dagger Spray","Quick Slash","Prepared"],"picked":"Finisher","floor":14}],"player_experience":781940,"relics_obtained":[{"floor":6,"key":"Paper Crane"},{"floor":9,"key":"Question Card"},{"floor":11,"key":"Mummified Hand"},{"floor":14,"key":"Frozen Egg 2"}],"event_choices":[{"cards_removed":["Strike_G"],"damage_healed":0,"gold_gain":0,"player_choice":"Forget","damage_taken":0,"max_hp_gain":0,"max_hp_loss":0,"event_name":"Living Wall","floor":2,"gold_loss":0},{"damage_healed":0,"gold_gain":0,"player_choice":"Donut","damage_taken":0,"max_hp_gain":5,"max_hp_loss":0,"event_name":"Big Fish","floor":3,"gold_loss":0},{"damage_healed":0,"gold_gain":0,"player_choice":"Ignored","damage_taken":0,"max_hp_gain":0,"max_hp_loss":0,"event_name":"Liars Game","floor":5,"gold_loss":0},{"damage_healed":0,"gold_gain":0,"player_choice":"Ignored","damage_taken":0,"max_hp_gain":0,"max_hp_loss":0,"event_name":"Golden Idol","floor":12,"gold_loss":0},{"cards_removed":["Strike_G"],"damage_healed":0,"gold_gain":0,"player_choice":"Offered Basic","damage_taken":0,"max_hp_gain":0,"max_hp_loss":0,"event_name":"Bonfire Elementals","floor":13,"gold_loss":0}],"is_beta":true,"boss_relics":[],"items_purged_floors":[4],"is_endless":false,"potions_floor_spawned":[6,7,14],"killed_by":"Hexaghost","ascension_level":20}