{"gold_per_floor":[119,136,136,61,79,79,92,121,121,145,145,95,113,123,123,220,220,232,232,243,243,243],"floor_reached":22,"playtime":1319,"items_purged":["Defend_G"],"score":214,"play_id":"e396972f-6592-48b5-8d8d-92baf10e3283","local_time":"20180721100347","is_ascension_mode":true,"campfire_choices":[{"data":"Neutralize","floor":6,"key":"SMITH"},{"data":"Well Laid Plans","floor":11,"key":"SMITH"},{"floor":15,"key":"REST"}],"neow_cost":"NONE","seed_source_timestamp":0,"circlet_count":0,"master_deck":["Defend_G","Defend_G","Defend_G","Defend_G","Strike_G","Strike_G","Strike_G","Strike_G","Survivor","Neutralize+1","Heel Hook","Escape Plan","Well Laid Plans+1","Dagger Throw","Storm of Steel+1","Dagger Throw+1","Underhanded Strike"],"special_seed":0,"relics":["Lizard Tail","NlothsMask","Snake Skull","Bag of Marbles","Philosopher\u0027s Stone","Strawberry"],"potions_floor_usage":[8,16,16,18,20],"damage_taken":[{"damage":1,"enemies":"2 Louse","floor":1,"turns":3},{"damage":5,"enemies":"Cultist","floor":2,"turns":5},{"damage":9,"enemies":"Jaw Worm","floor":5,"turns":5},{"damage":10,"enemies":"Exordium Thugs","floor":7,"turns":5},{"damage":23,"enemies":"3 Sentries","floor":8,"turns":9},{"damage":0,"enemies":"Blue Slaver","floor":13,"turns":4},{"damage":3,"enemies":"Looter","floor":14,"turns":3},{"damage":25,"enemies":"Hexaghost","floor":16,"turns":12},{"damage":35,"enemies":"Shell Parasite","floor":18,"turns":6},{"damage":26,"enemies":"3 Byrds","floor":20,"turns":5},{"damage":61,"enemies":"Centurion and Healer","floor":22,"turns":6}],"seed_played":"3853651867930850496","potions_obtained":[{"floor":1,"key":"SteroidPotion"},{"floor":2,"key":"Swift Potion"},{"floor":7,"key":"LiquidBronze"},{"floor":16,"key":"Block Potion"},{"floor":18,"key":"GhostInAJar"}],"is_trial":false,"path_per_floor":["M","M","?","$","M","R","M","E","T","T","R","?","M","M","R","B",null,"M","?","M","?"],"character_chosen":"THE_SILENT","items_purchased":[],"campfire_rested":1,"item_purchase_floors":[],"current_hp_per_floor":[69,64,64,64,55,55,45,22,22,22,22,22,22,19,40,15,70,35,42,16,16,0],"gold":243,"neow_bonus":"BOSS_RELIC","is_prod":false,"is_daily":false,"chose_seed":false,"campfire_upgraded":2,"win_rate":0,"timestamp":1532138627,"path_taken":["M","M","?","?","M","R","M","E","T","?","R","?","M","?","R","BOSS","M","?","M","?","?"],"build_version":"2018-07-19v2","purchased_purges":1,"victory":false,"max_hp_per_floor":[70,70,70,70,70,70,70,70,70,70,70,70,70,70,70,70,70,70,77,77,77,77],"card_choices":[{"not_picked":["Outmaneuver","Backflip"],"picked":"Heel Hook","floor":1},{"not_picked":["Acrobatics","Quick Slash","Dash"],"picked":"SKIP","floor":2},{"not_picked":["Outmaneuver","Tactician"],"picked":"Escape Plan","floor":5},{"not_picked":["All Out Attack","Dagger Spray","Footwork"],"picked":"SKIP","floor":7},{"not_picked":["Deflect","Storm of Steel"],"picked":"Well Laid Plans","floor":8},{"not_picked":["Acrobatics","Endless Agony"],"picked":"Dagger Throw","floor":13},{"not_picked":["PiercingWail","Deadly Poison","Deflect"],"picked":"SKIP","floor":14},{"not_picked":["Glass Knife","Envenom"],"picked":"Storm of Steel","floor":16},{"not_picked":["Outmaneuver","Blade Dance"],"picked":"Dagger Throw+1","floor":18},{"not_picked":["Poisoned Stab","Noxious Fumes"],"picked":"Underhanded Strike","floor":20}],"player_experience":173214,"relics_obtained":[{"floor":8,"key":"Snake Skull"},{"floor":10,"key":"Bag of Marbles"}],"event_choices":[{"event_name":"FaceTrader","player_choice":"Trade","floor":3,"damage_taken":0},{"event_name":"The Cleric","player_choice":"Card Removal","floor":12,"damage_taken":0},{"event_name":"The Mausoleum","player_choice":"Yes","floor":19,"damage_taken":0},{"event_name":"Accursed Blacksmith","player_choice":"Forge","floor":21,"damage_taken":0}],"is_beta":false,"boss_relics":[{"not_picked":["Runic Pyramid","Cursed Key"],"picked":"Philosopher\u0027s Stone"}],"items_purged_floors":[4],"is_endless":false,"potions_floor_spawned":[1,2,7,16,18],"killed_by":"Centurion and Healer","ascension_level":3}