{"gold_per_floor":[114,114,125,136,153,182,182,192,268,268,268],"floor_reached":11,"playtime":806,"items_purged":[],"score":75,"play_id":"9ae59a23-099c-4617-adce-82b6a1efbbf2","local_time":"20180704202936","is_ascension_mode":false,"campfire_choices":[{"floor":7.0,"key":"REST"},{"floor":10,"key":"REST"}],"neow_cost":"","seed_source_timestamp":0,"circlet_count":0,"master_deck":["Strike_R","Strike_R","Strike_R","Strike_R","Strike_R+1","Defend_R","Defend_R","Defend_R","Defend_R+1","Bash","Limit Break","Heavy Blade","Flex","Burning Pact","Feel No Pain"],"special_seed":0,"relics":["Burning Blood","Happy Flower","Centennial Puzzle"],"potions_floor_usage":[],"damage_taken":[{"damage":0.0,"enemies":"2 Louse","floor":1.0,"turns":4.0},{"damage":7.0,"enemies":"Jaw Worm","floor":3.0,"turns":7.0},{"damage":1.0,"enemies":"Cultist","floor":4.0,"turns":3.0},{"damage":2.0,"enemies":"Looter","floor":5.0,"turns":4.0},{"damage":31.0,"enemies":"3 Sentries","floor":6.0,"turns":11.0},{"damage":20,"enemies":"2 Fungi Beasts","floor":8,"turns":4},{"damage":48,"enemies":"Gremlin Nob","floor":11,"turns":4}],"seed_played":"-7669558597652305056","potions_obtained":[{"floor":4.0,"key":"Poison Potion"},{"floor":5.0,"key":"Poison Potion"},{"floor":6.0,"key":"Explosive Potion"}],"is_trial":false,"path_per_floor":["M","?","M","M","M","E","R","M","T","R"],"character_chosen":"IRONCLAD","items_purchased":[],"campfire_rested":2,"item_purchase_floors":[],"current_hp_per_floor":[46,30,29,34,38,13,37,23,23,47,0],"gold":268,"neow_bonus":"","is_prod":false,"is_daily":false,"chose_seed":false,"campfire_upgraded":0,"win_rate":0,"timestamp":1530707376,"path_taken":["M","?","M","M","M","E","R","M","T","R","E"],"build_version":"2018-06-28","purchased_purges":0,"victory":false,"max_hp_per_floor":[80,80,80,80,80,80,80,80,80,80,80],"card_choices":[{"not_picked":["Fiend Fire","Dark Embrace"],"picked":"Limit Break","floor":0.0},{"not_picked":["Searing Blow","Sever Soul"],"picked":"Heavy Blade","floor":1.0},{"not_picked":["Pummel","Carnage"],"picked":"Flex","floor":3.0},{"not_picked":["Clothesline","Second Wind","Wild Strike"],"picked":"SKIP","floor":4.0},{"not_picked":["Entrench","Sword Boomerang"],"picked":"Burning Pact","floor":5.0},{"not_picked":["Sword Boomerang","Metallicize"],"picked":"Feel No Pain","floor":6.0},{"not_picked":["Shockwave","Perfected Strike","Pommel Strike"],"picked":"SKIP","floor":8}],"player_experience":58990,"relics_obtained":[{"floor":6.0,"key":"Happy Flower"},{"floor":9,"key":"Centennial Puzzle"}],"event_choices":[{"event_name":"Shining Light","player_choice":"Entered Light","floor":2.0,"damage_taken":0.0}],"boss_relics":[],"items_purged_floors":[],"is_endless":false,"potions_floor_spawned":[4,5,6],"killed_by":"Gremlin Nob","ascension_level":0}