{"gold_per_floor":[115,60,60,60,60,86,86,112,112,131,149,74,74,89,89,89],"floor_reached":16,"playtime":456,"items_purged":["Strike_R"],"score":316,"play_id":"a0b2242d-9c47-4a83-9a88-378cac16b360","local_time":"20190508174837","is_ascension_mode":true,"campfire_choices":[{"data":"Armaments","floor":7,"key":"SMITH"},{"data":"Shrug It Off","floor":13,"key":"SMITH"},{"data":"Evolve","floor":15,"key":"SMITH"}],"neow_cost":"NONE","seed_source_timestamp":5094974823436,"circlet_count":0,"master_deck":["AscendersBane","Strike_R","Strike_R","Strike_R","Defend_R","Defend_R","Defend_R","Defend_R","Bash","Evolve+1","Armaments+1","Shrug It Off+1","Ghostly Armor","Clash"],"relics":["Burning Blood","NeowsBlessing","Blood Vial","Bag of Marbles","Pantograph","Nunchaku"],"potions_floor_usage":[],"damage_taken":[{"damage":0,"enemies":"Small Slimes","floor":1,"turns":1},{"damage":0,"enemies":"3 Sentries","floor":6,"turns":2},{"damage":0,"enemies":"Lagavulin","floor":8,"turns":1},{"damage":9,"enemies":"Jaw Worm","floor":10,"turns":5},{"damage":0,"enemies":"2 Louse","floor":11,"turns":3},{"damage":4,"enemies":"Large Slime","floor":14,"turns":11},{"damage":77,"enemies":"The Guardian","floor":16,"turns":21}],"seed_played":"7290564869544364405","potions_obtained":[{"floor":1,"key":"Swift Potion"},{"floor":11,"key":"SneckoOil"},{"floor":14,"key":"Energy Potion"}],"is_trial":false,"path_per_floor":["M","$","?","?","?","E","R","E","T","M","M","$","R","M","R","B"],"character_chosen":"IRONCLAD","items_purchased":["Armaments"],"campfire_rested":0,"item_purchase_floors":[2],"current_hp_per_floor":[74,74,56,56,49,57,57,65,65,64,72,72,72,75,75,0],"gold":89,"neow_bonus":"THREE_ENEMY_KILL","is_prod":false,"is_daily":false,"chose_seed":false,"campfire_upgraded":3,"win_rate":0,"timestamp":1557330517,"path_taken":["M","$","?","?","?","E","R","E","T","M","M","$","R","M","R","BOSS"],"build_version":"2019-01-23","purchased_purges":1,"victory":false,"max_hp_per_floor":[75,75,75,75,75,75,75,75,75,75,75,75,75,75,75,75],"card_choices":[{"not_picked":["Spot Weakness","Wild Strike"],"picked":"Evolve","floor":1},{"not_picked":["Perfected Strike","Spot Weakness","Pommel Strike"],"picked":"SKIP","floor":6},{"not_picked":["Thunderclap","Sentinel","Wild Strike"],"picked":"SKIP","floor":8},{"not_picked":["Twin Strike","Flex"],"picked":"Shrug It Off","floor":10},{"not_picked":["Rampage","Clothesline"],"picked":"Ghostly Armor","floor":11},{"not_picked":["Sentinel","Clash","Heavy Blade"],"picked":"SKIP","floor":14},{"not_picked":["Sentinel","Heavy Blade"],"picked":"Clash","floor":14}],"player_experience":871108,"relics_obtained":[{"floor":6,"key":"Bag of Marbles"},{"floor":8,"key":"Pantograph"},{"floor":9,"key":"Nunchaku"}],"event_choices":[{"damage_healed":0,"gold_gain":0,"player_choice":"Success","damage_taken":18,"relics_obtained":["Blood Vial"],"max_hp_gain":0,"max_hp_loss":0,"event_name":"Scrap Ooze","floor":3,"gold_loss":0},{"damage_healed":0,"gold_gain":0,"player_choice":"Ignored","damage_taken":0,"max_hp_gain":0,"max_hp_loss":0,"event_name":"Shining Light","floor":4,"gold_loss":0},{"cards_removed":["Strike_R"],"damage_healed":0,"gold_gain":0,"player_choice":"Card Removal","damage_taken":7,"max_hp_gain":0,"max_hp_loss":0,"event_name":"Golden Wing","floor":5,"gold_loss":0}],"is_beta":false,"boss_relics":[],"items_purged_floors":[12],"is_endless":false,"potions_floor_spawned":[1,11,14],"killed_by":"The Guardian","ascension_level":20}