{"gold_per_floor":[111,111,123,23,23,57,77,89,89,89,89,122,122,132,132,132],"floor_reached":16,"playtime":433,"items_purged":["Strike_G"],"score":270,"play_id":"b4a07f95-5f6e-4923-af5d-b1ad47f1477d","local_time":"20190710014601","is_ascension_mode":true,"campfire_choices":[{"data":"Noxious Fumes","floor":10.0,"key":"SMITH"},{"data":"Footwork","floor":11.0,"key":"SMITH"},{"floor":13,"key":"REST"},{"data":"Bullet Time","floor":15,"key":"SMITH"}],"neow_cost":"NONE","seed_source_timestamp":31188299297641,"circlet_count":0,"master_deck":["AscendersBane","Strike_G","Strike_G","Strike_G","Defend_G","Defend_G","Defend_G","Defend_G","Defend_G","Survivor","Neutralize","Dagger Spray","Neutralize","Backflip","Bullet Time+1","Noxious Fumes+1","Footwork+1","Deflect"],"special_seed":0,"relics":["Ring of the Snake","NeowsBlessing","WingedGreaves","Incense Burner","Calipers"],"potions_floor_usage":[12],"damage_taken":[{"damage":0.0,"enemies":"2 Louse","floor":1.0,"turns":2.0},{"damage":0.0,"enemies":"Cultist","floor":3.0,"turns":1.0},{"damage":0.0,"enemies":"Lagavulin","floor":6.0,"turns":1.0},{"damage":0.0,"enemies":"Jaw Worm","floor":7.0,"turns":6.0},{"damage":6.0,"enemies":"3 Louse","floor":8.0,"turns":5.0},{"damage":40,"enemies":"Gremlin Nob","floor":12,"turns":6},{"damage":4,"enemies":"Lots of Slimes","floor":14,"turns":4},{"damage":13,"enemies":"Hexaghost","floor":16,"turns":10}],"seed_played":"9021786027808231876","potions_obtained":[{"floor":7.0,"key":"Swift Potion"},{"floor":14,"key":"SteroidPotion"}],"is_trial":false,"path_per_floor":["M","?","M","$","?","E","M","M","T","R","R","E","R","M","R","B"],"character_chosen":"THE_SILENT","items_purchased":["Backflip"],"campfire_rested":1,"item_purchase_floors":[4],"current_hp_per_floor":[59,59,59,59,52,52,52,46,46,46,46,6,25,21,21,8],"gold":132,"neow_bonus":"THREE_ENEMY_KILL","is_prod":false,"is_daily":false,"chose_seed":false,"campfire_upgraded":3,"win_rate":0,"timestamp":1562715961,"path_taken":["M","?","?","$","?","E","M","M","T","R","R","E","R","M","R","BOSS"],"build_version":"2019-07-05","purchased_purges":1,"victory":false,"max_hp_per_floor":[66,66,66,66,66,66,66,66,66,66,66,66,66,66,66,66],"card_choices":[{"not_picked":["PiercingWail","Eviscerate"],"picked":"Dagger Spray","floor":1.0},{"not_picked":["Quick Slash","Flying Knee","Dagger Throw"],"picked":"SKIP","floor":3.0},{"not_picked":["Predator","A Thousand Cuts"],"picked":"Bullet Time","floor":6.0},{"not_picked":["Concentrate","PiercingWail"],"picked":"Noxious Fumes","floor":7.0},{"not_picked":["Crippling Poison","Deadly Poison"],"picked":"Footwork","floor":8.0},{"not_picked":["Tools of the Trade","Bullet Time"],"picked":"Deflect","floor":12},{"not_picked":["Infinite Blades","Deflect","Sucker Punch"],"picked":"SKIP","floor":14}],"player_experience":901193,"relics_obtained":[{"floor":6.0,"key":"WingedGreaves"},{"floor":9.0,"key":"Incense Burner"},{"floor":12,"key":"Calipers"}],"event_choices":[{"damage_healed":0.0,"max_hp_gain":0.0,"max_hp_loss":0.0,"gold_gain":0.0,"event_name":"Match and Keep!","player_choice":"1 cards matched","floor":2.0,"gold_loss":0.0,"damage_taken":0.0,"cards_obtained":["Neutralize"]},{"cards_removed":["Strike_G"],"damage_healed":0.0,"max_hp_gain":0.0,"max_hp_loss":0.0,"gold_gain":0.0,"event_name":"Golden Wing","player_choice":"Card Removal","floor":5.0,"gold_loss":0.0,"damage_taken":7.0}],"is_beta":false,"boss_relics":[],"items_purged_floors":[4],"is_endless":false,"potions_floor_spawned":[7,14],"killed_by":"Hexaghost","ascension_level":20}