{"gold_per_floor":[117,117,117,117,42,42,77,77,77,2,2,2,34,47,47,149,149,89,89,89,89,89,89,89,89,89,89,89,89,89,89,89,89,89,89,89,89,89,89,89,89,89,89,89,89,49,49,49,49,49],"floor_reached":51,"playtime":1438,"items_purged":["Strike_B"],"score":969,"play_id":"3be6fafb-cef9-4e10-bae7-f4dd9da3000f","local_time":"20181204232937","is_ascension_mode":true,"campfire_choices":[{"data":"Zap","floor":6,"key":"SMITH"},{"data":"Fusion","floor":8,"key":"SMITH"},{"data":"Dualcast","floor":11,"key":"SMITH"},{"data":"Rainbow","floor":15,"key":"SMITH"},{"data":"Loop","floor":29,"key":"SMITH"},{"data":"Heatsinks","floor":32,"key":"SMITH"},{"data":"Turbo","floor":40,"key":"SMITH"},{"floor":49,"key":"REST"}],"neow_cost":"NONE","seed_source_timestamp":43462585331867,"circlet_count":0,"master_deck":["Defend_B","Zap+1","Dualcast+1","Turbo+1","Glacier","Fusion+1","Rainbow+1","Ball Lightning","Electrodynamics","White Noise","Loop+1","Redo+1","Thunder Strike","Glacier","Tempest","Heatsinks+1","White Noise","Multi-Cast","Biased Cognition+1","Chill+1","Redo+1","White Noise+1","Fusion+1","Capacitor+1","Thinking Ahead","Defragment","Static Discharge+1"],"relics":["Cracked Core","NeowsBlessing","Ancient Tea Set","Regal Pillow","Pen Nib","FossilizedHelix","Ectoplasm","Red Mask","Gremlin Horn","Dream Catcher","Bronze Scales","Astrolabe","Calipers","StoneCalendar","Boot","Cables","Ornamental Fan"],"potions_floor_usage":[50,50,50],"damage_taken":[{"damage":0,"enemies":"Jaw Worm","floor":1,"turns":1},{"damage":0,"enemies":"3 Sentries","floor":7,"turns":1},{"damage":0,"enemies":"Gremlin Nob","floor":13,"turns":1},{"damage":0,"enemies":"Small Slimes","floor":14,"turns":4},{"damage":8,"enemies":"Slime Boss","floor":16,"turns":9},{"damage":0,"enemies":"2 Thieves","floor":18,"turns":3},{"damage":1,"enemies":"Shell Parasite","floor":19,"turns":5},{"damage":0,"enemies":"Masked Bandits","floor":21,"turns":3},{"damage":3,"enemies":"Snecko","floor":22,"turns":5},{"damage":0,"enemies":"3 Cultists","floor":24,"turns":4},{"damage":4,"enemies":"Chosen and Byrds","floor":25,"turns":5},{"damage":0,"enemies":"Book of Stabbing","floor":28,"turns":4},{"damage":0,"enemies":"Slavers","floor":30,"turns":2},{"damage":5,"enemies":"Snake Plant","floor":31,"turns":3},{"damage":39,"enemies":"Champ","floor":33,"turns":10},{"damage":0,"enemies":"Orb Walker","floor":35,"turns":4},{"damage":0,"enemies":"Mind Bloom Boss Battle","floor":36,"turns":3},{"damage":13,"enemies":"2 Orb Walkers","floor":37,"turns":3},{"damage":0,"enemies":"3 Darklings","floor":38,"turns":2},{"damage":0,"enemies":"Maw","floor":41,"turns":7},{"damage":32,"enemies":"Nemesis","floor":42,"turns":5},{"damage":0,"enemies":"Reptomancer","floor":44,"turns":4},{"damage":0,"enemies":"Sphere and 2 Shapes","floor":47,"turns":2},{"damage":0,"enemies":"Spire Growth","floor":48,"turns":5},{"damage":10,"enemies":"Donu and Deca","floor":50,"turns":6}],"seed_played":"-4833597074556402235","potions_obtained":[{"floor":14,"key":"Swift Potion"},{"floor":16,"key":"FearPotion"},{"floor":18,"key":"SkillPotion"},{"floor":22,"key":"Energy Potion"},{"floor":24,"key":"PowerPotion"}],"is_trial":false,"path_per_floor":["M","?","?","?","$","R","E","R","T","$","R","?","E","M","R","B",null,"M","M","?","?","M","?","M","M","T","?","E","R","E","M","R","B",null,"M","?","?","M","?","R","M","E","T","E","?","$","M","M","R","B",null],"character_chosen":"DEFECT","items_purchased":["Glacier","Defragment"],"campfire_rested":1,"item_purchase_floors":[5,46],"current_hp_per_floor":[75,68,68,73,73,73,73,73,73,73,73,66,66,66,66,58,80,80,79,79,79,76,76,76,72,72,72,72,72,72,67,67,28,80,80,80,67,67,67,67,67,35,35,35,35,35,35,35,72,62],"gold":49,"neow_bonus":"THREE_ENEMY_KILL","is_prod":false,"is_daily":false,"chose_seed":false,"campfire_upgraded":7,"win_rate":0,"timestamp":1543962577,"path_taken":["M","?","?","?","?","R","E","R","T","$","R","?","E","M","R","BOSS","M","M","?","?","M","?","M","?","T","?","E","R","E","M","R","BOSS","M","?","?","M","?","R","M","E","T","E","?","$","?","M","R","BOSS"],"build_version":"2018-12-4","purchased_purges":1,"victory":true,"max_hp_per_floor":[75,75,75,80,80,80,80,80,80,80,80,80,80,80,80,80,80,80,80,80,80,80,80,80,80,80,80,80,80,80,80,80,80,80,80,80,80,80,76,76,76,76,76,76,76,76,76,76,76,76],"card_choices":[{"not_picked":["Blizzard","Sweeping Beam"],"picked":"Turbo","floor":1},{"not_picked":["Leap","Conserve Battery"],"picked":"Fusion","floor":7},{"not_picked":["Self Repair","Go for the Eyes"],"picked":"Rainbow","floor":13},{"not_picked":["Skim","Cold Snap"],"picked":"Ball Lightning","floor":14},{"not_picked":["Multi-Cast","Hyperbeam"],"picked":"Electrodynamics","floor":16},{"not_picked":["Barrage","Redo"],"picked":"White Noise","floor":18},{"not_picked":["Doom and Gloom","Chaos"],"picked":"Loop","floor":19},{"not_picked":["Gash+1","Steam+1"],"picked":"Redo+1","floor":21},{"not_picked":["Reprogram+1","Coolheaded","Redo"],"picked":"SKIP","floor":22},{"not_picked":["Go for the Eyes+1","Tempest"],"picked":"Thunder Strike","floor":24},{"not_picked":["Coolheaded","Doom and Gloom+1","Blizzard+1"],"picked":"SKIP","floor":25},{"not_picked":["Streamline","Genetic Algorithm+1"],"picked":"Tempest","floor":28},{"not_picked":["Aggregate+1","Compile Driver"],"picked":"Heatsinks","floor":30},{"not_picked":["Fusion","Hologram"],"picked":"White Noise","floor":31},{"not_picked":["Reboot","Machine Learning"],"picked":"Multi-Cast","floor":33},{"not_picked":["Skim+1","Scrape","Beam Cell+1"],"picked":"SKIP","floor":35},{"not_picked":["Aggregate+1","Coolheaded+1"],"picked":"White Noise+1","floor":37},{"not_picked":["Gash","Melter+1"],"picked":"Fusion+1","floor":38},{"not_picked":["Hello World+1","Scrape","Gash+1"],"picked":"SKIP","floor":41},{"not_picked":["Scrape","Compile Driver+1","Melter+1"],"picked":"SKIP","floor":42},{"not_picked":["Cold Snap","Melter+1"],"picked":"Capacitor+1","floor":44},{"not_picked":["Swift Strike","Purity"],"picked":"Thinking Ahead","floor":45},{"not_picked":["Skim","Leap"],"picked":"Static Discharge+1","floor":47},{"not_picked":["Leap","Force Field","Reprogram+1"],"picked":"SKIP","floor":48}],"player_experience":794019,"relics_obtained":[{"floor":7,"key":"Ancient Tea Set"},{"floor":9,"key":"Regal Pillow"},{"floor":13,"key":"FossilizedHelix"},{"floor":21,"key":"Red Mask"},{"floor":26,"key":"Gremlin Horn"},{"floor":28,"key":"Dream Catcher"},{"floor":30,"key":"Bronze Scales"},{"floor":36,"key":"Calipers"},{"floor":37,"key":"StoneCalendar"},{"floor":42,"key":"Boot"},{"floor":43,"key":"Cables"},{"floor":44,"key":"Ornamental Fan"}],"event_choices":[{"cards_removed":["Strike_B"],"damage_healed":0,"gold_gain":0,"player_choice":"Card Removal","damage_taken":7,"max_hp_gain":0,"max_hp_loss":0,"event_name":"Golden Wing","floor":2,"gold_loss":0},{"cards_removed":["Strike_B"],"damage_healed":0,"gold_gain":0,"player_choice":"Forget","damage_taken":0,"max_hp_gain":0,"max_hp_loss":0,"event_name":"Living Wall","floor":3,"gold_loss":0},{"damage_healed":0,"gold_gain":0,"player_choice":"Donut","damage_taken":0,"max_hp_gain":5,"max_hp_loss":0,"event_name":"Big Fish","floor":4,"gold_loss":0},{"damage_healed":0,"gold_gain":0,"player_choice":"Success","damage_taken":7,"relics_obtained":["Pen Nib"],"max_hp_gain":0,"max_hp_loss":0,"event_name":"Scrap Ooze","floor":12,"gold_loss":0},{"damage_healed":0,"gold_gain":99,"player_choice":"Stole From Cult","damage_taken":0,"max_hp_gain":0,"max_hp_loss":0,"event_name":"Nest","floor":20,"gold_loss":0},{"damage_healed":0,"gold_gain":0,"player_choice":"Fought Bandits","damage_taken":0,"max_hp_gain":0,"max_hp_loss":0,"event_name":"Masked Bandits","floor":21,"gold_loss":0},{"cards_removed":["Strike_B"],"damage_healed":0,"gold_gain":0,"player_choice":"Offered Basic","damage_taken":0,"max_hp_gain":0,"max_hp_loss":0,"event_name":"Bonfire Elementals","floor":23,"gold_loss":0},{"damage_healed":0,"gold_gain":0,"player_choice":"Read","damage_taken":0,"max_hp_gain":0,"max_hp_loss":0,"event_name":"The Library","floor":27,"gold_loss":0,"cards_obtained":["Glacier"]},{"damage_healed":0,"gold_gain":0,"player_choice":"Fight","damage_taken":0,"max_hp_gain":0,"max_hp_loss":0,"event_name":"MindBloom","floor":36,"gold_loss":0},{"damage_healed":0,"gold_gain":0,"player_choice":"Fight","damage_taken":0,"max_hp_gain":0,"max_hp_loss":0,"event_name":"Mysterious Sphere","floor":37,"gold_loss":0},{"damage_healed":0,"gold_gain":0,"player_choice":"Max HP","damage_taken":0,"max_hp_gain":0,"max_hp_loss":4,"event_name":"Winding Halls","floor":39,"gold_loss":0},{"damage_healed":0,"gold_gain":0,"player_choice":"Memory 1","damage_taken":0,"max_hp_gain":0,"max_hp_loss":0,"event_name":"SensoryStone","floor":45,"gold_loss":0}],"is_beta":true,"boss_relics":[{"not_picked":["Snecko Eye","Runic Pyramid"],"picked":"Ectoplasm"},{"not_picked":["Eternal Feather","Empty Cage"],"picked":"Astrolabe"}],"items_purged_floors":[10],"is_endless":false,"potions_floor_spawned":[14,16,18,22,24,25,28,36,38,42,47],"ascension_level":1}