{"path_per_floor":["M","$","M","M","M","E","M","R","T","?","?","E","$","M","R","B",null,"M","M","M","M","$","R","E","M","T","R","M","M","?","?","R","B",null,"M","?","M","M","$","E","?","T","T","$","M","E","M","M","R","B"],"character_chosen":"DEFECT","items_purchased":["Frozen Egg 2","Streamline","Heatsinks","Fire Potion","Block Potion","Capacitor","Echo Form","Anchor","Energy Potion","White Noise"],"gold_per_floor":[411,4,19,32,43,73,89,89,89,89,89,129,28,41,41,165,165,178,202,222,236,18,18,54,78,124,124,145,168,83,83,83,209,247,260,324,349,365,62,106,106,106,106,33,56,91,107,120,120,120],"floor_reached":51,"campfire_rested":4,"playtime":5073,"current_hp_per_floor":[68,68,66,63,42,21,18,38,38,21,21,5,5,3,23,21,68,58,51,37,41,41,41,39,39,39,39,47,36,36,36,56,18,73,56,50,46,68,68,73,73,73,73,73,55,73,65,53,73,54],"items_purged":["Normality","Regret"],"gold":120,"score":718,"play_id":"8f6647a3-fd24-4931-9617-d9ea24053732","local_time":"20180430232345","is_prod":false,"is_daily":false,"chose_seed":false,"is_ascension_mode":false,"campfire_upgraded":2,"timestamp":1525123425,"path_taken":["M","$","M","M","M","E","M","R","T","?","?","E","$","M","R","BOSS","M","M","M","?","$","R","E","M","T","R","M","M","?","?","R","BOSS","M","?","M","M","$","E","?","?","T","?","M","E","?","M","R","BOSS"],"build_version":"2018-04-27v3","seed_source_timestamp":281966861794728,"purchased_purges":2,"victory":true,"master_deck":["Strike_B","Strike_B","Strike_B","Strike_B","Defend_B","Defend_B","Defend_B","Defend_B","Zap","Dualcast","Ball Lightning","Streamline+1","Heatsinks+1","Go for the Eyes","Go for the Eyes+1","Static Discharge+1","Tempest+1","Capacitor+1","Machine Learning+1","Machine Learning+1","Capacitor+1","Static Discharge+1","Leap+1","Echo Form+1","Tempest","Storm+1","Machine Learning+1","Buffer+1","Reinforced Body+1","Echo Form+1","Parasite","Writhe","White Noise","Go for the Eyes+1"],"max_hp_per_floor":[68,68,68,68,68,68,68,68,68,68,68,68,68,68,68,68,68,68,68,68,68,68,68,68,68,68,68,68,68,68,68,68,68,73,73,73,73,73,73,73,73,73,73,73,73,73,73,73,73,73],"relics":["Cracked Core","Old Coin","Frozen Egg 2","Bronze Scales","Mercury Hourglass","Golden Idol","Bird Faced Urn","Centennial Puzzle","Cursed Key","Ancient Tea Set","Prayer Wheel","Torii","Tiny House","Gambling Chip","Anchor","Bottled Flame","Toolbox","Meat on the Bone","Question Card"],"card_choices":[{"not_picked":["Hologram","Capacitor"],"picked":"Ball Lightning","floor":1},{"not_picked":["White Noise","Ball Lightning"],"picked":"Go for the Eyes","floor":3},{"not_picked":["Beam Cell","Skim"],"picked":"Go for the Eyes","floor":4},{"not_picked":["White Noise","Capacitor"],"picked":"Static Discharge","floor":5},{"not_picked":["Impulse","Hologram"],"picked":"Tempest","floor":7},{"not_picked":["Flux Capacitor","Coolheaded"],"picked":"Machine Learning","floor":14},{"not_picked":["Fusion","All For One"],"picked":"Machine Learning","floor":16},{"not_picked":["Hologram","Rebound"],"picked":"Capacitor","floor":18},{"not_picked":["Beam Cell","Streamline"],"picked":"Static Discharge","floor":19},{"not_picked":["Auto Shields","Skim"],"picked":"Leap","floor":20},{"not_picked":["Coolheaded","Rip and Tear"],"picked":"Tempest","floor":25},{"not_picked":["FTL","Go for the Eyes"],"picked":"Storm","floor":29},{"not_picked":["Redo","Hyperbeam"],"picked":"Machine Learning","floor":33},{"not_picked":["Rebound","Sunder"],"picked":"Buffer","floor":35},{"not_picked":["Turbo","Barrage"],"picked":"Reinforced Body","floor":37},{"not_picked":["Rebound","Cold Snap","FTL"],"picked":"Go for the Eyes","floor":48}],"player_experience":65396,"potions_floor_usage":[6,7,12,14,16,24,29,35,36,37,37,45,50],"damage_taken":[{"damage":0,"enemies":"2 Louse","floor":1,"turns":2},{"damage":2,"enemies":"Small Slimes","floor":3,"turns":3},{"damage":3,"enemies":"Jaw Worm","floor":4,"turns":3},{"damage":21,"enemies":"Exordium Thugs","floor":5,"turns":5},{"damage":21,"enemies":"Lagavulin","floor":6,"turns":6},{"damage":3,"enemies":"Lots of Slimes","floor":7,"turns":3},{"damage":20,"enemies":"Gremlin Nob","floor":12,"turns":3},{"damage":8,"enemies":"Exordium Wildlife","floor":14,"turns":4},{"damage":8,"enemies":"Slime Boss","floor":16,"turns":7},{"damage":10,"enemies":"Chosen","floor":18,"turns":4},{"damage":15,"enemies":"3 Byrds","floor":19,"turns":2},{"damage":26,"enemies":"Sentry and Sphere","floor":20,"turns":5},{"damage":6,"enemies":"Snecko","floor":21,"turns":4},{"damage":22,"enemies":"Gremlin Leader","floor":24,"turns":8},{"damage":12,"enemies":"Cultist and Chosen","floor":25,"turns":4},{"damage":2,"enemies":"Chosen and Byrds","floor":28,"turns":5},{"damage":23,"enemies":"Slaver and Parasite","floor":29,"turns":5},{"damage":56,"enemies":"Collector","floor":33,"turns":7},{"damage":19,"enemies":"Orb Walker","floor":35,"turns":2},{"damage":20,"enemies":"Mysterious Sphere","floor":36,"turns":3},{"damage":24,"enemies":"3 Darklings","floor":37,"turns":3},{"damage":0,"enemies":"Maw","floor":38,"turns":7},{"damage":8,"enemies":"Nemesis","floor":40,"turns":7},{"damage":24,"enemies":"Sphere and 2 Shapes","floor":45,"turns":3},{"damage":1,"enemies":"Giant Head","floor":46,"turns":7},{"damage":9,"enemies":"3 Darklings","floor":47,"turns":4},{"damage":33,"enemies":"Spire Growth","floor":48,"turns":4},{"damage":38,"enemies":"Time Eater","floor":50,"turns":9}],"event_choices":[{"event_name":"Golden Idol","player_choice":"Take Damage","floor":10,"damage_taken":0},{"event_name":"Accursed Blacksmith","player_choice":"Rummage","floor":11,"damage_taken":0},{"event_name":"Addict","player_choice":"Obtained Relic","floor":30,"damage_taken":0},{"event_name":"Ghosts","player_choice":"Ignored","floor":31,"damage_taken":0},{"event_name":"Mysterious Sphere","player_choice":"Fight","floor":36,"damage_taken":0},{"event_name":"Duplicator","player_choice":"One dupe","floor":41,"damage_taken":0}],"boss_relics":[{"not_picked":["Velvet Choker","Lizard Tail"],"picked":"Cursed Key"},{"not_picked":["Philosopher\u0027s Stone","White Beast Statue"],"picked":"Tiny House"}],"potions_floor_spawned":[4,6,12,16,19,21,25,28,29,35,37,38],"seed_played":"-7867384562510214713","ascension_level":0,"is_trial":false}