{"gold_per_floor":[115,135,149,224,224,224,242,40,40,75,40,51,51,51,51,149,149,164,164,164,182,197,197,197,229,253,253,152,165,176,231,231,231],"floor_reached":33,"playtime":1521,"items_purged":["Strike_B"],"score":392,"play_id":"96933261-1098-417f-9f38-3111c3544356","local_time":"20180730003148","is_ascension_mode":true,"campfire_choices":[{"data":"Streamline","floor":6,"key":"SMITH"},{"data":"Zap","floor":13,"key":"SMITH"},{"data":"Capacitor","floor":15,"key":"SMITH"},{"data":"Leap","floor":23,"key":"SMITH"},{"data":"Leap","floor":27,"key":"SMITH"},{"data":"Seek","floor":32,"key":"SMITH"}],"neow_cost":"","seed_source_timestamp":16111066461560,"circlet_count":0,"master_deck":["Strike_B+1","Strike_B+1","Strike_B+1","Defend_B+1","Defend_B+1","Defend_B+1","Defend_B+1","Zap+1","Dualcast","Sweeping Beam","Coolheaded","Streamline+1","Capacitor+1","Leap+1","Ball Lightning","Coolheaded","Turbo","Seek+1","Leap+1","Cold Snap+1","Tempest","Beam Cell","Cold Snap"],"relics":["Cracked Core","Pen Nib","Mercury Hourglass","Thread and Needle","Inserter","Red Mask","Happy Flower","Tiny Chest"],"potions_floor_usage":[7,10,10,16,25,25,33],"damage_taken":[{"damage":0,"enemies":"Small Slimes","floor":1,"turns":3},{"damage":7,"enemies":"Jaw Worm","floor":2,"turns":3},{"damage":7,"enemies":"2 Louse","floor":3,"turns":2},{"damage":19,"enemies":"Exordium Thugs","floor":7,"turns":4},{"damage":0,"enemies":"3 Sentries","floor":10,"turns":3},{"damage":0,"enemies":"Looter","floor":12,"turns":2},{"damage":20,"enemies":"Hexaghost","floor":16,"turns":9},{"damage":0,"enemies":"Shell Parasite","floor":18,"turns":9},{"damage":0,"enemies":"Spheric Guardian","floor":21,"turns":4},{"damage":2,"enemies":"Chosen and Byrds","floor":22,"turns":6},{"damage":0,"floor":25,"turns":4},{"damage":1,"enemies":"3 Cultists","floor":29,"turns":4},{"damage":0,"enemies":"Centurion and Healer","floor":30,"turns":6},{"damage":52,"enemies":"Collector","floor":33,"turns":8}],"seed_played":"4876569814622263358","potions_obtained":[{"floor":3,"key":"SpeedPotion"},{"floor":7,"key":"Strength Potion"},{"floor":10,"key":"Weak Potion"},{"floor":16,"key":"FearPotion"},{"floor":22,"key":"SteroidPotion"},{"floor":29,"key":"LiquidBronze"}],"is_trial":false,"path_per_floor":["M","M","M","?","?","R","M","$","T","E","?","M","R","?","R","B",null,"M","?","?","M","M","R","?","?","T","R","$","M","M","T","R"],"character_chosen":"DEFECT","items_purchased":["Leap","Ball Lightning","Block Potion","Tempest","Beam Cell"],"campfire_rested":0,"item_purchase_floors":[8,8,8,28,28],"current_hp_per_floor":[68,61,54,43,25,25,6,6,6,6,24,24,24,49,49,29,64,64,64,50,50,48,48,48,48,48,48,48,47,47,47,47,0],"gold":231,"neow_bonus":"","is_prod":false,"is_daily":false,"chose_seed":false,"campfire_upgraded":6,"win_rate":0,"timestamp":1532903508,"path_taken":["M","M","M","?","?","R","?","$","T","E","?","M","R","?","R","BOSS","M","?","?","M","M","R","?","?","T","R","$","M","M","?","R","BOSS"],"build_version":"2018-07-26","purchased_purges":1,"victory":false,"max_hp_per_floor":[75,75,75,75,75,75,75,75,75,75,75,75,75,75,75,75,75,75,75,80,80,80,80,80,80,80,80,80,80,80,80,80,80],"card_choices":[{"not_picked":["Go for the Eyes","Beam Cell"],"picked":"Sweeping Beam","floor":1},{"not_picked":["Recycle","Storm"],"picked":"Coolheaded","floor":2},{"not_picked":["Sweeping Beam","Loop"],"picked":"Streamline","floor":3},{"not_picked":["Fusion","Thunder Strike"],"picked":"Capacitor","floor":7},{"not_picked":["Hello World","Go for the Eyes"],"picked":"Coolheaded","floor":10},{"not_picked":["Melter","Redo"],"picked":"Turbo","floor":12},{"not_picked":["Fission","All For One"],"picked":"Seek","floor":16},{"not_picked":["Stack","Genetic Algorithm","BootSequence"],"picked":"SKIP","floor":18},{"not_picked":["Stack","Double Energy+1"],"picked":"Leap","floor":21},{"not_picked":["Force Field","Undo+1"],"picked":"Cold Snap+1","floor":22},{"not_picked":["Hologram","Hello World","Lockon"],"picked":"SKIP","floor":29},{"not_picked":["Barrage+1","Multi-Cast"],"picked":"Cold Snap","floor":30}],"player_experience":459559,"relics_obtained":[{"floor":9,"key":"Mercury Hourglass"},{"floor":10,"key":"Thread and Needle"},{"floor":25,"key":"Red Mask"},{"floor":26,"key":"Happy Flower"},{"floor":31,"key":"Tiny Chest"}],"event_choices":[{"event_name":"World of Goop","player_choice":"Gather Gold","floor":4,"damage_taken":0},{"event_name":"Scrap Ooze","player_choice":"success","floor":5,"damage_taken":18},{"event_name":"The Cleric","player_choice":"Healed","floor":11,"damage_taken":0},{"event_name":"Big Fish","player_choice":"Banana","floor":14,"damage_taken":0},{"event_name":"Back to Basics","player_choice":"Simplicity","floor":19,"damage_taken":0},{"event_name":"Forgotten Altar","player_choice":"Shed Blood","floor":20,"damage_taken":0},{"event_name":"Drug Dealer","player_choice":"Ignored","floor":24,"damage_taken":0}],"is_beta":true,"boss_relics":[{"not_picked":["Snecko Eye","Runic Dome"],"picked":"Inserter"}],"items_purged_floors":[8],"is_endless":false,"potions_floor_spawned":[3,7,10,16,22,29],"killed_by":"Collector","ascension_level":9}