{"path_per_floor":["M","?","?","M","?","E","$","M","T","$","M","M","M","E","R","B",null,"M","M","?","M","?","R","E","R","T","M","T","$","R","$","R","B",null,"M","?","?","M","M","R","M","R","T","?","M","R","?","?","R","B"],"character_chosen":"DEFECT","items_purchased":["Cold Snap","Melter","DataDisk","Happy Flower","FTL","FTL","Conserve Battery"],"gold_per_floor":[365,540,540,557,632,667,490,503,503,21,36,49,68,98,98,201,201,201,201,151,151,151,151,151,151,151,151,151,79,79,8,8,8,8,8,8,8,8,8,8,8,8,8,0,0,0,0,0,0,0],"floor_reached":51,"campfire_rested":4,"playtime":2836,"current_hp_per_floor":[72,72,57,46,35,7,7,7,7,7,19,31,34,42,42,45,75,73,71,71,68,68,68,57,57,57,56,56,56,56,56,75,45,75,71,81,81,61,53,77,73,73,73,73,54,78,78,84,87,55],"items_purged":["Doubt","Decay"],"gold":0,"score":706,"play_id":"fa182250-b124-4930-88ef-a39e5fa20f61","local_time":"20180506190933","is_prod":false,"is_daily":false,"chose_seed":false,"is_ascension_mode":true,"campfire_upgraded":5,"timestamp":1525626573,"path_taken":["M","?","?","?","?","E","$","M","T","$","M","M","M","E","R","BOSS","M","M","?","?","?","R","E","R","T","?","?","$","R","$","R","BOSS","M","?","?","M","M","R","?","R","T","?","M","R","?","?","R","BOSS"],"build_version":"2018-05-03","seed_source_timestamp":787360466757855,"purchased_purges":2,"victory":true,"master_deck":["Strike_B","Strike_B+1","Strike_B+1","Defend_B","Defend_B","Defend_B","Defend_B","Zap+1","Coolheaded","Capacitor+1","All For One","Cold Snap","Melter","Go for the Eyes+1","FTL","Sweeping Beam","Leap","Gash","Capacitor+1","Reboot","Rip and Tear","Leap+1","Tempest+1","Rip and Tear+1","FTL","Conserve Battery","Seek","Double Energy+1","Streamline+1","Defragment+1","Doubt"],"max_hp_per_floor":[75,75,75,75,75,75,75,75,75,75,75,75,75,75,75,75,75,75,75,75,75,75,75,75,75,75,75,75,75,75,75,75,75,75,75,81,81,81,81,81,81,81,81,81,81,81,81,87,87,87],"relics":["Cracked Core","Kunai","Meat on the Bone","DataDisk","Happy Flower","Toolbox","Ectoplasm","Oddly Smooth Stone","Darkstone Periapt","Dodecahedron","Lizard Tail","Blood Vial","Red Mask"],"card_choices":[{"not_picked":["Skim","Beam Cell"],"picked":"Coolheaded","floor":1},{"not_picked":["Barrage","Doom and Gloom"],"picked":"Capacitor","floor":4},{"not_picked":["White Noise","Capacitor"],"picked":"All For One","floor":6},{"not_picked":["Stack","Barrage"],"picked":"Go for the Eyes","floor":8},{"not_picked":["Turbo","Skim"],"picked":"Sweeping Beam","floor":11},{"not_picked":["Capacitor","Barrage"],"picked":"Leap","floor":12},{"not_picked":["Streamline","Auto Shields"],"picked":"Gash","floor":13},{"not_picked":["Loop","Force Field"],"picked":"Capacitor","floor":14},{"not_picked":["Nova","Prime"],"picked":"Reboot","floor":16},{"not_picked":["Sunder","Axe Kick"],"picked":"Rip and Tear","floor":18},{"not_picked":["Coolheaded","Beam Cell"],"picked":"Leap","floor":19},{"not_picked":["Capacitor","Ball Lightning"],"picked":"Tempest","floor":21},{"not_picked":["Coolheaded","Cold Snap"],"picked":"Rip and Tear","floor":24},{"not_picked":["Biased Cognition","Amplify"],"picked":"Seek","floor":33},{"not_picked":["Impulse","Stack"],"picked":"Double Energy","floor":38},{"not_picked":["Auto Shields","Sunder"],"picked":"Streamline","floor":39},{"not_picked":["Streamline","Sweeping Beam"],"picked":"Defragment","floor":41}],"player_experience":79268,"potions_floor_usage":[12,13,16,24,33,33,39,50],"damage_taken":[{"damage":3,"enemies":"2 Louse","floor":1,"turns":2},{"damage":11,"enemies":"Jaw Worm","floor":4,"turns":3},{"damage":28,"enemies":"3 Sentries","floor":6,"turns":9},{"damage":0,"enemies":"Cultist","floor":8,"turns":4},{"damage":0,"enemies":"Large Slime","floor":11,"turns":3},{"damage":0,"enemies":"Looter","floor":12,"turns":2},{"damage":9,"enemies":"Exordium Thugs","floor":13,"turns":4},{"damage":4,"enemies":"Lagavulin","floor":14,"turns":5},{"damage":9,"enemies":"The Guardian","floor":16,"turns":9},{"damage":2,"enemies":"3 Byrds","floor":18,"turns":4},{"damage":2,"enemies":"Spheric Guardian","floor":19,"turns":3},{"damage":3,"enemies":"Chosen and Byrds","floor":21,"turns":5},{"damage":11,"enemies":"Book of Stabbing","floor":24,"turns":6},{"damage":1,"enemies":"Cultist and Chosen","floor":27,"turns":4},{"damage":30,"enemies":"Automaton","floor":33,"turns":8},{"damage":4,"enemies":"Orb Walker","floor":35,"turns":4},{"damage":20,"enemies":"3 Shapes","floor":38,"turns":5},{"damage":8,"enemies":"Maw","floor":39,"turns":7},{"damage":4,"enemies":"Spire Growth","floor":41,"turns":3},{"damage":21,"enemies":"4 Shapes","floor":45,"turns":5},{"damage":95,"enemies":"Time Eater","floor":50,"turns":13}],"event_choices":[{"event_name":"Liars Game","player_choice":"agreed","floor":2,"damage_taken":0},{"event_name":"Shining Light","player_choice":"Entered Light","floor":3,"damage_taken":0},{"event_name":"World of Goop","player_choice":"Gather Gold","floor":5,"damage_taken":0},{"event_name":"The Joust","player_choice":"Bet on Murderer","floor":20,"damage_taken":0},{"event_name":"Wheel of Change","player_choice":"Card Removal","floor":22,"damage_taken":0},{"event_name":"Winding Halls","player_choice":"Writhe","floor":36,"damage_taken":0},{"event_name":"Tomb of Lord Red Mask","player_choice":"Paid","floor":44,"damage_taken":0},{"event_name":"Mysterious Sphere","player_choice":"Ignore","floor":47,"damage_taken":0},{"event_name":"Transmorgrifier","player_choice":"Transform","floor":48,"damage_taken":0}],"boss_relics":[{"not_picked":["Nuclear Battery","Runic Dome"],"picked":"Ectoplasm"},{"not_picked":["White Beast Statue","Tiny House"],"picked":"Lizard Tail"}],"potions_floor_spawned":[4,8,11,14,19,21,33,41],"seed_played":"-481278907270732915","ascension_level":1,"is_trial":false}