{"gold_per_floor":[99,99,99,99,49,49,49,49,49,49,49,49,49,49,49,49,49,49,34,34,34,34,34,34,34,34,34,34,34,34,34,34,34,34,34,34,34,34,34,34,34,34,34,34,34,34,34,34,34,34],"floor_reached":51,"playtime":2310,"items_purged":[],"score":1186,"play_id":"1d938e06-936b-431f-86d6-769996d47a62","local_time":"20191019190230","is_ascension_mode":true,"campfire_choices":[{"data":"Eruption","floor":6.0,"key":"SMITH"},{"data":"WheelKick","floor":8.0,"key":"SMITH"},{"data":"Vigilance","floor":10.0,"key":"SMITH"},{"data":"ThirdEye","floor":15.0,"key":"SMITH"},{"data":"Defend_P","floor":24.0,"key":"SMITH"},{"data":"Swivel","floor":27.0,"key":"SMITH"},{"floor":30.0,"key":"REST"},{"data":"Defend_P","floor":32.0,"key":"SMITH"},{"data":"Blasphemy","floor":40.0,"key":"SMITH"},{"floor":45.0,"key":"REST"},{"floor":49.0,"key":"REST"}],"neow_cost":"NONE","seed_source_timestamp":13362525134148,"circlet_count":0,"master_deck":["Defend_P+1","Defend_P+1","Eruption+1","Vigilance+1","WheelKick+1","ThirdEye+1","ConjureBlade+1","Swivel+1","Blasphemy+1","FollowUp+1","Pray+1","Madness","Madness"],"special_seed":0,"relics":["Ectoplasm","Akabeko","Vajra","Kunai","Runic Pyramid","Dead Branch","CaptainsWheel","MawBank","Empty Cage","Anchor","Meat on the Bone","Mercury Hourglass","Gambling Chip"],"potions_floor_usage":[50,50],"damage_taken":[{"damage":2.0,"enemies":"Jaw Worm","floor":1.0,"turns":3.0},{"damage":0.0,"enemies":"Small Slimes","floor":4.0,"turns":2.0},{"damage":0.0,"enemies":"Gremlin Nob","floor":7.0,"turns":2.0},{"damage":0.0,"enemies":"Cultist","floor":12.0,"turns":2.0},{"damage":0.0,"enemies":"3 Louse","floor":14.0,"turns":3.0},{"damage":20.0,"enemies":"The Guardian","floor":16.0,"turns":10.0},{"damage":0.0,"enemies":"Chosen","floor":18.0,"turns":3.0},{"damage":0.0,"enemies":"2 Thieves","floor":19.0,"turns":2.0},{"damage":0.0,"enemies":"Cultist and Chosen","floor":22.0,"turns":3.0},{"damage":14.0,"enemies":"Book of Stabbing","floor":23.0,"turns":2.0},{"damage":24.0,"enemies":"Gremlin Leader","floor":25.0,"turns":2.0},{"damage":0.0,"enemies":"Snake Plant","floor":29.0,"turns":2.0},{"damage":4.0,"enemies":"Snecko","floor":31.0,"turns":3.0},{"damage":7.0,"enemies":"Automaton","floor":33.0,"turns":6.0},{"damage":7.0,"enemies":"3 Darklings","floor":35.0,"turns":3.0},{"damage":0.0,"enemies":"3 Shapes","floor":38.0,"turns":4.0},{"damage":0.0,"enemies":"Spire Growth","floor":39.0,"turns":2.0},{"damage":0.0,"enemies":"Giant Head","floor":42.0,"turns":5.0},{"damage":3.0,"enemies":"Jaw Worm Horde","floor":44.0,"turns":3.0},{"damage":0.0,"enemies":"Reptomancer","floor":48.0,"turns":4.0},{"damage":16,"enemies":"Time Eater","floor":50,"turns":7}],"seed_played":"-6627515350781438292","potions_obtained":[{"floor":1.0,"key":"SpeedPotion"},{"floor":7.0,"key":"FairyPotion"},{"floor":16.0,"key":"AttackPotion"},{"floor":19.0,"key":"DistilledChaos"},{"floor":22.0,"key":"BottledMiracle"},{"floor":23.0,"key":"Dexterity Potion"},{"floor":42.0,"key":"LiquidBronze"}],"is_trial":false,"path_per_floor":["M","?","?","M","?","R","E","R","T","R","T","M","$","M","R","B",null,"M","M","?","?","M","E","R","E","T","R","?","M","R","M","R","B",null,"M","?","?","M","M","R","?","E","T","M","R","?","?","E","R","B",null],"character_chosen":"WATCHER","items_purchased":[],"campfire_rested":3,"item_purchase_floors":[],"current_hp_per_floor":[63,56,56,56,56,56,56,56,56,56,56,56,56,56,56,36,63,63,63,63,63,63,49,49,25,25,25,25,25,46,42,42,35,63,56,56,56,56,56,56,56,56,56,53,72,63,63,63,72,56],"gold":34,"neow_bonus":"BOSS_RELIC","is_prod":false,"is_daily":false,"chose_seed":false,"campfire_upgraded":8,"win_rate":0,"timestamp":1571479350,"path_taken":["M","?","?","?","?","R","E","R","T","R","?","M","$","M","R","BOSS","M","M","?","?","?","E","R","E","T","R","?","M","R","M","R","BOSS","M","?","?","M","?","R","?","E","T","?","R","?","?","E","R","BOSS"],"build_version":"2019-10-18","purchased_purges":0,"victory":true,"max_hp_per_floor":[72,72,72,72,72,72,72,72,72,72,72,72,72,72,72,72,72,72,72,72,72,72,72,72,72,72,72,72,72,72,72,72,72,72,72,72,72,72,72,72,72,72,72,72,72,72,72,72,72,72],"card_choices":[{"not_picked":["Prostrate","Crescendo","Protect"],"picked":"SKIP","floor":1.0},{"not_picked":["SashWhip","Crescendo"],"picked":"WheelKick","floor":4.0},{"not_picked":["JustLucky","CrushJoints","ClearTheMind"],"picked":"SKIP","floor":7.0},{"not_picked":["Evaluate","MasterReality","WreathOfFlame"],"picked":"SKIP","floor":12.0},{"not_picked":["ClearTheMind","Fasting2"],"picked":"ThirdEye","floor":14.0},{"not_picked":["DevaForm","Alpha"],"picked":"ConjureBlade","floor":16.0},{"not_picked":["FlyingSleeves","Wireheading","FlurryOfBlows+1"],"picked":"SKIP","floor":18.0},{"not_picked":["MentalFortress","EmptyBody","CrushJoints"],"picked":"SKIP","floor":19.0},{"not_picked":["Consecrate","Protect","JustLucky"],"picked":"SKIP","floor":22.0},{"not_picked":["ClearTheMind","SpiritShield","Scrawl"],"picked":"SKIP","floor":23.0},{"not_picked":["EmptyFist","Establishment"],"picked":"Swivel","floor":25.0},{"not_picked":["Pray","FollowUp","WaveOfTheHand"],"picked":"SKIP","floor":29.0},{"not_picked":["EmptyMind","BowlingBash","Meditate"],"picked":"SKIP","floor":31.0},{"not_picked":["MasterReality","Judgement"],"picked":"Blasphemy","floor":33.0},{"not_picked":["CrushJoints","Consecrate+1"],"picked":"FollowUp+1","floor":35.0},{"not_picked":["Devotion","ReachHeaven","ThirdEye+1"],"picked":"SKIP","floor":38.0},{"not_picked":["EmptyBody","Nirvana+1","PathToVictory+1"],"picked":"SKIP","floor":39.0},{"not_picked":["CutThroughFate","Alpha","WaveOfTheHand"],"picked":"SKIP","floor":42.0},{"not_picked":["EmptyMind","FlurryOfBlows"],"picked":"Pray+1","floor":44.0},{"not_picked":["PathToVictory","Prostrate","ThirdEye+1"],"picked":"SKIP","floor":48.0}],"player_experience":606160,"relics_obtained":[{"floor":7.0,"key":"Akabeko"},{"floor":9.0,"key":"Vajra"},{"floor":11.0,"key":"Kunai"},{"floor":23.0,"key":"Dead Branch"},{"floor":25.0,"key":"CaptainsWheel"},{"floor":26.0,"key":"MawBank"},{"floor":42.0,"key":"Meat on the Bone"},{"floor":43.0,"key":"Mercury Hourglass"},{"floor":48.0,"key":"Gambling Chip"}],"event_choices":[{"cards_removed":["Defend_P"],"damage_healed":0.0,"max_hp_gain":0.0,"max_hp_loss":0.0,"gold_gain":0.0,"event_name":"Golden Wing","player_choice":"Card Removal","floor":2.0,"gold_loss":0.0,"damage_taken":7.0},{"damage_healed":0.0,"max_hp_gain":0.0,"max_hp_loss":0.0,"gold_gain":0.0,"event_name":"The Woman in Blue","player_choice":"Bought 0 Potions","floor":3.0,"gold_loss":0.0,"damage_taken":0.0},{"cards_removed":["Strike_P"],"damage_healed":0.0,"max_hp_gain":0.0,"max_hp_loss":0.0,"gold_gain":0.0,"event_name":"The Cleric","player_choice":"Card Removal","floor":5.0,"gold_loss":50.0,"damage_taken":0.0},{"damage_healed":0.0,"max_hp_gain":0.0,"max_hp_loss":0.0,"gold_gain":0.0,"event_name":"Vampires","player_choice":"Ignored","floor":20.0,"gold_loss":0.0,"damage_taken":0.0},{"damage_healed":0.0,"max_hp_gain":0.0,"max_hp_loss":0.0,"gold_gain":0.0,"event_name":"Accursed Blacksmith","player_choice":"Forge","floor":21.0,"gold_loss":0.0,"damage_taken":0.0,"cards_upgraded":["ConjureBlade"]},{"damage_healed":0.0,"max_hp_gain":0.0,"max_hp_loss":0.0,"gold_gain":99.0,"event_name":"Nest","player_choice":"Stole From Cult","floor":28.0,"gold_loss":0.0,"damage_taken":0.0},{"cards_removed":["Strike_P"],"damage_healed":0.0,"max_hp_gain":0.0,"max_hp_loss":0.0,"gold_gain":0.0,"event_name":"Falling","player_choice":"Removed Attack","floor":36.0,"gold_loss":0.0,"damage_taken":0.0},{"cards_removed":["Strike_P"],"damage_healed":0.0,"max_hp_gain":0.0,"max_hp_loss":0.0,"gold_gain":0.0,"event_name":"Wheel of Change","player_choice":"Card Removal","floor":37.0,"gold_loss":0.0,"damage_taken":0.0},{"damage_healed":0.0,"max_hp_gain":0.0,"max_hp_loss":0.0,"gold_gain":0.0,"event_name":"WeMeetAgain","player_choice":"Gave Potion","floor":41.0,"gold_loss":0.0,"damage_taken":0.0,"relics_obtained":["Anchor"]},{"damage_healed":0.0,"max_hp_gain":0.0,"max_hp_loss":0.0,"gold_gain":0.0,"event_name":"Winding Halls","player_choice":"Embrace Madness","floor":46.0,"gold_loss":0.0,"damage_taken":9.0,"cards_obtained":["Madness","Madness"]},{"damage_healed":0.0,"max_hp_gain":0.0,"max_hp_loss":0.0,"gold_gain":0.0,"event_name":"SensoryStone","player_choice":"Memory 1","floor":47.0,"gold_loss":0.0,"damage_taken":0.0}],"is_beta":true,"boss_relics":[{"not_picked":["Pandora\u0027s Box","Philosopher\u0027s Stone"],"picked":"Runic Pyramid"},{"not_picked":["Cursed Key","Runic Dome"],"picked":"Empty Cage"}],"items_purged_floors":[],"is_endless":false,"potions_floor_spawned":[1,7,16,19,22,23,42,48],"ascension_level":9}