{"gold_per_floor":[112,262,262,337,209,241,241,256,256,256,271,271,297,315,315,387,387,397,424,444,462,97,131,131,465,491,491,491,491,507,525,525,602,602,619,631,631,682,396,396,376,66,92,92,92,117,217,234,234,234,234],"floor_reached":52,"playtime":1315,"items_purged":["Defend_R","Defend_R","Defend_R","Defend_R"],"score":1973,"play_id":"0ab3ff3e-30cc-4236-bafa-715dde8911ff","local_time":"20181029174010","is_ascension_mode":true,"campfire_choices":[{"data":"Bash","floor":7.0,"key":"SMITH"},{"data":"Flex","floor":10.0,"key":"SMITH"},{"data":"Bludgeon","floor":15.0,"key":"SMITH"},{"floor":24.0,"key":"REST"},{"floor":27.0,"key":"REST"},{"data":"Limit Break","floor":29.0,"key":"SMITH"},{"floor":32.0,"key":"REST"},{"data":"Flex","floor":40.0,"key":"SMITH"},{"data":"Inflame","floor":44.0,"key":"SMITH"},{"data":"Heavy Blade","floor":49.0,"key":"SMITH"}],"neow_cost":"NONE","seed_source_timestamp":112550051603372,"circlet_count":0,"master_deck":["Strike_R","Strike_R","Strike_R","Strike_R","Bash+1","AscendersBane","Thunderclap","Flex+1","Twin Strike","Bludgeon+1","Twin Strike","Limit Break+1","Perfected Strike","Feed","Flex+1","Whirlwind","Inflame+1","Reaper","Spot Weakness","PanicButton","Perfected Strike","Writhe","Heavy Blade+1","Heavy Blade+1"],"special_seed":0,"relics":["Burning Blood","NeowsBlessing","Blood Vial","Question Card","Pocketwatch","Sozu","Red Mask","Matryoshka","Mango","Old Coin","Orichalcum","PreservedInsect","Cursed Key","Thread and Needle","Pen Nib","Strawberry","Juzu Bracelet","Bag of Marbles","Red Skull","Calipers"],"potions_floor_usage":[],"damage_taken":[{"damage":0.0,"enemies":"Jaw Worm","floor":1.0,"turns":1.0},{"damage":0.0,"enemies":"Lagavulin","floor":6.0,"turns":1.0},{"damage":0.0,"enemies":"Small Slimes","floor":8.0,"turns":1.0},{"damage":7.0,"enemies":"2 Louse","floor":11.0,"turns":2.0},{"damage":30.0,"enemies":"Gremlin Nob","floor":13.0,"turns":4.0},{"damage":11.0,"enemies":"Blue Slaver","floor":14.0,"turns":3.0},{"damage":12.0,"enemies":"Slime Boss","floor":16.0,"turns":4.0},{"damage":0.0,"enemies":"Chosen","floor":18.0,"turns":2.0},{"damage":12.0,"enemies":"Masked Bandits","floor":19.0,"turns":3.0},{"damage":11.0,"enemies":"Spheric Guardian","floor":20.0,"turns":3.0},{"damage":18.0,"enemies":"Snake Plant","floor":21.0,"turns":2.0},{"damage":43.0,"enemies":"Book of Stabbing","floor":23.0,"turns":3.0},{"damage":54.0,"enemies":"Slavers","floor":25.0,"turns":5.0},{"damage":14.0,"enemies":"Centurion and Healer","floor":30.0,"turns":4.0},{"damage":4.0,"enemies":"Snecko","floor":31.0,"turns":3.0},{"damage":88.0,"enemies":"Automaton","floor":33.0,"turns":8.0},{"damage":25.0,"enemies":"3 Shapes","floor":35.0,"turns":3.0},{"damage":2.0,"enemies":"Orb Walker","floor":36.0,"turns":2.0},{"damage":36.0,"enemies":"2 Orb Walkers","floor":38.0,"turns":4.0},{"damage":3.0,"enemies":"Giant Head","floor":46.0,"turns":4.0},{"damage":0.0,"enemies":"Mind Bloom Boss Battle","floor":47.0,"turns":3.0},{"damage":0.0,"enemies":"3 Darklings","floor":48.0,"turns":2.0},{"damage":28,"enemies":"Time Eater","floor":50,"turns":4},{"damage":127,"enemies":"Awakened One","floor":51,"turns":7}],"seed_played":"4568819717599608842","potions_obtained":[{"floor":1.0,"key":"BloodPotion"},{"floor":8.0,"key":"PowerPotion"},{"floor":13.0,"key":"LiquidBronze"}],"is_trial":false,"path_per_floor":["M","?","?","?","$","E","R","M","T","R","M","?","E","M","R","B",null,"M","?","M","M","$","E","R","E","T","R","?","R","M","M","R","B",null,"M","M","?","?","$","R","?","$","T","R","?","E","?","M","R","B","B"],"character_chosen":"IRONCLAD","items_purchased":["Thunderclap","Matryoshka","Pen Nib","Strawberry"],"campfire_rested":3,"item_purchase_floors":[5,22,39,42],"current_hp_per_floor":[74,74,74,63,63,69,69,75,75,75,74,79,56,53,53,49,72,80,74,71,61,61,40,68,22,22,50,50,50,47,51,80,9,75,62,74,74,58,58,58,58,65,65,65,65,76,87,110,110,88,68],"gold":234,"neow_bonus":"THREE_ENEMY_KILL","is_prod":false,"is_daily":false,"chose_seed":false,"campfire_upgraded":7,"win_rate":0,"timestamp":1540831210,"path_taken":["M","?","?","?","$","E","R","M","T","R","M","?","E","M","R","BOSS","M","?","M","M","$","E","R","E","T","R","?","R","M","M","R","BOSS","M","M","?","?","$","R","?","$","T","R","?","E","?","M","R","BOSS","BOSS"],"build_version":"2018-10-25v2","purchased_purges":4,"victory":true,"max_hp_per_floor":[75,75,75,75,75,75,75,75,75,75,75,80,80,80,80,80,80,80,80,80,80,80,94,94,94,94,94,94,94,97,97,97,97,97,97,97,97,97,97,97,97,104,104,104,104,104,107,110,110,110,110],"card_choices":[{"not_picked":["Bloodletting","Headbutt","Armaments"],"picked":"SKIP","floor":1.0},{"not_picked":["Second Wind","Sentinel","Havoc"],"picked":"SKIP","floor":6.0},{"not_picked":["Anger","True Grit"],"picked":"Flex","floor":8.0},{"not_picked":["Burning Pact","Power Through","Shrug It Off"],"picked":"Twin Strike","floor":11.0},{"not_picked":["Metallicize","Bloodletting","Shockwave"],"picked":"Bludgeon","floor":13.0},{"not_picked":["Clothesline","Headbutt","Havoc"],"picked":"Twin Strike","floor":14.0},{"not_picked":["Offering","Demon Form","Dark Embrace"],"picked":"Limit Break","floor":16.0},{"not_picked":["Body Slam","Cleave","Armaments","Rage"],"picked":"SKIP","floor":18.0},{"not_picked":["Second Wind","Cleave","Pommel Strike+1"],"picked":"Perfected Strike","floor":19.0},{"not_picked":["Sword Boomerang","Power Through+1","Body Slam","Shockwave"],"picked":"SKIP","floor":20.0},{"not_picked":["Entrench","Flame Barrier","Wild Strike"],"picked":"Feed","floor":21.0},{"not_picked":["Flame Barrier","Havoc","Corruption+1","Cleave"],"picked":"SKIP","floor":23.0},{"not_picked":["Perfected Strike","Burning Pact","Sever Soul"],"picked":"Flex","floor":25.0},{"not_picked":["Sever Soul","Metallicize","Evolve"],"picked":"Whirlwind","floor":30.0},{"not_picked":["Anger","Seeing Red","Feel No Pain"],"picked":"Inflame","floor":31.0},{"not_picked":["Bludgeon","Barricade","Dark Embrace"],"picked":"Reaper","floor":33.0},{"not_picked":["Warcry","Wild Strike","Clothesline"],"picked":"Spot Weakness","floor":35.0},{"not_picked":["Dropkick","Disarm","Bloodletting+1","Wild Strike"],"picked":"SKIP","floor":36.0},{"not_picked":["Dark Shackles","The Bomb","Forethought"],"picked":"PanicButton","floor":37.0},{"not_picked":["Shockwave","Flex","Wild Strike"],"picked":"Perfected Strike","floor":38.0},{"not_picked":["Iron Wave+1","Pommel Strike","Infernal Blade+1","Clothesline"],"picked":"SKIP","floor":46.0},{"not_picked":["Anger","Sword Boomerang+1","Flex"],"picked":"Heavy Blade+1","floor":47.0},{"not_picked":["Burning Pact","Clash","Corruption"],"picked":"Heavy Blade","floor":48.0}],"player_experience":718965,"relics_obtained":[{"floor":6.0,"key":"Blood Vial"},{"floor":9.0,"key":"Question Card"},{"floor":13.0,"key":"Pocketwatch"},{"floor":19.0,"key":"Red Mask"},{"floor":23.0,"key":"Mango"},{"floor":25.0,"key":"Old Coin"},{"floor":26.0,"key":"Orichalcum"},{"floor":26.0,"key":"PreservedInsect"},{"floor":38.0,"key":"Thread and Needle"},{"floor":43.0,"key":"Juzu Bracelet"},{"floor":43.0,"key":"Bag of Marbles"},{"floor":46.0,"key":"Red Skull"},{"floor":47.0,"key":"Calipers"}],"event_choices":[{"damage_healed":0.0,"max_hp_gain":0.0,"max_hp_loss":0.0,"gold_gain":150.0,"event_name":"Liars Game","player_choice":"AGREE","floor":2.0,"gold_loss":0.0,"damage_taken":0.0,"cards_obtained":["Doubt"]},{"cards_removed":["Doubt"],"damage_healed":0.0,"max_hp_gain":0.0,"max_hp_loss":0.0,"gold_gain":0.0,"event_name":"Living Wall","player_choice":"Forget","floor":3.0,"gold_loss":0.0,"damage_taken":0.0},{"damage_healed":0.0,"max_hp_gain":0.0,"max_hp_loss":0.0,"gold_gain":75.0,"event_name":"World of Goop","player_choice":"Gather Gold","floor":4.0,"gold_loss":0.0,"damage_taken":11.0},{"damage_healed":0.0,"max_hp_gain":5.0,"max_hp_loss":0.0,"gold_gain":0.0,"event_name":"Big Fish","player_choice":"Donut","floor":12.0,"gold_loss":0.0,"damage_taken":0.0},{"damage_healed":0.0,"max_hp_gain":0.0,"max_hp_loss":0.0,"gold_gain":0.0,"event_name":"Masked Bandits","player_choice":"Fought Bandits","floor":19.0,"gold_loss":0.0,"damage_taken":0.0},{"damage_healed":0.0,"max_hp_gain":0.0,"max_hp_loss":0.0,"gold_gain":0.0,"event_name":"Vampires","player_choice":"Ignored","floor":28.0,"gold_loss":0.0,"damage_taken":0.0},{"damage_healed":0.0,"max_hp_gain":0.0,"max_hp_loss":0.0,"gold_gain":0.0,"event_name":"SensoryStone","player_choice":"Memory 1","floor":37.0,"gold_loss":0.0,"damage_taken":0.0},{"damage_healed":0.0,"max_hp_gain":0.0,"max_hp_loss":0.0,"gold_gain":0.0,"event_name":"Mysterious Sphere","player_choice":"Fight","floor":38.0,"gold_loss":0.0,"damage_taken":0.0},{"damage_healed":0.0,"max_hp_gain":0.0,"max_hp_loss":0.0,"gold_gain":0.0,"event_name":"The Woman in Blue","player_choice":"Bought 1 Potion","floor":41.0,"gold_loss":0.0,"damage_taken":0.0},{"cards_removed":["Strike_R"],"damage_healed":0.0,"max_hp_gain":0.0,"max_hp_loss":0.0,"gold_gain":0.0,"event_name":"Falling","player_choice":"Removed Attack","floor":45.0,"gold_loss":0.0,"damage_taken":0.0},{"damage_healed":0.0,"max_hp_gain":0.0,"max_hp_loss":0.0,"gold_gain":0.0,"event_name":"MindBloom","player_choice":"Fight","floor":47.0,"gold_loss":0.0,"damage_taken":0.0}],"is_beta":true,"boss_relics":[{"not_picked":["Black Blood","Empty Cage"],"picked":"Sozu"},{"not_picked":["Philosopher\u0027s Stone","Lizard Tail"],"picked":"Cursed Key"}],"items_purged_floors":[5,22,39,42],"is_endless":false,"potions_floor_spawned":[1,8,13,19,21,23,33,36,47],"ascension_level":20}