{"gold_per_floor":[114,114,0,0,20,49,49,68,94,112,125,125,155,175,175,251,251,261,278,36,53,87,87],"floor_reached":23,"playtime":471,"items_purged":["Defend_R"],"score":481,"play_id":"a4d3523d-881b-49db-becb-d9e921677dc4","local_time":"20190504193055","is_ascension_mode":true,"campfire_choices":[{"data":"Flex","floor":7.0,"key":"SMITH"},{"data":"Inflame","floor":12.0,"key":"SMITH"},{"data":"Feed","floor":15,"key":"SMITH"}],"neow_cost":"NONE","seed_source_timestamp":289600327060342,"circlet_count":0,"master_deck":["AscendersBane","Strike_R","Strike_R","Strike_R","Strike_R","Strike_R","Defend_R+1","Defend_R+1","Bash","Flex+1","Inflame+1","Cleave","Spot Weakness","Clash","Feed+1","Limit Break","Pummel","Battle Trance","Flex+1"],"special_seed":0,"relics":["Burning Blood","NeowsBlessing","Orichalcum","Juzu Bracelet","War Paint","Gremlin Horn","Philosopher\u0027s Stone","Strawberry","Red Mask"],"potions_floor_usage":[13,16,22],"damage_taken":[{"damage":0.0,"enemies":"Small Slimes","floor":1.0,"turns":2.0},{"damage":0.0,"enemies":"Jaw Worm","floor":5.0,"turns":1.0},{"damage":0.0,"enemies":"3 Sentries","floor":6.0,"turns":1.0},{"damage":4.0,"enemies":"2 Louse","floor":8.0,"turns":2.0},{"damage":0.0,"enemies":"2 Fungi Beasts","floor":10.0,"turns":3.0},{"damage":0.0,"enemies":"3 Louse","floor":11.0,"turns":4.0},{"damage":14,"enemies":"Lagavulin","floor":13,"turns":4},{"damage":5,"enemies":"Looter","floor":14,"turns":2},{"damage":55,"enemies":"Hexaghost","floor":16,"turns":8},{"damage":7,"enemies":"Chosen","floor":18,"turns":3},{"damage":4,"enemies":"Spheric Guardian","floor":19,"turns":3},{"damage":19,"enemies":"Centurion and Healer","floor":21,"turns":3},{"damage":5,"enemies":"Masked Bandits","floor":22,"turns":3},{"damage":39,"enemies":"Book of Stabbing","floor":23,"turns":4}],"seed_played":"-524091108714985333","potions_obtained":[{"floor":5.0,"key":"LiquidBronze"},{"floor":6.0,"key":"Energy Potion"},{"floor":16,"key":"Ancient Potion"},{"floor":19,"key":"SkillPotion"}],"is_trial":false,"path_per_floor":["M","?","$","?","M","E","R","M","T","M","M","R","E","M","R","B",null,"M","M","$","M","?","E"],"character_chosen":"IRONCLAD","items_purchased":["Inflame","Strawberry","Battle Trance"],"campfire_rested":0,"item_purchase_floors":[3,20,20],"current_hp_per_floor":[74,56,56,49,55,61,61,63,63,69,75,75,67,68,68,19,61,64,70,77,68,73,34],"gold":87,"neow_bonus":"THREE_ENEMY_KILL","is_prod":false,"is_daily":false,"chose_seed":false,"campfire_upgraded":3,"win_rate":0,"timestamp":1556991055,"path_taken":["M","?","$","?","?","E","R","M","T","M","M","R","E","M","R","BOSS","M","M","$","M","?","E"],"build_version":"2019-01-23","purchased_purges":1,"victory":false,"max_hp_per_floor":[75,75,75,75,75,75,75,75,75,75,75,75,75,75,75,75,75,79,83,90,94,98,98],"card_choices":[{"not_picked":["Sword Boomerang","Second Wind"],"picked":"Flex","floor":1.0},{"not_picked":["Wild Strike","Whirlwind"],"picked":"Cleave","floor":5.0},{"not_picked":["Pommel Strike","Anger","Juggernaut"],"picked":"SKIP","floor":6.0},{"not_picked":["True Grit","Sword Boomerang"],"picked":"Spot Weakness","floor":8.0},{"not_picked":["Iron Wave","Seeing Red","Evolve"],"picked":"SKIP","floor":10.0},{"not_picked":["Cleave","Clothesline","Exhume"],"picked":"SKIP","floor":11.0},{"not_picked":["Havoc","Body Slam"],"picked":"Clash","floor":13},{"not_picked":["Heavy Blade","Iron Wave"],"picked":"Feed","floor":14},{"not_picked":["Berserk","Demon Form"],"picked":"Limit Break","floor":16},{"not_picked":["Anger","Spot Weakness"],"picked":"Pummel","floor":18},{"not_picked":["Havoc","Uppercut","Rampage"],"picked":"SKIP","floor":19},{"not_picked":["Sword Boomerang","Thunderclap","Clash"],"picked":"SKIP","floor":21},{"not_picked":["Anger","Clothesline+1"],"picked":"Flex+1","floor":22}],"player_experience":859542,"relics_obtained":[{"floor":6.0,"key":"Juzu Bracelet"},{"floor":9.0,"key":"War Paint"},{"floor":13,"key":"Gremlin Horn"},{"floor":22,"key":"Red Mask"}],"event_choices":[{"damage_healed":0.0,"max_hp_gain":0.0,"max_hp_loss":0.0,"gold_gain":0.0,"event_name":"Scrap Ooze","player_choice":"Success","floor":2.0,"gold_loss":0.0,"damage_taken":18.0,"relics_obtained":["Orichalcum"]},{"cards_removed":["Defend_R"],"damage_healed":0.0,"max_hp_gain":0.0,"max_hp_loss":0.0,"gold_gain":0.0,"event_name":"Golden Wing","player_choice":"Card Removal","floor":4.0,"gold_loss":0.0,"damage_taken":7.0},{"damage_healed":0,"gold_gain":0,"player_choice":"Fought Bandits","damage_taken":0,"max_hp_gain":0,"max_hp_loss":0,"event_name":"Masked Bandits","floor":22,"gold_loss":0}],"is_beta":false,"boss_relics":[{"not_picked":["Fusion Hammer","Tiny House"],"picked":"Philosopher\u0027s Stone"}],"items_purged_floors":[3],"is_endless":false,"potions_floor_spawned":[5,6,16,19],"killed_by":"Book of Stabbing","ascension_level":20}