{"gold_per_floor":[110,128,53,53,53,53,79,79,102,128,128,139,151,185,185,185],"floor_reached":16,"playtime":263,"items_purged":["Defend_R"],"score":286,"play_id":"18fdc880-ae63-42ce-8c35-787136186441","local_time":"20190522123519","is_ascension_mode":true,"campfire_choices":[{"data":"Armaments","floor":6,"key":"SMITH"},{"data":"Searing Blow","floor":8,"key":"SMITH"},{"floor":15,"key":"DIG"}],"neow_cost":"NONE","seed_source_timestamp":86448108526148,"circlet_count":0,"master_deck":["AscendersBane","Strike_R","Strike_R","Strike_R","Strike_R","Strike_R","Defend_R","Defend_R","Bash","Armaments+1","Spot Weakness","Searing Blow+1","Uppercut","Thunderclap"],"special_seed":0,"relics":["Burning Blood","NeowsBlessing","Singing Bowl","Juzu Bracelet","Regal Pillow","Shovel","Anchor"],"potions_floor_usage":[10],"damage_taken":[{"damage":0.0,"enemies":"Jaw Worm","floor":1.0,"turns":1.0},{"damage":0.0,"enemies":"2 Louse","floor":2.0,"turns":1.0},{"damage":0,"enemies":"Gremlin Nob","floor":7,"turns":1},{"damage":23,"enemies":"Lagavulin","floor":10,"turns":5},{"damage":1,"enemies":"Cultist","floor":12,"turns":3},{"damage":7,"enemies":"Red Slaver","floor":13,"turns":3},{"damage":30,"enemies":"Gremlin Nob","floor":14,"turns":4},{"damage":26,"enemies":"Hexaghost","floor":16,"turns":6}],"seed_played":"-6200862436349910949","potions_obtained":[{"floor":7,"key":"Block Potion"},{"floor":14,"key":"SpeedPotion"}],"is_trial":false,"path_per_floor":["M","M","$","?","?","R","E","R","T","E","?","M","M","E","R","B"],"character_chosen":"IRONCLAD","items_purchased":[],"campfire_rested":0,"item_purchase_floors":[],"current_hp_per_floor":[74,75,75,75,75,75,75,75,75,58,58,63,64,42,42,16],"gold":185,"neow_bonus":"THREE_ENEMY_KILL","is_prod":false,"is_daily":false,"chose_seed":false,"campfire_upgraded":2,"win_rate":0,"timestamp":1558521319,"path_taken":["M","M","$","?","?","R","E","R","T","E","?","M","M","E","R","BOSS"],"build_version":"2019-01-23","purchased_purges":1,"victory":false,"max_hp_per_floor":[75,75,75,75,75,75,75,75,75,75,75,75,77,79,79,79],"card_choices":[{"not_picked":["Metallicize","Havoc"],"picked":"Armaments","floor":1.0},{"not_picked":["Shrug It Off","Iron Wave"],"picked":"Spot Weakness","floor":2.0},{"not_picked":["Hemokinesis","Wild Strike"],"picked":"Searing Blow","floor":7},{"not_picked":["Havoc","Fire Breathing"],"picked":"Uppercut","floor":10},{"not_picked":["Juggernaut","Evolve"],"picked":"Thunderclap","floor":12},{"not_picked":["Burning Pact","Iron Wave","Metallicize"],"picked":"Singing Bowl","floor":13},{"not_picked":["Sword Boomerang","Dual Wield","Perfected Strike"],"picked":"Singing Bowl","floor":14}],"player_experience":893699,"relics_obtained":[{"floor":7,"key":"Singing Bowl"},{"floor":9,"key":"Juzu Bracelet"},{"floor":10,"key":"Regal Pillow"},{"floor":14,"key":"Shovel"},{"floor":15,"key":"Anchor"}],"event_choices":[{"damage_healed":0.0,"max_hp_gain":0.0,"max_hp_loss":0.0,"gold_gain":0.0,"event_name":"The Cleric","player_choice":"Leave","floor":4.0,"gold_loss":0.0,"damage_taken":0.0},{"damage_healed":0,"gold_gain":0,"player_choice":"0 cards matched","damage_taken":0,"max_hp_gain":0,"max_hp_loss":0,"event_name":"Match and Keep!","floor":5,"gold_loss":0,"cards_obtained":[]},{"cards_removed":["Defend_R"],"damage_healed":0,"gold_gain":0,"player_choice":"Purged","damage_taken":0,"max_hp_gain":0,"max_hp_loss":0,"event_name":"Purifier","floor":11,"gold_loss":0}],"is_beta":false,"boss_relics":[],"items_purged_floors":[3],"is_endless":false,"potions_floor_spawned":[7,14],"killed_by":"Hexaghost","ascension_level":20}