{"gold_per_floor":[211,211,211,224,241,241,241,241,241,258,258,277,288,288],"floor_reached":14,"playtime":182,"items_purged":[],"score":82,"play_id":"42c21294-0d76-4269-96b6-3ab8e1673dec","local_time":"20181016014329","is_ascension_mode":false,"campfire_choices":[{"data":"Bash","floor":6,"key":"SMITH"},{"floor":8,"key":"REST"}],"neow_cost":"NONE","seed_source_timestamp":33513723153164,"circlet_count":0,"master_deck":["Strike_R+1","Strike_R","Strike_R","Strike_R","Strike_R","Defend_R","Defend_R","Defend_R+1","Bash+1","Brutality"],"relics":["Burning Blood","Smiling Mask","Torii"],"potions_floor_usage":[],"damage_taken":[{"damage":0,"enemies":"Small Slimes","floor":1,"turns":3},{"damage":3,"enemies":"2 Louse","floor":4,"turns":2},{"damage":11,"enemies":"Jaw Worm","floor":5,"turns":2},{"damage":19,"enemies":"Blue Slaver","floor":10,"turns":3},{"damage":14,"enemies":"Large Slime","floor":12,"turns":6},{"damage":6,"enemies":"2 Fungi Beasts","floor":13,"turns":4}],"seed_played":"6887360733644333242","potions_obtained":[{"floor":13,"key":"SteroidPotion"}],"is_trial":false,"path_per_floor":["M","?","?","M","M","R","?","R","T","M","?","M","M"],"character_chosen":"IRONCLAD","items_purchased":[],"campfire_rested":1,"item_purchase_floors":[],"current_hp_per_floor":[80,68,52,55,50,50,50,74,74,61,61,53,53,53],"gold":288,"neow_bonus":"HUNDRED_GOLD","is_prod":false,"is_daily":false,"chose_seed":false,"campfire_upgraded":1,"win_rate":0,"timestamp":1539647009,"path_taken":["M","?","?","?","M","R","?","R","T","M","?","M","?","$"],"build_version":"2018-10-11","purchased_purges":0,"victory":false,"max_hp_per_floor":[80,80,80,80,80,80,80,80,80,80,80,80,80,80],"card_choices":[{"not_picked":["Sword Boomerang","True Grit","Headbutt"],"picked":"SKIP","floor":1},{"not_picked":["Anger","Body Slam","Shrug It Off"],"picked":"SKIP","floor":4},{"not_picked":["Uppercut","Clothesline","Iron Wave"],"picked":"SKIP","floor":5},{"not_picked":["True Grit","Ghostly Armor","Feel No Pain"],"picked":"SKIP","floor":10},{"not_picked":["Carnage","Headbutt","Twin Strike"],"picked":"SKIP","floor":12},{"not_picked":["Shrug It Off","Clothesline","Thunderclap"],"picked":"SKIP","floor":13}],"player_experience":684921,"relics_obtained":[{"floor":9,"key":"Torii"}],"event_choices":[{"event_name":"Scrap Ooze","player_choice":"success","floor":2,"damage_taken":12},{"event_name":"Shining Light","player_choice":"Entered Light","floor":3,"damage_taken":0},{"event_name":"Liars Game","player_choice":"disagreed","floor":7,"damage_taken":0},{"event_name":"Transmorgrifier","player_choice":"Transform","floor":11,"damage_taken":0}],"is_beta":true,"boss_relics":[],"items_purged_floors":[],"is_endless":false,"potions_floor_spawned":[13],"ascension_level":0}