{"gold_per_floor":[116,41,41,52,52,86,86,105,128,145,160,160,189,204,204,279,279,289,289,289,306,320,320,8,8,8,8,38,55,55,55,55,132,132,151,164,164,214,230,230,247,247,247,191,202,202,8,26,26,26,26],"floor_reached":51,"playtime":1987,"items_purged":["Strike_G"],"score":1304,"play_id":"d77c089a-8697-4222-9974-3bcf9e97e2f8","local_time":"20190725014403","is_ascension_mode":true,"campfire_choices":[{"data":"Dagger Spray","floor":7.0,"key":"SMITH"},{"data":"Cloak And Dagger","floor":15,"key":"SMITH"},{"data":"Footwork","floor":23,"key":"SMITH"},{"data":"Night Terror","floor":25,"key":"SMITH"},{"data":"Adrenaline","floor":27,"key":"SMITH"},{"data":"Catalyst","floor":30,"key":"SMITH"},{"data":"Noxious Fumes","floor":32,"key":"SMITH"},{"floor":40,"key":"REST"},{"floor":42,"key":"REST"},{"floor":49,"key":"RECALL"}],"neow_cost":"NONE","seed_source_timestamp":46902098313238,"circlet_count":0,"master_deck":["AscendersBane","Defend_G","Defend_G","Defend_G","Defend_G","Defend_G","Survivor","Neutralize","Deadly Poison","Slice","Doppelganger","Dagger Spray+1","Cloak And Dagger+1","Crippling Poison","Dash","Footwork+1","Adrenaline+1","Well Laid Plans+1","Deadly Poison","Night Terror+1","Quick Slash","After Image","Dodge and Roll","Noxious Fumes+1","Catalyst+1","Envenom","Dash+1","Cloak And Dagger","Backflip","Cloak And Dagger+1","Deadly Poison","Backflip"],"special_seed":0,"relics":["Ring of the Snake","NeowsBlessing","Kunai","Omamori","Vajra","Centennial Puzzle","Sozu","Lee\u0027s Waffle","Letter Opener","Boot","Orrery","Bag of Marbles"],"potions_floor_usage":[13,16],"damage_taken":[{"damage":0.0,"enemies":"Cultist","floor":1.0,"turns":1.0},{"damage":0.0,"enemies":"Jaw Worm","floor":4.0,"turns":1.0},{"damage":0.0,"enemies":"Gremlin Nob","floor":6.0,"turns":1.0},{"damage":0.0,"enemies":"Small Slimes","floor":8.0,"turns":3.0},{"damage":0.0,"enemies":"3 Louse","floor":10.0,"turns":2.0},{"damage":6.0,"enemies":"Large Slime","floor":11.0,"turns":6.0},{"damage":10,"enemies":"Lagavulin","floor":13,"turns":5},{"damage":0,"enemies":"Exordium Thugs","floor":14,"turns":3},{"damage":35,"enemies":"Hexaghost","floor":16,"turns":12},{"damage":4,"enemies":"2 Thieves","floor":18,"turns":4},{"damage":5,"enemies":"Chosen","floor":21,"turns":4},{"damage":15,"enemies":"Snake Plant","floor":22,"turns":6},{"damage":7,"enemies":"Book of Stabbing","floor":28,"turns":5},{"damage":4,"enemies":"Shelled Parasite and Fungi","floor":29,"turns":5},{"damage":10,"enemies":"Collector","floor":33,"turns":6},{"damage":26,"enemies":"3 Darklings","floor":35,"turns":4},{"damage":2,"enemies":"Orb Walker","floor":36,"turns":4},{"damage":27,"enemies":"4 Shapes","floor":39,"turns":7},{"damage":0,"enemies":"Sphere and 2 Shapes","floor":41,"turns":5},{"damage":2,"enemies":"Writhing Mass","floor":45,"turns":6},{"damage":0,"enemies":"Maw","floor":48,"turns":8},{"damage":19,"enemies":"Donu and Deca","floor":50,"turns":13},{"damage":27,"enemies":"Time Eater","floor":51,"turns":10}],"seed_played":"-3168685970007599545","potions_obtained":[{"floor":1.0,"key":"AttackPotion"},{"floor":8.0,"key":"EssenceOfSteel"}],"is_trial":false,"path_per_floor":["M","$","T","M","?","E","R","M","T","M","M","?","E","M","R","B",null,"M","?","?","M","M","R","$","R","T","R","E","M","R","?","R","B",null,"M","M","$","?","M","R","M","R","T","$","M","?","$","M","R","B","B"],"character_chosen":"THE_SILENT","items_purchased":["Lee\u0027s Waffle","Dodge and Roll","Noxious Fumes","Deadly Poison","Bag of Marbles","Backflip"],"campfire_rested":2,"item_purchase_floors":[24,24,24,44,47,47],"current_hp_per_floor":[59,59,59,59,59,59,59,59,59,59,53,53,43,43,43,8,52,48,48,48,43,28,28,73,73,73,73,66,62,62,62,62,52,68,42,40,40,33,6,27,27,48,48,48,46,46,46,46,46,27,0],"gold":26,"neow_bonus":"THREE_ENEMY_KILL","is_prod":false,"is_daily":false,"chose_seed":false,"campfire_upgraded":7,"win_rate":0,"timestamp":1564011843,"path_taken":["M","$","?","M","?","E","R","M","T","?","M","?","E","M","R","BOSS","M","?","?","?","M","R","$","R","T","R","E","M","R","?","R","BOSS","M","?","$","?","M","R","M","R","T","?","?","?","$","M","R","BOSS","BOSS"],"build_version":"2019-07-17","purchased_purges":1,"victory":false,"max_hp_per_floor":[66,66,66,66,66,66,66,66,66,66,66,66,66,66,66,66,66,66,66,66,66,66,66,73,73,73,73,73,73,73,73,73,73,73,73,73,73,73,73,73,73,73,73,73,73,73,73,73,73,73,73],"card_choices":[{"not_picked":["All Out Attack","Endless Agony"],"picked":"Deadly Poison","floor":1.0},{"not_picked":["Prepared","Backflip"],"picked":"Slice","floor":4.0},{"not_picked":["Backflip","Choke"],"picked":"Dagger Spray","floor":6.0},{"not_picked":["Adrenaline","Sucker Punch"],"picked":"Cloak And Dagger","floor":8.0},{"not_picked":["Masterful Stab","Dagger Throw"],"picked":"Crippling Poison","floor":10.0},{"not_picked":["Underhanded Strike","Deflect","PiercingWail"],"picked":"SKIP","floor":11.0},{"not_picked":["Poisoned Stab","Underhanded Strike"],"picked":"Dash","floor":13},{"not_picked":["Noxious Fumes","Backflip"],"picked":"Footwork","floor":14},{"not_picked":["A Thousand Cuts","Storm of Steel"],"picked":"Adrenaline","floor":16},{"not_picked":["Dagger Spray+1","Outmaneuver"],"picked":"Well Laid Plans+1","floor":18},{"not_picked":["Deadly Poison","Noxious Fumes"],"picked":"Quick Slash","floor":21},{"not_picked":["Flying Knee","Choke"],"picked":"After Image","floor":22},{"not_picked":["Flying Knee","Sucker Punch"],"picked":"Catalyst","floor":28},{"not_picked":["Catalyst","Quick Slash+1","Flying Knee+1"],"picked":"SKIP","floor":29},{"not_picked":["Wraith Form v2","Storm of Steel"],"picked":"Envenom","floor":33},{"not_picked":["Escape Plan","Flying Knee+1"],"picked":"Dash+1","floor":34},{"not_picked":["Catalyst","Blade Dance"],"picked":"Cloak And Dagger","floor":34},{"not_picked":["Eviscerate","Prepared","Bullet Time"],"picked":"SKIP","floor":35},{"not_picked":["Well Laid Plans","Slice"],"picked":"Backflip","floor":36},{"not_picked":["Flying Knee","Setup","Slice"],"picked":"SKIP","floor":39},{"not_picked":["Well Laid Plans","Riddle With Holes"],"picked":"Cloak And Dagger+1","floor":41},{"not_picked":["Prepared+1","PiercingWail","Outmaneuver"],"picked":"SKIP","floor":45},{"not_picked":["Backflip","Deflect","PiercingWail"],"picked":"SKIP","floor":48}],"player_experience":902599,"relics_obtained":[{"floor":3.0,"key":"Kunai"},{"floor":6.0,"key":"Omamori"},{"floor":9.0,"key":"Vajra"},{"floor":13,"key":"Centennial Puzzle"},{"floor":26,"key":"Letter Opener"},{"floor":28,"key":"Boot"}],"event_choices":[{"damage_healed":0.0,"max_hp_gain":0.0,"max_hp_loss":0.0,"gold_gain":0.0,"cards_transformed":["Strike_G"],"event_name":"Transmorgrifier","player_choice":"Transformed","floor":5.0,"gold_loss":0.0,"damage_taken":0.0,"cards_obtained":["Doppelganger"]},{"damage_healed":0,"gold_gain":0,"player_choice":"Fled","damage_taken":0,"max_hp_gain":0,"max_hp_loss":0,"event_name":"Scrap Ooze","floor":12,"gold_loss":0},{"damage_healed":0,"gold_gain":0,"cards_transformed":["Strike_G","Strike_G"],"player_choice":"Became Test Subject","damage_taken":0,"max_hp_gain":0,"max_hp_loss":0,"event_name":"Drug Dealer","floor":19,"gold_loss":0,"cards_obtained":["Deadly Poison","Night Terror"]},{"cards_removed":["Strike_G"],"damage_healed":0,"gold_gain":0,"player_choice":"Purged","damage_taken":0,"max_hp_gain":0,"max_hp_loss":0,"event_name":"Purifier","floor":20,"gold_loss":0},{"damage_healed":0,"gold_gain":0,"player_choice":"Got Potions","damage_taken":0,"max_hp_gain":0,"max_hp_loss":0,"event_name":"Lab","floor":31,"gold_loss":0},{"damage_healed":0,"gold_gain":50,"player_choice":"Touch","damage_taken":7,"max_hp_gain":0,"max_hp_loss":0,"event_name":"FaceTrader","floor":38,"gold_loss":0},{"damage_healed":0,"gold_gain":0,"player_choice":"Ignored","damage_taken":0,"max_hp_gain":0,"max_hp_loss":0,"event_name":"Tomb of Lord Red Mask","floor":46,"gold_loss":0}],"is_beta":false,"boss_relics":[{"not_picked":["Pandora\u0027s Box","HoveringKite"],"picked":"Sozu"},{"not_picked":["Tiny House","Empty Cage"],"picked":"Orrery"}],"items_purged_floors":[2],"is_endless":false,"potions_floor_spawned":[1,8,11,22,28,29,33,35,48],"killed_by":"Time Eater","ascension_level":20}