{"gold_per_floor":[209,221,21,47,64,94,94,127,127,127,141,159,177,22,22,120,120,134,144,159,7,7],"floor_reached":22,"playtime":1212,"items_purged":["Defend_B","Defend_B"],"score":257,"play_id":"861c5476-507b-4712-8d0c-26e533c12301","local_time":"20180712165040","is_ascension_mode":true,"campfire_choices":[{"floor":7,"key":"DIG"},{"floor":10,"key":"REST"},{"floor":15,"key":"DIG"}],"neow_cost":"NONE","seed_source_timestamp":16530959244422,"circlet_count":0,"master_deck":["Strike_B","Strike_B","Strike_B","Strike_B","Defend_B","Defend_B","Zap","Dualcast","Static Discharge","Cold Snap","Reboot","Blizzard","Streamline","Consume","Ball Lightning","Loop+1","Echo Form+1","Go for the Eyes+1","Thunder Strike","Tempest","Coolheaded"],"relics":["Cracked Core","Runic Capacitor","Regal Pillow","Shovel","Frozen Egg 2","Art of War","Centennial Puzzle","Vajra","Sozu"],"potions_floor_usage":[11,13,16,16],"damage_taken":[{"damage":1,"enemies":"Cultist","floor":1,"turns":3},{"damage":2,"enemies":"Small Slimes","floor":2,"turns":3},{"damage":1,"enemies":"2 Louse","floor":5,"turns":3},{"damage":18,"enemies":"Lagavulin","floor":6,"turns":8},{"damage":27,"enemies":"3 Sentries","floor":8,"turns":7},{"damage":10,"enemies":"2 Fungi Beasts","floor":11,"turns":3},{"damage":11,"enemies":"Blue Slaver","floor":12,"turns":4},{"damage":0,"enemies":"3 Louse","floor":13,"turns":3},{"damage":19,"enemies":"Slime Boss","floor":16,"turns":6},{"damage":6,"enemies":"Spheric Guardian","floor":18,"turns":3},{"damage":3,"enemies":"Chosen","floor":19,"turns":4},{"damage":39,"enemies":"Snake Plant","floor":20,"turns":5},{"damage":16,"enemies":"Snecko","floor":22,"turns":4}],"seed_played":"-6124096438742741801","potions_obtained":[{"floor":1,"key":"SpeedPotion"},{"floor":8,"key":"Regen Potion"},{"floor":12,"key":"SteroidPotion"},{"floor":13,"key":"Weak Potion"},{"floor":16,"key":"LiquidBronze"}],"is_trial":false,"path_per_floor":["M","M","$","T","M","E","R","E","T","R","M","M","M","$","R","B",null,"M","M","M","$"],"character_chosen":"DEFECT","items_purchased":["Runic Capacitor","Loop+1","Coolheaded"],"campfire_rested":1,"item_purchase_floors":[3,14,21],"current_hp_per_floor":[67,65,65,65,64,46,46,19,19,56,46,35,35,35,35,31,64,58,55,16,16,0],"gold":7,"neow_bonus":"HUNDRED_GOLD","is_prod":false,"is_daily":false,"chose_seed":false,"campfire_upgraded":0,"win_rate":0,"timestamp":1531407040,"path_taken":["M","M","$","?","M","E","R","E","T","R","M","M","M","$","R","BOSS","M","?","M","$","?"],"build_version":"2018-07-11","purchased_purges":2,"victory":false,"max_hp_per_floor":[75,75,75,75,75,75,75,75,75,75,75,75,75,75,75,75,75,75,75,75,75,75],"card_choices":[{"not_picked":["Hello World","Coolheaded"],"picked":"Static Discharge","floor":1},{"not_picked":["Redo","Compile Driver","Barrage"],"picked":"SKIP","floor":2},{"not_picked":["Beam Cell","Turbo"],"picked":"Cold Snap","floor":5},{"not_picked":["Rip and Tear","Biased Cognition"],"picked":"Reboot","floor":6},{"not_picked":["Capacitor+1","Stack"],"picked":"Blizzard","floor":8},{"not_picked":["Sweeping Beam","Lockon"],"picked":"Streamline","floor":11},{"not_picked":["Aggregate","Reprogram"],"picked":"Consume","floor":12},{"not_picked":["Sweeping Beam","BootSequence"],"picked":"Ball Lightning","floor":13},{"not_picked":["Meteor Strike","Hyperbeam"],"picked":"Echo Form+1","floor":16},{"not_picked":["Gash","Beam Cell"],"picked":"Go for the Eyes+1","floor":18},{"not_picked":["Steam+1","Hello World+1"],"picked":"Thunder Strike","floor":19},{"not_picked":["FTL+1","Stack"],"picked":"Tempest","floor":20}],"player_experience":380376,"relics_obtained":[{"floor":4,"key":"Regal Pillow"},{"floor":6,"key":"Shovel"},{"floor":7,"key":"Frozen Egg 2"},{"floor":8,"key":"Art of War"},{"floor":9,"key":"Centennial Puzzle"},{"floor":15,"key":"Vajra"}],"event_choices":[],"boss_relics":[{"not_picked":["Coffee Dripper","Ectoplasm"],"picked":"Sozu"}],"items_purged_floors":[14,21],"is_endless":false,"potions_floor_spawned":[1,8,12,13,16,19,20],"killed_by":"Snecko","ascension_level":6}