{"gold_per_floor":[114,114,192,192,212,247,247,283,283,33,33,71,92,116,116,116],"floor_reached":16,"playtime":238,"items_purged":[],"score":143,"play_id":"e813e247-19b7-415e-9ef2-94fae3ef8af8","local_time":"20191017175758","is_ascension_mode":false,"campfire_choices":[{"data":"Rampage","floor":7,"key":"SMITH"},{"data":"Whirlwind","floor":11,"key":"SMITH"},{"data":"Sword Boomerang","floor":15,"key":"SMITH"}],"neow_cost":"NONE","seed_source_timestamp":24983901053999,"circlet_count":0,"master_deck":["Strike_R+1","Strike_R","Strike_R","Strike_R+1","Strike_R","Defend_R","Defend_R","Defend_R","Defend_R+1","Bash+1","Rampage+1","Sword Boomerang+1","Whirlwind+1","Twin Strike"],"relics":["Burning Blood","NeowsBlessing","Golden Idol","Matryoshka","Dodecahedron","Whetstone","Mummified Hand","Mercury Hourglass","HornCleat","Sundial"],"potions_floor_usage":[12],"damage_taken":[{"damage":0,"enemies":"Small Slimes","floor":1,"turns":1},{"damage":0,"enemies":"Jaw Worm","floor":5,"turns":1},{"damage":0,"enemies":"Gremlin Nob","floor":6,"turns":1},{"damage":21,"enemies":"Lagavulin","floor":8,"turns":5},{"damage":9,"enemies":"3 Sentries","floor":12,"turns":6},{"damage":0,"enemies":"2 Louse","floor":13,"turns":1},{"damage":1,"enemies":"Exordium Wildlife","floor":14,"turns":2},{"damage":68,"enemies":"The Guardian","floor":16,"turns":8}],"seed_played":"2926770695937617046","potions_obtained":[{"floor":6,"key":"BloodPotion"},{"floor":8,"key":"FearPotion"}],"is_trial":false,"path_per_floor":["M","?","T","?","M","E","R","E","T","$","R","E","M","M","R","B"],"character_chosen":"IRONCLAD","items_purchased":["HornCleat"],"campfire_rested":0,"item_purchase_floors":[10],"current_hp_per_floor":[80,60,60,44,50,56,56,41,41,41,41,54,60,65,65,0],"gold":116,"neow_bonus":"THREE_ENEMY_KILL","is_prod":false,"is_daily":false,"chose_seed":false,"campfire_upgraded":3,"win_rate":0,"timestamp":1571327878,"path_taken":["M","?","?","?","M","E","R","E","T","$","R","E","M","M","R","BOSS"],"build_version":"2019-10-16","purchased_purges":0,"victory":false,"max_hp_per_floor":[80,80,80,80,80,80,80,80,80,80,80,80,80,80,80,80],"card_choices":[{"not_picked":["Iron Wave","Havoc"],"picked":"Rampage","floor":1},{"not_picked":["Sword Boomerang","Armaments","Havoc"],"picked":"SKIP","floor":5},{"not_picked":["Shrug It Off","Havoc"],"picked":"Sword Boomerang","floor":6},{"not_picked":["Havoc","Clothesline"],"picked":"Whirlwind","floor":8},{"not_picked":["Corruption","Shrug It Off"],"picked":"Twin Strike","floor":12},{"not_picked":["Body Slam","Juggernaut","Sever Soul"],"picked":"SKIP","floor":13},{"not_picked":["Sever Soul","Intimidate","Corruption"],"picked":"SKIP","floor":14}],"player_experience":854189,"relics_obtained":[{"floor":3,"key":"Matryoshka"},{"floor":6,"key":"Dodecahedron"},{"floor":8,"key":"Whetstone"},{"floor":9,"key":"Mummified Hand"},{"floor":9,"key":"Mercury Hourglass"},{"floor":12,"key":"Sundial"}],"event_choices":[{"damage_healed":0,"gold_gain":0,"player_choice":"Take Damage","damage_taken":20,"relics_obtained":["Golden Idol"],"max_hp_gain":0,"max_hp_loss":0,"event_name":"Golden Idol","floor":2,"gold_loss":0},{"damage_healed":0,"gold_gain":0,"player_choice":"Entered Light","damage_taken":16,"max_hp_gain":0,"max_hp_loss":0,"event_name":"Shining Light","floor":4,"gold_loss":0,"cards_upgraded":["Defend_R","Strike_R"]}],"is_beta":true,"boss_relics":[],"items_purged_floors":[],"is_endless":false,"potions_floor_spawned":[6,8],"killed_by":"The Guardian","ascension_level":0}