{"gold_per_floor":[412,425,439,514,16,50,64,92,92,92,113,113,133,150,150,254,254,272,272,25,45,21,49,62,62,88,107,132,231,264,264,264,365,365,375,375,390,265,265,292,310,310,336,366,20,37,47,66,66,66],"floor_reached":51,"playtime":3156,"items_purged":["Strike_B","Strike_B+1","Strike_B+1","Strike_B+1"],"score":1278,"play_id":"5c89acd4-8baf-4831-b231-8232639375f4","local_time":"20180719143032","is_ascension_mode":true,"campfire_choices":[{"data":"Streamline","floor":10,"key":"SMITH"},{"data":"Zap","floor":12,"key":"SMITH"},{"data":"Conserve Battery","floor":15,"key":"SMITH"},{"data":"Buffer","floor":25,"key":"SMITH"},{"data":"White Noise","floor":32,"key":"SMITH"},{"data":"Echo Form","floor":42,"key":"SMITH"},{"data":"Heatsinks","floor":49,"key":"SMITH"}],"neow_cost":"TEN_PERCENT_HP_LOSS","seed_source_timestamp":3380565992963,"circlet_count":0,"master_deck":["Defend_B+1","Defend_B+1","Defend_B+1","Defend_B+1","Zap+1","Dualcast","Rip and Tear","White Noise+1","Self Repair","Streamline+1","Conserve Battery+1","Seek+1","Tempest+1","Leap+1","Buffer+1","White Noise+1","Storm","Double Energy+1","Fusion+1","Leap+1","Streamline+1","Steam+1","Consume+1","Storm","Echo Form+1","Turbo+1","Fusion+1","Turbo+1","Heatsinks+1","Echo Form"],"relics":["Cracked Core","Old Coin","DataDisk","Runic Capacitor","Bag of Marbles","Pear","Toxic Egg 2","Odd Mushroom","Coffee Dripper","Orichalcum","Omamori","Centennial Puzzle","Ancient Tea Set","Cursed Key","Mummified Hand","Potion Belt","Happy Flower","Dream Catcher","Chemical X"],"potions_floor_usage":[2,6,8,16,28,28,28,37,44,50],"damage_taken":[{"damage":1,"enemies":"Small Slimes","floor":1,"turns":3},{"damage":0,"enemies":"2 Louse","floor":2,"turns":2},{"damage":0,"enemies":"Cultist","floor":3,"turns":2},{"damage":26,"enemies":"3 Sentries","floor":6,"turns":6},{"damage":0,"enemies":"Red Slaver","floor":7,"turns":3},{"damage":25,"enemies":"Lagavulin","floor":8,"turns":5},{"damage":24,"floor":11,"turns":5},{"damage":6,"enemies":"Large Slime","floor":13,"turns":4},{"damage":0,"enemies":"3 Louse","floor":14,"turns":2},{"damage":13,"enemies":"Slime Boss","floor":16,"turns":9},{"damage":0,"enemies":"Chosen","floor":18,"turns":4},{"damage":0,"enemies":"Spheric Guardian","floor":21,"turns":3},{"damage":12,"enemies":"Gremlin Leader","floor":23,"turns":6},{"damage":0,"enemies":"Chosen and Byrds","floor":24,"turns":4},{"damage":0,"enemies":"Centurion and Healer","floor":27,"turns":4},{"damage":0,"enemies":"Slavers","floor":28,"turns":6},{"damage":4,"enemies":"Gremlin Leader","floor":30,"turns":4},{"damage":0,"enemies":"Champ","floor":33,"turns":4},{"damage":0,"enemies":"Orb Walker","floor":35,"turns":2},{"damage":3,"enemies":"3 Darklings","floor":37,"turns":4},{"damage":0,"enemies":"Giant Head","floor":40,"turns":5},{"damage":0,"enemies":"Spire Growth","floor":41,"turns":4},{"damage":8,"enemies":"Nemesis","floor":44,"turns":5},{"damage":0,"enemies":"Transient","floor":46,"turns":5},{"damage":0,"enemies":"Maw","floor":47,"turns":3},{"damage":0,"enemies":"Flame Bruiser 2 Orb","floor":48,"turns":4},{"damage":0,"enemies":"Time Eater","floor":50,"turns":4}],"seed_played":"1172655368740209818","potions_obtained":[{"floor":1,"key":"Poison Potion"},{"floor":2,"key":"Fire Potion"},{"floor":6,"key":"Regen Potion"},{"floor":14,"key":"Explosive Potion"},{"floor":21,"key":"Swift Potion"},{"floor":24,"key":"Block Potion"},{"floor":27,"key":"Ancient Potion"},{"floor":31,"key":"Swift Potion"},{"floor":31,"key":"Poison Potion"},{"floor":31,"key":"Explosive Potion"},{"floor":40,"key":"FearPotion"},{"floor":41,"key":"SpeedPotion"},{"floor":46,"key":"EssenceOfSteel"},{"floor":48,"key":"FearPotion"}],"is_trial":false,"path_per_floor":["M","M","M","?","$","E","M","E","T","R","?","R","M","M","R","B",null,"M","?","$","M","$","E","M","R","T","M","E","?","E","?","R","B",null,"M","?","M","$","?","E","M","R","T","E","$","M","M","M","R","B"],"character_chosen":"DEFECT","items_purchased":["DataDisk","Self Repair","Runic Capacitor","Storm","Double Energy+1","Leap+1","Chemical X"],"campfire_rested":0,"item_purchase_floors":[5,5,5,20,20,22,45],"current_hp_per_floor":[67,67,67,56,56,37,44,50,50,50,33,33,34,41,41,35,67,78,78,78,78,78,73,73,73,73,78,78,78,78,78,78,78,78,78,78,75,75,75,78,78,78,78,77,77,78,78,78,78,78],"gold":66,"neow_bonus":"ONE_RARE_RELIC","is_prod":false,"is_daily":false,"chose_seed":false,"campfire_upgraded":7,"win_rate":0,"timestamp":1532003432,"path_taken":["M","M","M","?","$","E","M","E","T","R","?","R","?","M","R","BOSS","M","?","$","M","?","E","M","R","T","?","E","?","E","?","R","BOSS","M","?","M","$","?","E","M","R","T","E","$","M","M","M","R","BOSS"],"build_version":"2018-07-18","purchased_purges":4,"victory":true,"max_hp_per_floor":[68,68,68,68,68,68,68,78,78,78,78,78,78,78,78,78,78,78,78,78,78,78,78,78,78,78,78,78,78,78,78,78,78,78,78,78,78,78,78,78,78,78,78,78,78,78,78,78,78,78],"card_choices":[{"not_picked":["Fusion","Steam"],"picked":"Rip and Tear","floor":1},{"not_picked":["Genetic Algorithm","Barrage","Scrape"],"picked":"SKIP","floor":2},{"not_picked":["Chaos","Go for the Eyes"],"picked":"White Noise","floor":3},{"not_picked":["BootSequence","Stack","Hologram"],"picked":"SKIP","floor":6},{"not_picked":["Go for the Eyes","Cold Snap"],"picked":"Streamline","floor":7},{"not_picked":["Ball Lightning","Force Field"],"picked":"Conserve Battery","floor":8},{"not_picked":["Hologram+1","Doom and Gloom"],"picked":"Seek+1","floor":11},{"not_picked":["Hologram+1","Aggregate+1"],"picked":"Tempest+1","floor":13},{"not_picked":["Steam+1","Cold Snap"],"picked":"Leap+1","floor":14},{"not_picked":["Amplify+1","Fission+1"],"picked":"Buffer","floor":16},{"not_picked":["Stack+1","Conserve Battery+1"],"picked":"White Noise+1","floor":18},{"not_picked":["Compile Driver+1","Stack+1"],"picked":"Fusion+1","floor":21},{"not_picked":["Cold Snap","Hello World"],"picked":"Streamline+1","floor":23},{"not_picked":["Ball Lightning","Cold Snap"],"picked":"Steam+1","floor":24},{"not_picked":["Hello World","Go for the Eyes","Streamline"],"picked":"SKIP","floor":27},{"not_picked":["Skim+1","Streamline"],"picked":"Consume+1","floor":28},{"not_picked":["Reinforced Body+1","Rebound"],"picked":"Storm","floor":30},{"not_picked":["Machine Learning","Amplify+1"],"picked":"Echo Form","floor":33},{"not_picked":["Redo+1","Skim+1"],"picked":"Turbo+1","floor":35},{"not_picked":["Streamline","Hologram+1","Barrage"],"picked":"SKIP","floor":37},{"not_picked":["Streamline+1","Redo+1"],"picked":"Fusion+1","floor":40},{"not_picked":["Gash+1","Rebound"],"picked":"Turbo+1","floor":41},{"not_picked":["Genetic Algorithm+1","Gash+1"],"picked":"Heatsinks","floor":44},{"not_picked":["Gash+1","Sunder"],"picked":"Echo Form","floor":46},{"not_picked":["Cold Snap+1","Turbo+1","Skim+1"],"picked":"SKIP","floor":47},{"not_picked":["Darkness+1","Heatsinks","Melter"],"picked":"SKIP","floor":48}],"player_experience":415400,"relics_obtained":[{"floor":6,"key":"Bag of Marbles"},{"floor":8,"key":"Pear"},{"floor":9,"key":"Toxic Egg 2"},{"floor":11,"key":"Odd Mushroom"},{"floor":23,"key":"Orichalcum"},{"floor":26,"key":"Omamori"},{"floor":28,"key":"Centennial Puzzle"},{"floor":30,"key":"Ancient Tea Set"},{"floor":40,"key":"Potion Belt"},{"floor":43,"key":"Happy Flower"},{"floor":44,"key":"Dream Catcher"}],"event_choices":[{"event_name":"World of Goop","player_choice":"Gather Gold","floor":4,"damage_taken":0},{"event_name":"Mushrooms","player_choice":"Fought Mushrooms","floor":11,"damage_taken":0},{"event_name":"Back to Basics","player_choice":"Simplicity","floor":19,"damage_taken":0},{"event_name":"Nest","player_choice":"Stole From Cult","floor":29,"damage_taken":0},{"event_name":"The Lab","player_choice":"Got Potions","floor":31,"damage_taken":0},{"event_name":"Accursed Blacksmith","player_choice":"Rummage","floor":36,"damage_taken":0},{"event_name":"Tomb of Lord Red Mask","player_choice":"Ignored","floor":39,"damage_taken":0}],"is_beta":true,"boss_relics":[{"not_picked":["Snecko Eye","Pandora\u0027s Box"],"picked":"Coffee Dripper"},{"not_picked":["Eternal Feather","Velvet Choker"],"picked":"Cursed Key"}],"items_purged_floors":[5,20,38,45],"is_endless":false,"potions_floor_spawned":[1,2,6,14,21,24,27,33,40,41,46,48],"ascension_level":8}