{"gold_per_floor":[113,38,188,20,36,36,66,86,163,163,179,179,193,224,224,298,298,316,316,328,8,24,24,50,64,117,150,19,19,45,75,75,146,146,164,84,84,0,0,0,28,28,101,135,135,170,181,29,29,29],"floor_reached":51,"playtime":999,"items_purged":["Doubt","Decay"],"score":1775,"play_id":"e1575f3e-5249-47b5-9df8-116b2d14a02b","local_time":"20181028010032","is_ascension_mode":true,"campfire_choices":[{"data":"Feed","floor":6,"key":"SMITH"},{"data":"Flex","floor":10,"key":"SMITH"},{"data":"Bludgeon","floor":12,"key":"SMITH"},{"data":"Inflame","floor":15,"key":"SMITH"},{"data":"Bash","floor":23,"key":"SMITH"},{"floor":32,"key":"REST"},{"data":"Limit Break","floor":40,"key":"SMITH"},{"data":"Limit Break","floor":45,"key":"SMITH"},{"data":"Perfected Strike","floor":49,"key":"SMITH"}],"neow_cost":"NONE","seed_source_timestamp":43756458713222,"circlet_count":0,"master_deck":["Strike_R","Strike_R","Strike_R","Strike_R","Strike_R","Bash+1","AscendersBane","Feed+1","Anger+1","Twin Strike","Thunderclap","Reaper+1","Flex+1","Bludgeon+1","Immolate","Offering+1","Flex+1","Battle Trance","Heavy Blade+1","Limit Break+1","Spot Weakness+1","Limit Break+1","Pummel","Perfected Strike+1","Perfected Strike+1","Flex+1"],"relics":["Burning Blood","PreservedInsect","Tiny Chest","Question Card","Astrolabe","Happy Flower","Bag of Marbles","Lantern","Pen Nib","The Courier","Red Skull","Oddly Smooth Stone","WingedGreaves","Sozu","Red Mask","Boot","Blue Candle","Whetstone","Bronze Scales","War Paint"],"potions_floor_usage":[14,14,31,31],"damage_taken":[{"damage":6,"enemies":"Jaw Worm","floor":1,"turns":4},{"damage":7,"enemies":"2 Louse","floor":5,"turns":2},{"damage":35,"enemies":"3 Sentries","floor":7,"turns":6},{"damage":3,"enemies":"Small Slimes","floor":8,"turns":2},{"damage":9,"enemies":"Red Slaver","floor":11,"turns":3},{"damage":12,"enemies":"Looter","floor":13,"turns":3},{"damage":0,"enemies":"Lagavulin","floor":14,"turns":4},{"damage":26,"enemies":"Slime Boss","floor":16,"turns":8},{"damage":11,"enemies":"Spheric Guardian","floor":18,"turns":3},{"damage":35,"enemies":"Shell Parasite","floor":20,"turns":3},{"damage":24,"enemies":"Snake Plant","floor":22,"turns":2},{"damage":6,"enemies":"Book of Stabbing","floor":24,"turns":1},{"damage":6,"enemies":"Snecko","floor":25,"turns":2},{"damage":24,"enemies":"Gremlin Leader","floor":27,"turns":2},{"damage":21,"enemies":"Book of Stabbing","floor":31,"turns":2},{"damage":70,"enemies":"Champ","floor":33,"turns":5},{"damage":11,"enemies":"Orb Walker","floor":35,"turns":2},{"damage":6,"enemies":"Reptomancer","floor":41,"turns":1},{"damage":0,"enemies":"Nemesis","floor":44,"turns":1},{"damage":13,"enemies":"Giant Head","floor":46,"turns":3},{"damage":0,"enemies":"3 Shapes","floor":47,"turns":1},{"damage":120,"enemies":"Awakened One","floor":50,"turns":5}],"seed_played":"-719717873331047995","potions_obtained":[{"floor":1,"key":"Regen Potion"},{"floor":8,"key":"Regen Potion"},{"floor":13,"key":"Energy Potion"},{"floor":14,"key":"BloodPotion"},{"floor":20,"key":"AttackPotion"},{"floor":33,"key":"SmokeBomb"}],"is_trial":false,"path_per_floor":["M","?","?","$","M","R","E","M","T","R","M","R","M","E","R","B",null,"M","?","M","$","M","R","E","M","T","E","$","?","T","E","R","B",null,"M","$","?","?","?","R","E","$","T","E","R","E","M","$","R","B"],"character_chosen":"IRONCLAD","items_purchased":["Inflame","Twin Strike","Happy Flower","Bag of Marbles","Red Skull","Flex","War Paint"],"campfire_rested":1,"item_purchase_floors":[4,4,21,21,28,48,48],"current_hp_per_floor":[71,71,71,71,70,70,45,52,52,52,49,49,43,61,61,52,81,76,90,65,65,47,47,51,57,57,43,43,43,43,38,68,28,84,90,90,90,90,90,90,90,90,90,96,96,89,106,106,106,48],"gold":29,"neow_bonus":"ONE_RANDOM_RARE_CARD","is_prod":false,"is_daily":false,"chose_seed":false,"campfire_upgraded":8,"win_rate":0,"timestamp":1540681232,"path_taken":["M","?","?","$","M","R","E","M","T","R","?","R","M","E","R","BOSS","M","?","M","$","M","R","E","M","T","E","$","?","?","E","R","BOSS","M","$","?","?","?","R","E","?","T","E","R","E","M","$","R","BOSS"],"build_version":"2018-10-25v2","purchased_purges":2,"victory":true,"max_hp_per_floor":[78,78,78,78,78,78,82,86,86,86,86,86,86,86,86,90,90,90,90,94,94,94,94,98,98,98,102,102,102,102,102,102,102,102,102,102,102,102,102,102,102,102,102,102,102,102,106,106,106,106],"card_choices":[{"not_picked":["Clothesline","Pommel Strike"],"picked":"Anger","floor":1},{"not_picked":["Pommel Strike","Battle Trance"],"picked":"Thunderclap","floor":5},{"not_picked":["Thunderclap","Inflame"],"picked":"Reaper","floor":7},{"not_picked":["Havoc","Flame Barrier"],"picked":"Flex","floor":8},{"not_picked":["Sentinel","Pommel Strike"],"picked":"Bludgeon","floor":11},{"not_picked":["Sentinel","True Grit","Bloodletting"],"picked":"SKIP","floor":13},{"not_picked":["Seeing Red","Havoc","Anger"],"picked":"SKIP","floor":14},{"not_picked":["Reaper","Dark Embrace","Bludgeon"],"picked":"Immolate","floor":16},{"not_picked":["Perfected Strike","Pommel Strike","Shockwave"],"picked":"Flex+1","floor":18},{"not_picked":["Dropkick","Feel No Pain","Rupture"],"picked":"Battle Trance","floor":20},{"not_picked":["Anger","Perfected Strike","Spot Weakness"],"picked":"Heavy Blade+1","floor":22},{"not_picked":["True Grit","Thunderclap","Clash","Entrench"],"picked":"SKIP","floor":24},{"not_picked":["Cleave","Warcry+1","Sentinel","Armaments"],"picked":"SKIP","floor":25},{"not_picked":["Shockwave","Body Slam","Corruption"],"picked":"Limit Break","floor":27},{"not_picked":["Perfected Strike","Whirlwind","Inflame"],"picked":"Spot Weakness","floor":31},{"not_picked":["Bludgeon","Reaper","Juggernaut"],"picked":"Limit Break","floor":33},{"not_picked":["Clothesline","Pommel Strike","Hemokinesis","Sword Boomerang"],"picked":"SKIP","floor":35},{"not_picked":["Uppercut","Thunderclap","Shockwave+1"],"picked":"Perfected Strike+1","floor":41},{"not_picked":["Flame Barrier","Combust+1","Dropkick","Metallicize+1"],"picked":"SKIP","floor":44},{"not_picked":["Whirlwind","Clothesline+1","Headbutt"],"picked":"Perfected Strike","floor":46},{"not_picked":["Thunderclap","Barricade","Entrench","Whirlwind"],"picked":"SKIP","floor":47}],"player_experience":707333,"relics_obtained":[{"floor":7,"key":"PreservedInsect"},{"floor":9,"key":"Tiny Chest"},{"floor":14,"key":"Question Card"},{"floor":24,"key":"Lantern"},{"floor":26,"key":"Pen Nib"},{"floor":27,"key":"The Courier"},{"floor":30,"key":"Oddly Smooth Stone"},{"floor":31,"key":"WingedGreaves"},{"floor":41,"key":"Boot"},{"floor":43,"key":"Blue Candle"},{"floor":44,"key":"Whetstone"},{"floor":46,"key":"Bronze Scales"}],"event_choices":[{"cards_removed":["Defend_R"],"damage_healed":0,"gold_gain":0,"player_choice":"Card Removal","damage_taken":0,"max_hp_gain":0,"max_hp_loss":0,"event_name":"The Cleric","floor":2,"gold_loss":75},{"damage_healed":0,"gold_gain":150,"player_choice":"AGREE","damage_taken":0,"max_hp_gain":0,"max_hp_loss":0,"event_name":"Liars Game","floor":3,"gold_loss":0,"cards_obtained":["Doubt"]},{"cards_removed":["Sentinel"],"damage_healed":14,"gold_gain":0,"player_choice":"Offered Uncommon","damage_taken":0,"max_hp_gain":0,"max_hp_loss":0,"event_name":"Bonfire Elementals","floor":19,"gold_loss":0},{"damage_healed":0,"gold_gain":0,"player_choice":"Smashed Altar","damage_taken":0,"max_hp_gain":0,"max_hp_loss":0,"event_name":"Forgotten Altar","floor":29,"gold_loss":0,"cards_obtained":["Decay"]},{"damage_healed":0,"gold_gain":0,"cards_transformed":["Hemokinesis"],"player_choice":"Transformed","damage_taken":0,"max_hp_gain":0,"max_hp_loss":0,"event_name":"Transmorgrifier","floor":37,"gold_loss":0,"cards_obtained":["Pummel"]},{"damage_healed":0,"gold_gain":0,"player_choice":"Paid","damage_taken":0,"relics_obtained":["Red Mask"],"max_hp_gain":0,"max_hp_loss":0,"event_name":"Tomb of Lord Red Mask","floor":38,"gold_loss":84},{"cards_removed":["Inflame"],"damage_healed":0,"gold_gain":0,"player_choice":"Removed Power","damage_taken":0,"max_hp_gain":0,"max_hp_loss":0,"event_name":"Falling","floor":39,"gold_loss":0}],"is_beta":true,"boss_relics":[{"not_picked":["White Beast Statue","Fusion Hammer"],"picked":"Astrolabe"},{"not_picked":["Empty Cage","Runic Pyramid"],"picked":"Sozu"}],"items_purged_floors":[4,36],"is_endless":false,"potions_floor_spawned":[1,8,13,14,20,22,27,33,35,41,46],"ascension_level":19}