{"gold_per_floor":[111,130,144,219,93,93,93,128,152,166,191,207,223,287,287,364,364,383,395,114,114,114,144,19,52,52,68,42,58,58,58,58,134,134,145,156,156,168,186,217,217,243,266,38,84,95,112,164,164,164],"floor_reached":51,"playtime":1628,"items_purged":["Defend_R","Defend_R","Defend_R"],"score":1330,"play_id":"6876ea99-251b-433c-ab15-2bad14be43ce","local_time":"20181001210446","is_ascension_mode":true,"campfire_choices":[{"data":"Flex","floor":6.0,"key":"SMITH"},{"floor":15.0,"key":"REST"},{"floor":30.0,"key":"REST"},{"floor":32.0,"key":"REST"},{"floor":41.0,"key":"REST"},{"floor":49.0,"key":"REST"}],"neow_cost":"NONE","seed_source_timestamp":34911435144668,"circlet_count":0,"master_deck":["Strike_R+1","Strike_R+1","Strike_R+1","Strike_R+1","Strike_R+1","Defend_R+1","Bash","AscendersBane","Uppercut+1","Rampage","Flex+1","Twin Strike","Carnage","Perfected Strike","Dropkick","Reaper","Spot Weakness","Perfected Strike","Inflame","Double Tap","RitualDagger","Flex+1","Flex","Limit Break","Flex+1","Sword Boomerang+1","Spot Weakness","Double Tap"],"special_seed":0,"relics":["Burning Blood","Orichalcum","Happy Flower","Bronze Scales","Tiny Chest","Fusion Hammer","Ancient Tea Set","Bag of Preparation","War Paint","Sozu","StoneCalendar","Ornamental Fan","Omamori","MawBank","Shuriken","Champion Belt","Anchor"],"potions_floor_usage":[50,50],"damage_taken":[{"damage":7.0,"enemies":"Jaw Worm","floor":1.0,"turns":3.0},{"damage":15.0,"enemies":"2 Louse","floor":2.0,"turns":3.0},{"damage":1.0,"enemies":"Cultist","floor":3.0,"turns":3.0},{"damage":10.0,"enemies":"3 Sentries","floor":8.0,"turns":4.0},{"damage":22.0,"enemies":"Large Slime","floor":10.0,"turns":5.0},{"damage":15.0,"enemies":"Lagavulin","floor":11.0,"turns":5.0},{"damage":0.0,"enemies":"2 Fungi Beasts","floor":12.0,"turns":2.0},{"damage":6.0,"enemies":"Exordium Wildlife","floor":13.0,"turns":2.0},{"damage":6.0,"enemies":"Gremlin Nob","floor":14.0,"turns":3.0},{"damage":7.0,"enemies":"Slime Boss","floor":16.0,"turns":7.0},{"damage":10.0,"enemies":"Shell Parasite","floor":18.0,"turns":3.0},{"damage":11.0,"enemies":"3 Byrds","floor":19.0,"turns":3.0},{"damage":26.0,"enemies":"Book of Stabbing","floor":23.0,"turns":3.0},{"damage":20.0,"enemies":"Slavers","floor":25.0,"turns":5.0},{"damage":16.0,"enemies":"Centurion and Healer","floor":27.0,"turns":3.0},{"damage":18.0,"enemies":"Snake Plant","floor":29.0,"turns":3.0},{"damage":50.0,"enemies":"Collector","floor":33.0,"turns":4.0},{"damage":26.0,"enemies":"3 Darklings","floor":35.0,"turns":4.0},{"damage":32.0,"enemies":"3 Shapes","floor":36.0,"turns":3.0},{"damage":0.0,"enemies":"Mind Bloom Boss Battle","floor":37.0,"turns":4.0},{"damage":25.0,"enemies":"Reptomancer","floor":38.0,"turns":5.0},{"damage":0.0,"enemies":"Transient","floor":39.0,"turns":5.0},{"damage":59.0,"enemies":"Giant Head","floor":40.0,"turns":7.0},{"damage":12.0,"enemies":"2 Orb Walkers","floor":42.0,"turns":2.0},{"damage":52.0,"enemies":"Mysterious Sphere","floor":45.0,"turns":3.0},{"damage":0.0,"enemies":"Sphere and 2 Shapes","floor":46.0,"turns":3.0},{"damage":34.0,"enemies":"4 Shapes","floor":47.0,"turns":4.0},{"damage":97,"enemies":"Awakened One","floor":50,"turns":7}],"seed_played":"5036231153496234943","potions_obtained":[{"floor":2.0,"key":"AttackPotion"},{"floor":3.0,"key":"SpeedPotion"},{"floor":11.0,"key":"Poison Potion"},{"floor":14.0,"key":"AttackPotion"},{"floor":16.0,"key":"Explosive Potion"},{"floor":27.0,"key":"Regen Potion"},{"floor":29.0,"key":"BloodPotion"}],"is_trial":false,"path_per_floor":["M","M","M","?","$","R","?","E","T","M","E","M","M","E","R","B",null,"M","M","$","?","?","E","$","E","T","M","$","M","R","?","R","B",null,"M","M","?","M","M","E","R","E","T","$","?","M","M","T","R","B"],"character_chosen":"IRONCLAD","items_purchased":["Flex","Inflame","Double Tap","Flex","Shuriken"],"campfire_rested":5,"item_purchase_floors":[5,20,20,28,44],"current_hp_per_floor":[74,65,70,59,59,59,59,55,55,39,30,36,36,36,60,59,76,72,77,77,71,71,51,51,43,43,33,33,38,62,62,82,69,79,74,62,82,63,82,48,72,66,66,66,54,82,66,66,82,22],"gold":164,"neow_bonus":"TEN_PERCENT_HP_BONUS","is_prod":false,"is_daily":false,"chose_seed":false,"campfire_upgraded":1,"win_rate":0,"timestamp":1538420686,"path_taken":["M","M","M","?","$","R","?","E","T","M","E","?","M","E","R","BOSS","M","M","$","?","?","E","$","E","T","?","?","M","R","?","R","BOSS","M","M","?","?","M","E","R","E","T","$","?","M","M","?","R","BOSS"],"build_version":"2018-09-27","purchased_purges":3,"victory":true,"max_hp_per_floor":[82,82,82,82,82,82,82,82,82,82,82,82,82,82,82,82,82,82,82,82,82,82,82,82,82,82,82,82,82,82,82,82,82,82,82,82,82,82,82,82,82,82,82,82,82,82,82,82,82,82],"card_choices":[{"not_picked":["Shrug It Off","Metallicize"],"picked":"Uppercut","floor":1.0},{"not_picked":["Flame Barrier","Entrench","Havoc"],"picked":"SKIP","floor":2.0},{"not_picked":["Clothesline","Havoc"],"picked":"Rampage","floor":3.0},{"not_picked":["Fire Breathing","Armaments"],"picked":"Twin Strike","floor":8.0},{"not_picked":["Iron Wave","Body Slam"],"picked":"Carnage","floor":10.0},{"not_picked":["Entrench","Havoc","Clash"],"picked":"SKIP","floor":11.0},{"not_picked":["Anger","Blood for Blood"],"picked":"Perfected Strike","floor":12.0},{"not_picked":["Cleave","Clash"],"picked":"Dropkick","floor":13.0},{"not_picked":["Blood for Blood","Pommel Strike","Evolve"],"picked":"SKIP","floor":14.0},{"not_picked":["Feed","Impervious"],"picked":"Reaper","floor":16.0},{"not_picked":["Body Slam","Combust"],"picked":"Spot Weakness","floor":18.0},{"not_picked":["Havoc","Blood for Blood"],"picked":"Perfected Strike","floor":19.0},{"not_picked":["Heavy Blade","Feel No Pain"],"picked":"Flex","floor":23.0},{"not_picked":["Uppercut","Armaments","Second Wind"],"picked":"SKIP","floor":25.0},{"not_picked":["Clash","Shrug It Off","Brutality"],"picked":"SKIP","floor":27.0},{"not_picked":["Warcry","Anger","Clash+1"],"picked":"SKIP","floor":29.0},{"not_picked":["Dark Embrace","Juggernaut"],"picked":"Limit Break","floor":33.0},{"not_picked":["Anger","Iron Wave","Shrug It Off"],"picked":"SKIP","floor":35.0},{"not_picked":["Headbutt","Clothesline","Thunderclap"],"picked":"SKIP","floor":36.0},{"not_picked":["Feed","Cleave+1"],"picked":"Flex+1","floor":37.0},{"not_picked":["Clothesline","Rampage+1"],"picked":"Sword Boomerang+1","floor":38.0},{"not_picked":["Clash","Anger"],"picked":"Spot Weakness","floor":39.0},{"not_picked":["Dropkick","Pummel"],"picked":"Double Tap","floor":40.0},{"not_picked":["Armaments","Fiend Fire","Havoc"],"picked":"SKIP","floor":42.0},{"not_picked":["Havoc","Headbutt+1","Warcry"],"picked":"SKIP","floor":46.0},{"not_picked":["Anger","Thunderclap","True Grit"],"picked":"SKIP","floor":47.0}],"player_experience":657727,"relics_obtained":[{"floor":8.0,"key":"Orichalcum"},{"floor":9.0,"key":"Happy Flower"},{"floor":11.0,"key":"Bronze Scales"},{"floor":14.0,"key":"Tiny Chest"},{"floor":23.0,"key":"Ancient Tea Set"},{"floor":25.0,"key":"Bag of Preparation"},{"floor":26.0,"key":"War Paint"},{"floor":37.0,"key":"StoneCalendar"},{"floor":40.0,"key":"Ornamental Fan"},{"floor":42.0,"key":"Omamori"},{"floor":43.0,"key":"MawBank"},{"floor":45.0,"key":"Champion Belt"},{"floor":48.0,"key":"Anchor"}],"event_choices":[{"event_name":"World of Goop","player_choice":"Gather Gold","floor":4.0,"damage_taken":0.0},{"event_name":"Living Wall","player_choice":"Grow","floor":7.0,"damage_taken":0.0},{"event_name":"Nest","player_choice":"Joined the Cult","floor":21.0,"damage_taken":0.0},{"event_name":"Vampires","player_choice":"Ignored","floor":22.0,"damage_taken":0.0},{"event_name":"Back to Basics","player_choice":"Simplicity","floor":31.0,"damage_taken":0.0},{"event_name":"MindBloom","player_choice":"Fight","floor":37.0,"damage_taken":0.0},{"event_name":"Mysterious Sphere","player_choice":"Fight","floor":45.0,"damage_taken":0.0}],"is_beta":true,"boss_relics":[{"not_picked":["Pandora\u0027s Box","Empty Cage"],"picked":"Fusion Hammer"},{"not_picked":["Astrolabe","Mark of Pain"],"picked":"Sozu"}],"items_purged_floors":[5,20,24],"is_endless":false,"potions_floor_spawned":[2,3,11,14,16,23,27,29,35,37,39,45],"ascension_level":15}