{"gold_per_floor":[110,128,139,149,67,67,128,53,53,53,53,67,67,67],"floor_reached":14,"playtime":375,"items_purged":[],"score":162,"play_id":"d8802669-8574-45e7-81ef-e91614907a3f","local_time":"20180904155136","is_ascension_mode":true,"campfire_choices":[{"data":"Conserve Battery","floor":6,"key":"SMITH"},{"data":"Streamline","floor":11,"key":"SMITH"}],"neow_cost":"","seed_source_timestamp":10619788172760,"circlet_count":0,"master_deck":["Strike_B","Strike_B","Strike_B","Defend_B","Defend_B","Defend_B","Defend_B","Zap","Dualcast","AscendersBane","Compile Driver","Storm","Cold Snap","Hologram","Conserve Battery+1","Compile Driver","Streamline+1","BootSequence"],"relics":["Cracked Core","Tiny Chest","Oddly Smooth Stone","Kunai"],"potions_floor_usage":[4],"damage_taken":[{"damage":5,"enemies":"Small Slimes","floor":1,"turns":5},{"damage":2,"enemies":"2 Louse","floor":2,"turns":3},{"damage":1,"enemies":"Cultist","floor":3,"turns":3},{"damage":0,"enemies":"2 Fungi Beasts","floor":4,"turns":2},{"damage":19,"enemies":"3 Sentries","floor":7,"turns":8},{"damage":9,"enemies":"Exordium Thugs","floor":12,"turns":4},{"damage":39,"enemies":"Gremlin Nob","floor":14,"turns":4}],"seed_played":"5796138936510913050","potions_obtained":[{"floor":3,"key":"SteroidPotion"}],"is_trial":false,"path_per_floor":["M","M","M","M","$","R","E","?","T","?","R","M","?"],"character_chosen":"DEFECT","items_purchased":["Conserve Battery","Compile Driver"],"campfire_rested":0,"item_purchase_floors":[5,5],"current_hp_per_floor":[59,57,56,56,56,56,37,37,37,37,37,28,28,0],"gold":67,"neow_bonus":"","is_prod":false,"is_daily":false,"chose_seed":false,"campfire_upgraded":2,"win_rate":0,"timestamp":1536069096,"path_taken":["M","M","M","M","$","R","E","?","T","?","R","M","?","E"],"build_version":"2018-09-03","purchased_purges":0,"victory":false,"max_hp_per_floor":[71,71,71,71,71,71,71,71,71,71,71,71,71,71],"card_choices":[{"not_picked":["Reprogram","Go for the Eyes"],"picked":"Compile Driver","floor":1},{"not_picked":["Gash","Lockon"],"picked":"Storm","floor":2},{"not_picked":["Steam","Barrage"],"picked":"Cold Snap","floor":3},{"not_picked":["Stack","Rebound"],"picked":"Hologram","floor":4},{"not_picked":["Stack","Sweeping Beam"],"picked":"Streamline","floor":7},{"not_picked":["FTL","Ball Lightning"],"picked":"BootSequence","floor":12}],"player_experience":637477,"relics_obtained":[{"floor":7,"key":"Tiny Chest"},{"floor":9,"key":"Oddly Smooth Stone"}],"event_choices":[{"event_name":"The Cleric","player_choice":"Card Removal","floor":8,"damage_taken":0},{"event_name":"Big Fish","player_choice":"Box","floor":10,"damage_taken":0},{"event_name":"Living Wall","player_choice":"Forget","floor":13,"damage_taken":0}],"is_beta":true,"boss_relics":[],"items_purged_floors":[],"is_endless":false,"potions_floor_spawned":[3],"killed_by":"Gremlin Nob","ascension_level":16}