{"gold_per_floor":[109,126,139,214,227,227,258,258,326,357,41,59,59,59,59,134,134,152,164,164,181,195,195,195,195,195,195,210,222,232,61,61,138,138,156,87,137,154,154,154,186,186],"floor_reached":42,"playtime":3061,"items_purged":["Strike_B","Decay"],"score":767,"play_id":"fa884ed7-3ed5-4c8f-b17f-abcc13e856b8","local_time":"20180828234251","is_ascension_mode":true,"campfire_choices":[{"data":"Zap","floor":6.0,"key":"SMITH"},{"data":"Creative AI","floor":8.0,"key":"SMITH"},{"floor":15.0,"key":"REST"},{"data":"Strike_B","floor":23.0,"key":"PURGE"},{"floor":25.0,"key":"REST"},{"data":"Buffer","floor":32.0,"key":"SMITH"},{"floor":40.0,"key":"REST"}],"neow_cost":"","seed_source_timestamp":222929456168109,"circlet_count":0,"master_deck":["Strike_B","Strike_B","Defend_B","Defend_B","Defend_B+1","Defend_B","Zap+1","Dualcast","AscendersBane","Glacier","Conserve Battery","Turbo+1","Creative AI+1","Electrodynamics","Loop","Force Field","Thunder Strike","Cold Snap+1","Self Repair","Force Field","Buffer+1","Loop","Storm","Writhe","Capacitor"],"special_seed":0,"relics":["Cracked Core","Peace Pipe","Bottled Lightning","War Paint","Potion Belt","Sozu","Nilry\u0027s Codex","Bottled Tornado","Busted Crown","Ice Cream","Singing Bowl"],"potions_floor_usage":[],"damage_taken":[{"damage":0.0,"enemies":"Small Slimes","floor":1.0,"turns":3.0},{"damage":4.0,"enemies":"2 Louse","floor":2.0,"turns":3.0},{"damage":2.0,"enemies":"Jaw Worm","floor":3.0,"turns":4.0},{"damage":1.0,"enemies":"Exordium Wildlife","floor":5.0,"turns":3.0},{"damage":16.0,"enemies":"3 Sentries","floor":7.0,"turns":11.0},{"damage":21.0,"enemies":"Lagavulin","floor":10.0,"turns":8.0},{"damage":0.0,"enemies":"Gremlin Gang","floor":12.0,"turns":1.0},{"damage":2.0,"enemies":"Hexaghost","floor":16.0,"turns":13.0},{"damage":1.0,"enemies":"Chosen","floor":18.0,"turns":4.0},{"damage":12.0,"enemies":"Spheric Guardian","floor":19.0,"turns":6.0},{"damage":25.0,"enemies":"Snake Plant","floor":21.0,"turns":7.0},{"damage":1.0,"enemies":"Cultist and Chosen","floor":22.0,"turns":4.0},{"damage":9.0,"enemies":"3 Cultists","floor":28.0,"turns":4.0},{"damage":5.0,"enemies":"Sentry and Sphere","floor":29.0,"turns":6.0},{"damage":0.0,"enemies":"Centurion and Healer","floor":30.0,"turns":12.0},{"damage":23.0,"enemies":"Automaton","floor":33.0,"turns":12.0},{"damage":28.0,"enemies":"3 Darklings","floor":35.0,"turns":4.0},{"damage":27.0,"enemies":"Mysterious Sphere","floor":37.0,"turns":5.0},{"damage":0.0,"enemies":"3 Shapes","floor":38.0,"turns":2.0},{"damage":34.0,"enemies":"2 Orb Walkers","floor":41.0,"turns":5.0},{"damage":26,"enemies":"Jaw Worm Horde","floor":42,"turns":2}],"seed_played":"-8834239017700984132","potions_obtained":[{"floor":1.0,"key":"Strength Potion"},{"floor":7.0,"key":"Swift Potion"},{"floor":10.0,"key":"Dexterity Potion"},{"floor":16.0,"key":"Explosive Potion"}],"is_trial":false,"path_per_floor":["M","M","M","?","M","R","E","R","T","E","$","M","?","$","R","B",null,"M","M","?","M","M","R","?","R","T","?","M","M","M","$","R","B",null,"M","$","?","M","?","R","E"],"character_chosen":"DEFECT","items_purchased":["Potion Belt","Loop","Block Potion","Loop","Storm"],"campfire_rested":3,"item_purchase_floors":[11,11,11,31,36],"current_hp_per_floor":[64,60,58,47,46,46,30,30,30,9,9,9,9,9,30,28,60,59,47,47,29,35,35,14,35,35,35,33,35,56,56,56,47,65,44,44,17,17,31,52,25,0],"gold":186,"neow_bonus":"","is_prod":false,"is_daily":false,"chose_seed":false,"campfire_upgraded":3,"win_rate":0,"timestamp":1535492571,"path_taken":["M","M","M","?","M","R","E","R","T","E","$","M","?","?","R","BOSS","M","?","?","M","M","R","?","R","T","?","M","M","?","?","R","BOSS","M","$","?","M","?","R","E","?"],"build_version":"2018-08-27","purchased_purges":2,"victory":false,"max_hp_per_floor":[71,71,71,71,71,71,71,71,71,71,71,71,71,71,71,71,71,71,71,71,71,71,71,71,71,71,71,71,71,71,71,71,71,71,71,71,71,71,71,71,71,71],"card_choices":[{"not_picked":["Hologram","Cold Snap"],"picked":"Glacier","floor":1.0},{"not_picked":["Recycle","Barrage"],"picked":"Conserve Battery","floor":2.0},{"not_picked":["Hologram","Force Field","Barrage"],"picked":"SKIP","floor":3.0},{"not_picked":["Leap","Compile Driver"],"picked":"Turbo","floor":5.0},{"not_picked":["Sunder","Chill"],"picked":"Creative AI","floor":7.0},{"not_picked":["Blizzard","Turbo"],"picked":"Electrodynamics","floor":10.0},{"not_picked":["Sweeping Beam","Steam"],"picked":"Force Field","floor":12.0},{"not_picked":["Reboot","Meteor Strike"],"picked":"Thunder Strike","floor":16.0},{"not_picked":["Go for the Eyes","Turbo"],"picked":"Cold Snap+1","floor":18.0},{"not_picked":["Coolheaded","Barrage"],"picked":"Self Repair","floor":19.0},{"not_picked":["Blizzard","Cold Snap","Stack"],"picked":"SKIP","floor":21.0},{"not_picked":["Scrape","Gash+1","Stack"],"picked":"SKIP","floor":22.0},{"not_picked":["Rebound","Redo","Hello World"],"picked":"SKIP","floor":28.0},{"not_picked":["Barrage","Blizzard"],"picked":"Force Field","floor":29.0},{"not_picked":["Reprogram","Double Energy"],"picked":"Buffer","floor":30.0},{"not_picked":["Steam Power"],"picked":"SKIP","floor":35.0},{"not_picked":["Go for the Eyes"],"picked":"SKIP","floor":38.0},{"not_picked":[],"picked":"Capacitor","floor":41.0}],"player_experience":577816,"relics_obtained":[{"floor":7.0,"key":"Peace Pipe"},{"floor":9.0,"key":"Bottled Lightning"},{"floor":10.0,"key":"War Paint"},{"floor":24.0,"key":"Nilry\u0027s Codex"},{"floor":26.0,"key":"Bottled Tornado"},{"floor":37.0,"key":"Ice Cream"},{"floor":41.0,"key":"Singing Bowl"}],"event_choices":[{"event_name":"World of Goop","player_choice":"Gather Gold","floor":4.0,"damage_taken":0.0},{"event_name":"Scrap Ooze","player_choice":"unsuccessful","floor":13.0,"damage_taken":0.0},{"event_name":"Vampires","player_choice":"Ignored","floor":20.0,"damage_taken":0.0},{"event_name":"Cursed Tome","player_choice":"Obtained Book","floor":24.0,"damage_taken":0.0},{"event_name":"Forgotten Altar","player_choice":"Smashed Altar","floor":27.0,"damage_taken":0.0},{"event_name":"Mysterious Sphere","player_choice":"Fight","floor":37.0,"damage_taken":0.0},{"event_name":"Winding Halls","player_choice":"Writhe","floor":39.0,"damage_taken":0.0}],"is_beta":true,"boss_relics":[{"not_picked":["Philosopher\u0027s Stone","Calling Bell"],"picked":"Sozu"},{"not_picked":["Snecko Eye","Empty Cage"],"picked":"Busted Crown"}],"items_purged_floors":[11,31],"is_endless":false,"potions_floor_spawned":[1,7,10,16,18,28,37,38],"killed_by":"Jaw Worm Horde","ascension_level":15}