{"gold_per_floor":[115,135,154,154,167,12,12,41,41,55,55,55,69,83,83,157,207,222,222,147,158,177,177,190,190,190,90,90,107,107,26,26,103,103,116,42,92,92,92,123,123,123,148,148,166,166,166,182,182,182],"floor_reached":51,"playtime":1240,"items_purged":["Strike_G+1","Strike_G+1"],"score":1285,"play_id":"09298afb-4b19-412e-acc3-5b7dfbdf2512","local_time":"20181029002517","is_ascension_mode":true,"campfire_choices":[{"data":"Corpse Explosion","floor":7.0,"key":"SMITH"},{"floor":12.0,"key":"REST"},{"floor":15.0,"key":"REST"},{"data":"Catalyst","floor":23.0,"key":"SMITH"},{"data":"Bouncing Flask","floor":25.0,"key":"SMITH"},{"data":"Burst","floor":28.0,"key":"SMITH"},{"data":"Burst","floor":30.0,"key":"SMITH"},{"floor":32.0,"key":"REST"},{"data":"Footwork","floor":41.0,"key":"SMITH"},{"data":"Dodge and Roll","floor":44.0,"key":"SMITH"},{"data":"Blur","floor":46.0,"key":"SMITH"},{"floor":49,"key":"REST"}],"neow_cost":"NONE","seed_source_timestamp":50599599891034,"circlet_count":0,"master_deck":["Defend_G+1","Defend_G+1","Defend_G+1","Defend_G+1","Defend_G+1","Strike_G+1","Strike_G+1","Survivor","Neutralize","AscendersBane","Dodge and Roll+1","Deadly Poison","Deadly Poison","Corpse Explosion+1","Burst+1","Caltrops","Bouncing Flask+1","Burst+1","Catalyst+1","Deadly Poison","Footwork+1","Tools of the Trade","Blur+1","Noxious Fumes","Secret Technique"],"special_seed":0,"relics":["Velvet Choker","WingedGreaves","Bird Faced Urn","Tiny House","Mercury Hourglass","Black Star","Bottled Flame","FossilizedHelix","Mango","Juzu Bracelet"],"potions_floor_usage":[50],"damage_taken":[{"damage":0.0,"enemies":"Jaw Worm","floor":1.0,"turns":5.0},{"damage":1.0,"enemies":"Cultist","floor":2.0,"turns":5.0},{"damage":0.0,"enemies":"2 Louse","floor":3.0,"turns":6.0},{"damage":9.0,"enemies":"Exordium Thugs","floor":5.0,"turns":7.0},{"damage":32.0,"enemies":"Gremlin Nob","floor":8.0,"turns":4.0},{"damage":6.0,"enemies":"Large Slime","floor":10.0,"turns":6.0},{"damage":6.0,"enemies":"Looter","floor":13.0,"turns":4.0},{"damage":2.0,"enemies":"Exordium Thugs","floor":14.0,"turns":3.0},{"damage":14.0,"enemies":"The Guardian","floor":16.0,"turns":7.0},{"damage":4.0,"enemies":"3 Byrds","floor":18.0,"turns":4.0},{"damage":0.0,"enemies":"Spheric Guardian","floor":21.0,"turns":3.0},{"damage":4.0,"enemies":"Cultist and Chosen","floor":22.0,"turns":3.0},{"damage":21.0,"enemies":"Shelled Parasite and Fungi","floor":24.0,"turns":4.0},{"damage":5.0,"enemies":"Sentry and Sphere","floor":29.0,"turns":5.0},{"damage":14.0,"enemies":"Collector","floor":33.0,"turns":4.0},{"damage":12.0,"enemies":"Orb Walker","floor":35.0,"turns":3.0},{"damage":1.0,"enemies":"Giant Head","floor":40.0,"turns":4.0},{"damage":0.0,"enemies":"3 Darklings","floor":45.0,"turns":4.0},{"damage":53,"enemies":"Spire Growth","floor":48,"turns":6},{"damage":54,"enemies":"Time Eater","floor":50,"turns":6}],"seed_played":"-7152462478103048790","potions_obtained":[{"floor":8.0,"key":"EssenceOfSteel"},{"floor":10.0,"key":"SpeedPotion"},{"floor":17.0,"key":"GhostInAJar"},{"floor":22.0,"key":"SkillPotion"},{"floor":45.0,"key":"FearPotion"},{"floor":48,"key":"Regen Potion"}],"is_trial":false,"path_per_floor":["M","M","M","?","M","$","R","E","T","M","?","R","M","M","R","B",null,"M","?","$","M","M","R","M","R","T","$","R","M","R","$","R","B",null,"M","$","?","?","T","E","R","?","T","R","M","R","?","M","R","B"],"character_chosen":"THE_SILENT","items_purchased":["Corpse Explosion","Footwork","Blur"],"campfire_rested":4,"item_purchase_floors":[6,31,36],"current_hp_per_floor":[59,58,58,58,49,49,49,17,17,11,11,30,24,22,41,29,62,58,58,58,60,58,58,37,37,37,37,37,34,34,34,55,45,65,55,55,55,55,55,72,72,72,72,72,74,74,74,28,52,19],"gold":182,"neow_bonus":"BOSS_RELIC","is_prod":false,"is_daily":false,"chose_seed":false,"campfire_upgraded":8,"win_rate":0,"timestamp":1540769117,"path_taken":["M","M","M","?","M","?","R","E","T","M","?","R","M","?","R","BOSS","M","?","$","M","M","R","M","R","T","?","R","?","R","$","R","BOSS","M","$","?","?","?","E","R","?","T","R","M","R","?","M","R","BOSS"],"build_version":"2018-10-25v2","purchased_purges":2,"victory":true,"max_hp_per_floor":[66,66,66,66,66,66,66,66,66,66,66,66,66,66,66,66,71,71,71,71,71,71,71,71,71,71,71,71,71,71,71,71,71,71,71,71,71,67,67,81,81,81,81,81,81,81,81,81,81,81],"card_choices":[{"not_picked":["Prepared","Acrobatics"],"picked":"Dodge and Roll","floor":1.0},{"not_picked":["Choke","All Out Attack","Slice"],"picked":"SKIP","floor":2.0},{"not_picked":["Underhanded Strike","Tactician"],"picked":"Deadly Poison","floor":3.0},{"not_picked":["All Out Attack","Eviscerate"],"picked":"Deadly Poison","floor":5.0},{"not_picked":["Poisoned Stab","PiercingWail"],"picked":"Burst","floor":8.0},{"not_picked":["Bane","Setup","Backflip"],"picked":"SKIP","floor":10.0},{"not_picked":["Dodge and Roll","Choke"],"picked":"Caltrops","floor":13.0},{"not_picked":["Dagger Spray","Dodge and Roll"],"picked":"Bouncing Flask","floor":14.0},{"not_picked":["Malaise","Storm of Steel"],"picked":"Burst","floor":16.0},{"not_picked":["Flying Knee","Concentrate"],"picked":"Catalyst","floor":17.0},{"not_picked":["Riddle With Holes+1","Infinite Blades","Concentrate"],"picked":"SKIP","floor":18.0},{"not_picked":["Prepared","Flying Knee","Infinite Blades"],"picked":"SKIP","floor":21.0},{"not_picked":["Flying Knee","Underhanded Strike","Flechettes"],"picked":"SKIP","floor":22.0},{"not_picked":["Predator","Expertise"],"picked":"Deadly Poison","floor":24.0},{"not_picked":["Dodge and Roll","Outmaneuver+1","Reflex"],"picked":"SKIP","floor":29.0},{"not_picked":["Wraith Form v2","Burst"],"picked":"Tools of the Trade","floor":33.0},{"not_picked":["Bane","Riddle With Holes+1","Cloak And Dagger"],"picked":"SKIP","floor":35.0},{"not_picked":["Caltrops+1","Blade Dance","Dagger Throw"],"picked":"SKIP","floor":40.0},{"not_picked":["Dagger Spray","Deadly Poison"],"picked":"Noxious Fumes","floor":45.0},{"not_picked":["Discovery","Purity"],"picked":"Secret Technique","floor":47.0},{"not_picked":["Dagger Spray","Underhanded Strike","Flying Knee"],"picked":"SKIP","floor":48}],"player_experience":715395,"relics_obtained":[{"floor":8.0,"key":"WingedGreaves"},{"floor":9.0,"key":"Bird Faced Urn"},{"floor":26.0,"key":"Mercury Hourglass"},{"floor":39.0,"key":"Bottled Flame"},{"floor":40.0,"key":"FossilizedHelix"},{"floor":40.0,"key":"Mango"},{"floor":43.0,"key":"Juzu Bracelet"}],"event_choices":[{"cards_removed":["Strike_G"],"damage_healed":0.0,"max_hp_gain":0.0,"max_hp_loss":0.0,"gold_gain":0.0,"event_name":"Bonfire Elementals","player_choice":"Offered Basic","floor":4.0,"gold_loss":0.0,"damage_taken":0.0},{"damage_healed":0.0,"max_hp_gain":0.0,"max_hp_loss":0.0,"gold_gain":0.0,"event_name":"Golden Wing","player_choice":"Ignored","floor":11.0,"gold_loss":0.0,"damage_taken":0.0},{"damage_healed":0.0,"max_hp_gain":0.0,"max_hp_loss":0.0,"gold_gain":0.0,"event_name":"Back to Basics","player_choice":"Simplicity","floor":19.0,"gold_loss":0.0,"damage_taken":0.0,"cards_upgraded":["Defend_G","Defend_G","Defend_G","Defend_G","Defend_G","Strike_G","Strike_G","Strike_G"]},{"damage_healed":0.0,"max_hp_gain":0.0,"max_hp_loss":0.0,"gold_gain":100.0,"event_name":"Golden Shrine","player_choice":"Pray","floor":37.0,"gold_loss":0.0,"damage_taken":0.0},{"damage_healed":0.0,"max_hp_gain":0.0,"max_hp_loss":4.0,"gold_gain":0.0,"event_name":"Winding Halls","player_choice":"Max HP","floor":38.0,"gold_loss":0.0,"damage_taken":0.0},{"damage_healed":0.0,"max_hp_gain":0.0,"max_hp_loss":0.0,"gold_gain":0.0,"event_name":"Mysterious Sphere","player_choice":"Ignored","floor":42.0,"gold_loss":0.0,"damage_taken":0.0},{"damage_healed":0.0,"max_hp_gain":0.0,"max_hp_loss":0.0,"gold_gain":0.0,"event_name":"SensoryStone","player_choice":"Memory 1","floor":47.0,"gold_loss":0.0,"damage_taken":0.0}],"is_beta":true,"boss_relics":[{"not_picked":["Pandora\u0027s Box","WristBlade"],"picked":"Tiny House"},{"not_picked":["Runic Pyramid","Philosopher\u0027s Stone"],"picked":"Black Star"}],"items_purged_floors":[20,27],"is_endless":false,"potions_floor_spawned":[8,10,14,16,22,24,45,48],"ascension_level":18}