{"gold_per_floor":[110,185,110,128,128,128,155,155,223,266,297,317,217,240,240,366,404,427,526,526,495,518,518],"floor_reached":23,"playtime":2051,"items_purged":["Defend_G","Defend_G"],"score":274,"play_id":"230180a6-1a6a-42d3-b992-88581c29023f","local_time":"20180719132232","is_ascension_mode":true,"campfire_choices":[{"data":"Neutralize","floor":6,"key":"SMITH"},{"floor":15,"key":"REST"}],"neow_cost":"NONE","seed_source_timestamp":14399538885754,"circlet_count":0,"master_deck":["Defend_G","Defend_G","Strike_G","Strike_G","Strike_G","Strike_G","Strike_G+1","Survivor","Neutralize+1","Dodge and Roll","Blur","Deadly Poison","Backflip","Concentrate","Burst","Dagger Throw","Well Laid Plans+1","Cloak And Dagger+1","Underhanded Strike+1"],"relics":["Ring of the Snake","Pen Nib","Bronze Scales","Golden Idol","Ornamental Fan","Paper Crane","Odd Mushroom","Tiny House","Matryoshka"],"potions_floor_usage":[10,16,18,18,22],"damage_taken":[{"damage":3,"enemies":"Cultist","floor":1,"turns":4},{"damage":0,"enemies":"Small Slimes","floor":4,"turns":3},{"damage":10,"enemies":"3 Sentries","floor":7,"turns":13},{"damage":12,"enemies":"Gremlin Nob","floor":10,"turns":4},{"damage":8,"floor":11,"turns":5},{"damage":0,"enemies":"2 Louse","floor":12,"turns":3},{"damage":0,"enemies":"2 Fungi Beasts","floor":14,"turns":3},{"damage":0,"enemies":"The Guardian","floor":16,"turns":11},{"damage":1,"enemies":"Chosen","floor":18,"turns":3},{"damage":24,"enemies":"2 Thieves","floor":21,"turns":5},{"damage":9,"enemies":"Centurion and Healer","floor":22,"turns":9},{"damage":43,"enemies":"Gremlin Leader","floor":23,"turns":11}],"seed_played":"4191032836759800215","potions_obtained":[{"floor":1,"key":"Poison Potion"},{"floor":7,"key":"SteroidPotion"},{"floor":10,"key":"Fire Potion"},{"floor":12,"key":"Fire Potion"},{"floor":17,"key":"AttackPotion"},{"floor":18,"key":"Regen Potion"}],"is_trial":false,"path_per_floor":["M","?","$","M","?","R","E","?","T","E","?","M","$","M","R","B",null,"M","?","?","M","M"],"character_chosen":"THE_SILENT","items_purchased":[],"campfire_rested":1,"item_purchase_floors":[],"current_hp_per_floor":[67,56,56,56,56,56,46,29,29,17,9,9,9,9,30,30,75,74,74,74,50,41,0],"gold":518,"neow_bonus":"RANDOM_COMMON_RELIC","is_prod":false,"is_daily":false,"chose_seed":false,"campfire_upgraded":1,"win_rate":0,"timestamp":1531977752,"path_taken":["M","?","$","M","?","R","E","?","T","E","?","?","$","M","R","BOSS","M","?","?","?","M","E"],"build_version":"2018-07-12","purchased_purges":2,"victory":false,"max_hp_per_floor":[70,70,70,70,70,70,70,70,70,70,70,70,70,70,70,70,75,75,75,75,75,75,75],"card_choices":[{"not_picked":["Predator","Well Laid Plans"],"picked":"Dodge and Roll","floor":1},{"not_picked":["Deflect","Outmaneuver"],"picked":"Blur","floor":4},{"not_picked":["Quick Slash","Prepared"],"picked":"Deadly Poison","floor":7},{"not_picked":["Setup","Heel Hook","PiercingWail"],"picked":"SKIP","floor":10},{"not_picked":["Dodge and Roll","Skewer"],"picked":"Backflip","floor":12},{"not_picked":["Quick Slash","Prepared"],"picked":"Concentrate","floor":14},{"not_picked":["A Thousand Cuts","Night Terror"],"picked":"Burst","floor":16},{"not_picked":["Flying Knee","Expertise"],"picked":"Dagger Throw","floor":17},{"not_picked":["Outmaneuver","Dagger Throw+1"],"picked":"Well Laid Plans+1","floor":18},{"not_picked":["Blur","Endless Agony"],"picked":"Cloak And Dagger+1","floor":21},{"not_picked":["Slice","Leg Sweep+1"],"picked":"Underhanded Strike+1","floor":22}],"player_experience":156014,"relics_obtained":[{"floor":7,"key":"Bronze Scales"},{"floor":9,"key":"Ornamental Fan"},{"floor":10,"key":"Paper Crane"},{"floor":11,"key":"Odd Mushroom"}],"event_choices":[{"event_name":"World of Goop","player_choice":"Gather Gold","floor":2,"damage_taken":0},{"event_name":"Purifier","player_choice":"One Purge","floor":5,"damage_taken":0},{"event_name":"Golden Idol","player_choice":"Take Damage","floor":8,"damage_taken":0},{"event_name":"Mushrooms","player_choice":"Fought Mushrooms","floor":11,"damage_taken":0},{"event_name":"Nest","player_choice":"Stole From Cult","floor":19,"damage_taken":0},{"event_name":"The Mausoleum","player_choice":"Yes","floor":20,"damage_taken":0}],"boss_relics":[{"not_picked":["Lizard Tail","Snecko Eye"],"picked":"Tiny House"}],"items_purged_floors":[3,13],"is_endless":false,"potions_floor_spawned":[1,7,10,12,18],"killed_by":"Gremlin Leader","ascension_level":2}