{"gold_per_floor":[11,11,35,47,59,92,92,104,104,116,0,16,28,56,56,154,154,170,170,170,184,104,104,114,146,199,244,256,268,290,315,327,339],"floor_reached":33,"playtime":1664,"items_purged":["Pain","Strike_R"],"score":324,"play_id":"4348e787-a185-4309-aa2b-f7ff38783728","local_time":"20181023215757","is_ascension_mode":false,"campfire_choices":[{"data":"Bludgeon","floor":7,"key":"SMITH"},{"data":"Searing Blow","floor":15,"key":"SMITH"},{"data":"Searing Blow+1","floor":23,"key":"SMITH"},{"data":"Searing Blow+2","floor":28,"key":"SMITH"},{"data":"Searing Blow+3","floor":32,"key":"SMITH"}],"neow_cost":"NO_GOLD","seed_source_timestamp":35546200747020,"circlet_count":0,"master_deck":["Strike_R","Strike_R","Strike_R","Defend_R","Defend_R+1","Defend_R","Defend_R+1","Bash","Bludgeon+1","Iron Wave","Iron Wave","Feed","Searing Blow+4","Bludgeon+1","Carnage+1","Shockwave","Second Wind","Thunderclap"],"relics":["Burning Blood","WarpedTongs","War Paint","Bottled Lightning","The Courier","Lantern","Runic Dome","Nilry\u0027s Codex","Unceasing Top","MawBank","Paper Frog"],"potions_floor_usage":[14,16,18,24,25,33],"damage_taken":[{"damage":0,"enemies":"Cultist","floor":1,"turns":3},{"damage":3,"enemies":"Jaw Worm","floor":4,"turns":4},{"damage":0,"enemies":"2 Louse","floor":5,"turns":2},{"damage":21,"enemies":"3 Sentries","floor":6,"turns":8},{"damage":1,"enemies":"Blue Slaver","floor":8,"turns":2},{"damage":3,"enemies":"Large Slime","floor":10,"turns":4},{"damage":0,"enemies":"Gremlin Gang","floor":12,"turns":5},{"damage":11,"enemies":"Red Slaver","floor":13,"turns":5},{"damage":21,"enemies":"Lagavulin","floor":14,"turns":5},{"damage":34,"enemies":"Slime Boss","floor":16,"turns":9},{"damage":0,"enemies":"Shell Parasite","floor":18,"turns":3},{"damage":0,"enemies":"Chosen","floor":21,"turns":3},{"damage":10,"enemies":"Shelled Parasite and Fungi","floor":24,"turns":3},{"damage":18,"enemies":"Book of Stabbing","floor":25,"turns":3},{"damage":34,"enemies":"Gremlin Leader","floor":27,"turns":5},{"damage":1,"enemies":"Snecko","floor":30,"turns":3},{"damage":18,"enemies":"Sentry and Sphere","floor":31,"turns":5},{"damage":60,"enemies":"Automaton","floor":33,"turns":6}],"seed_played":"-7280360415551654927","potions_obtained":[{"floor":4,"key":"Poison Potion"},{"floor":8,"key":"GamblersBrew"},{"floor":13,"key":"SkillPotion"},{"floor":14,"key":"EssenceOfSteel"},{"floor":16,"key":"Block Potion"},{"floor":18,"key":"SteroidPotion"},{"floor":24,"key":"Energy Potion"},{"floor":27,"key":"Strength Potion"}],"is_trial":false,"path_per_floor":["M","?","T","M","M","E","R","M","T","M","$","M","M","E","R","B",null,"M","?","?","M","$","R","M","E","T","E","R","?","M","M","R"],"character_chosen":"IRONCLAD","items_purchased":["Feed"],"campfire_rested":0,"item_purchase_floors":[11],"current_hp_per_floor":[80,80,80,80,80,65,65,70,70,73,73,82,81,70,70,46,95,95,79,79,85,85,85,84,75,75,50,50,50,55,43,43,0],"gold":339,"neow_bonus":"THREE_RARE_CARDS","is_prod":false,"is_daily":false,"chose_seed":false,"campfire_upgraded":5,"win_rate":0,"timestamp":1540303077,"path_taken":["M","?","?","M","M","E","R","M","T","M","$","?","M","E","R","BOSS","M","?","?","M","$","R","M","E","T","E","R","?","M","M","R","BOSS"],"build_version":"2018-10-18","purchased_purges":2,"victory":false,"max_hp_per_floor":[80,80,80,80,80,80,80,80,80,80,80,83,87,91,91,95,95,95,95,95,95,95,95,98,101,101,104,104,104,104,104,104,104],"card_choices":[{"not_picked":["Brutality","Dark Embrace"],"picked":"Bludgeon","floor":0},{"not_picked":["Wild Strike","Power Through"],"picked":"Iron Wave","floor":1},{"not_picked":["Wild Strike","Anger","Disarm"],"picked":"SKIP","floor":4},{"not_picked":["True Grit","Warcry","Headbutt"],"picked":"SKIP","floor":5},{"not_picked":["Warcry","Dual Wield","Flex"],"picked":"SKIP","floor":6},{"not_picked":["Clash","Sentinel","Havoc"],"picked":"SKIP","floor":8},{"not_picked":["Offering","Evolve"],"picked":"Iron Wave","floor":10},{"not_picked":["Cleave","Clothesline"],"picked":"Searing Blow","floor":12},{"not_picked":["Iron Wave","Warcry","Perfected Strike"],"picked":"SKIP","floor":13},{"not_picked":["Flame Barrier","Heavy Blade","Entrench"],"picked":"SKIP","floor":14},{"not_picked":["Bloodletting","Battle Trance+1","Wild Strike"],"picked":"SKIP","floor":18},{"not_picked":["Entrench+1","Iron Wave"],"picked":"Carnage+1","floor":21},{"not_picked":["Inflame","Iron Wave","Flex"],"picked":"SKIP","floor":24},{"not_picked":["Perfected Strike","Thunderclap","Armaments"],"picked":"SKIP","floor":25},{"not_picked":["Reckless Charge","Clothesline"],"picked":"Shockwave","floor":27},{"not_picked":["Body Slam","Shrug It Off","Flex+1"],"picked":"SKIP","floor":30},{"not_picked":["Headbutt","Anger"],"picked":"Thunderclap","floor":31}],"player_experience":337255,"relics_obtained":[{"floor":3,"key":"War Paint"},{"floor":6,"key":"Bottled Lightning"},{"floor":9,"key":"The Courier"},{"floor":14,"key":"Lantern"},{"floor":19,"key":"Nilry\u0027s Codex"},{"floor":25,"key":"Unceasing Top"},{"floor":26,"key":"MawBank"},{"floor":27,"key":"Paper Frog"}],"event_choices":[{"damage_healed":0,"gold_gain":0,"player_choice":"Rummage","damage_taken":0,"relics_obtained":["WarpedTongs"],"max_hp_gain":0,"max_hp_loss":0,"event_name":"Accursed Blacksmith","floor":2,"gold_loss":0,"cards_obtained":["Pain"]},{"damage_healed":0,"gold_gain":0,"player_choice":"Obtained Book","damage_taken":16,"max_hp_gain":0,"max_hp_loss":0,"event_name":"Cursed Tome","floor":19,"gold_loss":0},{"damage_healed":0,"gold_gain":0,"player_choice":"Copied","damage_taken":0,"max_hp_gain":0,"max_hp_loss":0,"event_name":"Duplicator","floor":20,"gold_loss":0,"cards_obtained":["Bludgeon"]},{"damage_healed":0,"gold_gain":0,"cards_transformed":["Strike_R"],"player_choice":"Transformed","damage_taken":0,"max_hp_gain":0,"max_hp_loss":0,"event_name":"Transmorgrifier","floor":29,"gold_loss":0,"cards_obtained":["Second Wind"]}],"is_beta":false,"boss_relics":[{"not_picked":["Black Star","Lizard Tail"],"picked":"Runic Dome"}],"items_purged_floors":[11,22],"is_endless":false,"potions_floor_spawned":[4,8,13,14,16,18,24,27,31],"killed_by":"Automaton","ascension_level":0}