{"gold_per_floor":[111,186,186,0,11,11,45,62,62,81,81,92,104,115,115,190,190,205,217,217,227,4,29,29,29,29,29],"floor_reached":27,"playtime":746,"items_purged":["Strike_R"],"score":620,"play_id":"68306f0e-2530-410b-9e33-3767d85bbf6d","local_time":"20190521141446","is_ascension_mode":true,"campfire_choices":[{"data":"Body Slam","floor":6.0,"key":"SMITH"},{"data":"Body Slam","floor":11.0,"key":"SMITH"},{"data":"Flame Barrier","floor":15.0,"key":"SMITH"}],"neow_cost":"NONE","seed_source_timestamp":5287379248153,"circlet_count":0,"master_deck":["AscendersBane","Strike_R","Strike_R","Strike_R","Strike_R","Defend_R","Defend_R","Defend_R","Bash","Sword Boomerang","Body Slam+1","Ghostly Armor","Intimidate","Shrug It Off","Body Slam+1","Flame Barrier+1","Inflame","Dual Wield","Impervious","Dual Wield","Impervious"],"special_seed":0,"relics":["Burning Blood","NeowsBlessing","Meat on the Bone","Omamori","Busted Crown","Self Forming Clay","DollysMirror","Orichalcum","Shuriken"],"potions_floor_usage":[18,27],"damage_taken":[{"damage":0.0,"enemies":"Small Slimes","floor":1.0,"turns":1.0},{"damage":0.0,"enemies":"Jaw Worm","floor":5.0,"turns":1.0},{"damage":0.0,"enemies":"Lagavulin","floor":7.0,"turns":1.0},{"damage":0.0,"enemies":"Cultist","floor":8.0,"turns":3.0},{"damage":6.0,"enemies":"Exordium Wildlife","floor":10.0,"turns":6.0},{"damage":8.0,"enemies":"Blue Slaver","floor":12.0,"turns":4.0},{"damage":8.0,"enemies":"Lots of Slimes","floor":13.0,"turns":5.0},{"damage":21.0,"enemies":"Exordium Thugs","floor":14.0,"turns":6.0},{"damage":0.0,"enemies":"Slime Boss","floor":16.0,"turns":9.0},{"damage":35,"enemies":"Chosen","floor":18,"turns":6},{"damage":24,"enemies":"2 Thieves","floor":19,"turns":4},{"damage":11,"enemies":"Snake Plant","floor":21,"turns":4},{"damage":18,"enemies":"Book of Stabbing","floor":23,"turns":5},{"damage":4,"enemies":"Gremlin Leader","floor":27,"turns":4}],"seed_played":"-264039294343543911","potions_obtained":[{"floor":1.0,"key":"SpeedPotion"},{"floor":5.0,"key":"Dexterity Potion"},{"floor":10.0,"key":"Block Potion"},{"floor":14.0,"key":"PowerPotion"},{"floor":18,"key":"EssenceOfSteel"},{"floor":23,"key":"GamblersBrew"}],"is_trial":false,"path_per_floor":["M","?","?","$","M","R","E","M","T","M","R","M","M","M","R","B",null,"M","M","?","M","$","E","?","?","T","E"],"character_chosen":"IRONCLAD","items_purchased":["Body Slam","Ghostly Armor","DollysMirror"],"campfire_rested":0,"item_purchase_floors":[4,4,22],"current_hp_per_floor":[74,63,56,56,62,62,68,74,74,74,74,72,70,55,55,61,72,55,49,49,44,44,44,44,33,33,29],"gold":29,"neow_bonus":"THREE_ENEMY_KILL","is_prod":false,"is_daily":false,"chose_seed":false,"campfire_upgraded":3,"win_rate":0,"timestamp":1558440886,"path_taken":["M","?","?","$","M","R","E","M","T","M","R","M","M","M","R","BOSS","M","M","?","?","$","E","?","?","T","E"],"build_version":"2019-01-23","purchased_purges":1,"victory":false,"max_hp_per_floor":[75,75,75,75,75,75,75,75,75,75,75,75,75,75,75,75,75,75,75,75,75,75,75,75,75,75,75],"card_choices":[{"not_picked":["Ghostly Armor","Corruption"],"picked":"Sword Boomerang","floor":1.0},{"not_picked":["Whirlwind","True Grit"],"picked":"Intimidate","floor":5.0},{"not_picked":["True Grit","Bloodletting"],"picked":"Shrug It Off","floor":7.0},{"not_picked":["Clothesline","Hemokinesis","Headbutt"],"picked":"SKIP","floor":8.0},{"not_picked":["Headbutt","Wild Strike"],"picked":"Body Slam","floor":10.0},{"not_picked":["Wild Strike","Second Wind"],"picked":"Flame Barrier","floor":12.0},{"not_picked":["Power Through","Sword Boomerang"],"picked":"Inflame","floor":13.0},{"not_picked":["Iron Wave","Rampage"],"picked":"Dual Wield","floor":14.0},{"not_picked":["Offering","Dark Embrace"],"picked":"Impervious","floor":16.0},{"not_picked":[],"picked":"Dual Wield","floor":18},{"not_picked":["True Grit"],"picked":"SKIP","floor":19},{"not_picked":["Combust"],"picked":"SKIP","floor":21},{"not_picked":["Twin Strike"],"picked":"SKIP","floor":23}],"player_experience":892945,"relics_obtained":[{"floor":7.0,"key":"Meat on the Bone"},{"floor":9.0,"key":"Omamori"},{"floor":23,"key":"Orichalcum"},{"floor":26,"key":"Shuriken"}],"event_choices":[{"damage_healed":0.0,"max_hp_gain":0.0,"max_hp_loss":0.0,"gold_gain":75.0,"event_name":"World of Goop","player_choice":"Gather Gold","floor":2.0,"gold_loss":0.0,"damage_taken":11.0},{"cards_removed":["Defend_R"],"damage_healed":0.0,"max_hp_gain":0.0,"max_hp_loss":0.0,"gold_gain":0.0,"event_name":"Golden Wing","player_choice":"Card Removal","floor":3.0,"gold_loss":0.0,"damage_taken":7.0},{"damage_healed":0,"gold_gain":0,"player_choice":"Gave Potion","damage_taken":0,"relics_obtained":["Self Forming Clay"],"max_hp_gain":0,"max_hp_loss":0,"event_name":"WeMeetAgain","floor":20,"gold_loss":0},{"damage_healed":0,"gold_gain":0,"player_choice":"Ignored","damage_taken":0,"max_hp_gain":0,"max_hp_loss":0,"event_name":"Beggar","floor":24,"gold_loss":0},{"damage_healed":0,"gold_gain":0,"player_choice":"Damaged","damage_taken":11,"max_hp_gain":0,"max_hp_loss":0,"event_name":"Wheel of Change","floor":25,"gold_loss":0}],"is_beta":false,"boss_relics":[{"not_picked":["Astrolabe","Fusion Hammer"],"picked":"Busted Crown"}],"items_purged_floors":[4],"is_endless":false,"potions_floor_spawned":[1,5,10,14,18,23],"killed_by":"Gremlin Leader","ascension_level":20}