{"gold_per_floor":[119,394,412,9,29,29,56,56,107,118,145,163,163,163,163,163],"floor_reached":16,"playtime":354,"items_purged":["Regret"],"score":220,"play_id":"d59ca747-abf5-4642-a990-ca288c14a563","local_time":"20181127135257","is_ascension_mode":true,"campfire_choices":[{"data":"Cleave","floor":6,"key":"SMITH"},{"data":"Bash","floor":8,"key":"SMITH"},{"data":"Pummel","floor":13,"key":"SMITH"},{"floor":15,"key":"REST"}],"neow_cost":"NONE","seed_source_timestamp":93809581010238,"circlet_count":0,"master_deck":["AscendersBane","Strike_R","Strike_R","Strike_R","Strike_R","Strike_R","Defend_R","Defend_R","Defend_R","Defend_R","Bash+1","Cleave+1","Twin Strike","Ghostly Armor+1","Pummel+1"],"relics":["Burning Blood","Bronze Scales","Toxic Egg 2","Strawberry","Happy Flower","Art of War","PreservedInsect"],"potions_floor_usage":[7,11],"damage_taken":[{"damage":9,"enemies":"Jaw Worm","floor":1,"turns":4},{"damage":6,"enemies":"Cultist","floor":3,"turns":3},{"damage":0,"enemies":"2 Louse","floor":5,"turns":2},{"damage":33,"enemies":"Lagavulin","floor":7,"turns":7},{"damage":5,"enemies":"Red Slaver","floor":10,"turns":4},{"damage":23,"enemies":"3 Sentries","floor":11,"turns":7},{"damage":0,"enemies":"Blue Slaver","floor":12,"turns":3},{"damage":65,"enemies":"The Guardian","floor":16,"turns":11}],"seed_played":"-2118485499835784296","potions_obtained":[{"floor":1,"key":"EssenceOfSteel"},{"floor":7,"key":"PowerPotion"},{"floor":10,"key":"Ancient Potion"}],"is_trial":false,"path_per_floor":["M","?","M","$","M","R","E","R","T","M","E","M","R","?","R","B"],"character_chosen":"IRONCLAD","items_purchased":["Toxic Egg 2","Twin Strike"],"campfire_rested":1,"item_purchase_floors":[4,4],"current_hp_per_floor":[65,65,65,65,71,71,51,51,51,52,35,41,41,41,65,0],"gold":163,"neow_bonus":"RANDOM_COMMON_RELIC","is_prod":false,"is_daily":false,"chose_seed":false,"campfire_upgraded":3,"win_rate":0,"timestamp":1543323177,"path_taken":["M","?","M","$","M","R","E","R","T","M","E","?","R","?","R","BOSS"],"build_version":"2018-11-15","purchased_purges":1,"victory":false,"max_hp_per_floor":[75,75,75,75,75,75,82,82,82,82,82,82,82,82,82,82],"card_choices":[{"not_picked":["Seeing Red","Clothesline"],"picked":"Cleave","floor":1},{"not_picked":["Warcry","Metallicize","Rupture"],"picked":"SKIP","floor":3},{"not_picked":["Dropkick","Intimidate+1"],"picked":"Ghostly Armor+1","floor":5},{"not_picked":["Clothesline","Body Slam"],"picked":"Pummel","floor":7},{"not_picked":["Warcry+1","Sword Boomerang","True Grit+1"],"picked":"SKIP","floor":10},{"not_picked":["Pommel Strike","Dark Embrace","Twin Strike"],"picked":"SKIP","floor":11},{"not_picked":["Cleave","Iron Wave","Havoc+1"],"picked":"SKIP","floor":12}],"player_experience":777681,"relics_obtained":[{"floor":7,"key":"Strawberry"},{"floor":9,"key":"Happy Flower"},{"floor":11,"key":"Art of War"}],"event_choices":[{"damage_healed":0,"gold_gain":275,"player_choice":"Desecrate","damage_taken":0,"max_hp_gain":0,"max_hp_loss":0,"event_name":"Golden Shrine","floor":2,"gold_loss":0,"cards_obtained":["Regret"]},{"damage_healed":0,"gold_gain":0,"player_choice":"Gave Potion","damage_taken":0,"relics_obtained":["PreservedInsect"],"max_hp_gain":0,"max_hp_loss":0,"event_name":"WeMeetAgain","floor":14,"gold_loss":0}],"is_beta":true,"boss_relics":[],"items_purged_floors":[4],"is_endless":false,"potions_floor_spawned":[1,7,10],"killed_by":"The Guardian","ascension_level":20}