{"gold_per_floor":[113,130,140,140,159,184,109,137,188,219,219,236,253,264,264,368,368,386,401,419,419,518,544,558,583,583,583,583,594,614,645,645,744,744,759,322,372,392,392,425,425,458,534,564,574,594,594,605,605,605],"floor_reached":51,"playtime":5847,"items_purged":["Strike_B"],"score":921,"play_id":"6e11fefa-6885-483a-8f66-45f271744a16","local_time":"20180705001107","is_ascension_mode":false,"campfire_choices":[{"floor":15.0,"key":"REST"},{"floor":32.0,"key":"REST"},{"floor":41.0,"key":"REST"},{"data":"Chaos","floor":47.0,"key":"SMITH"},{"data":"Consume","floor":49,"key":"SMITH"}],"neow_cost":"","seed_source_timestamp":8642153614786,"circlet_count":0,"master_deck":["Strike_B","Defend_B","Defend_B","Defend_B","Zap","Dualcast","Chaos+1","Gash","Melter","Sweeping Beam","Glacier","Go for the Eyes","Chaos+1","Conserve Battery","Reboot","Go for the Eyes","Beam Cell","Sweeping Beam","Biased Cognition","Redo+1","Compile Driver+1","Aggregate+1","Lockon+1","Reboot","Chaos+1","Sweeping Beam","White Noise","All For One","Cold Snap+1","Beam Cell","Madness","Go for the Eyes+1","Compile Driver+1","Madness","Madness","Consume+1","Echo Form","Ball Lightning+1","Coolheaded+1","Go for the Eyes+1","FTL+1"],"special_seed":0,"relics":["Cracked Core","Strawberry","Ornamental Fan","Happy Flower","Blood Vial","Runic Pyramid","Letter Opener","Bag of Marbles","Ancient Tea Set","Pen Nib","Orichalcum","Inserter","Thread and Needle","Torii","Bottled Lightning","Regal Pillow","Bottled Tornado","Centennial Puzzle"],"potions_floor_usage":[50,50],"damage_taken":[{"damage":1.0,"enemies":"Cultist","floor":1.0,"turns":4.0},{"damage":5.0,"enemies":"Small Slimes","floor":2.0,"turns":3.0},{"damage":0.0,"enemies":"2 Louse","floor":3.0,"turns":2.0},{"damage":9.0,"enemies":"2 Fungi Beasts","floor":5.0,"turns":3.0},{"damage":4.0,"enemies":"Gremlin Nob","floor":6.0,"turns":4.0},{"damage":26.0,"enemies":"3 Sentries","floor":8.0,"turns":5.0},{"damage":6.0,"enemies":"Lagavulin","floor":10.0,"turns":6.0},{"damage":0.0,"enemies":"Blue Slaver","floor":12.0,"turns":2.0},{"damage":0.0,"enemies":"Gremlin Gang","floor":13.0,"turns":3.0},{"damage":0.0,"enemies":"Looter","floor":14.0,"turns":2.0},{"damage":15.0,"enemies":"The Guardian","floor":16.0,"turns":11.0},{"damage":13.0,"enemies":"2 Thieves","floor":18.0,"turns":4.0},{"damage":3.0,"enemies":"Shell Parasite","floor":19.0,"turns":4.0},{"damage":0.0,"enemies":"Cultist and Chosen","floor":20.0,"turns":7.0},{"damage":27.0,"enemies":"Gremlin Leader","floor":23.0,"turns":6.0},{"damage":6.0,"enemies":"3 Cultists","floor":24.0,"turns":4.0},{"damage":4.0,"enemies":"Book of Stabbing","floor":25.0,"turns":5.0},{"damage":9.0,"enemies":"Snake Plant","floor":29.0,"turns":4.0},{"damage":0.0,"enemies":"Sentry and Sphere","floor":30.0,"turns":3.0},{"damage":17.0,"enemies":"Gremlin Leader","floor":31.0,"turns":5.0},{"damage":25.0,"enemies":"Automaton","floor":33.0,"turns":8.0},{"damage":8.0,"enemies":"3 Darklings","floor":35.0,"turns":4.0},{"damage":17.0,"floor":37.0,"turns":4.0},{"damage":0.0,"enemies":"3 Shapes","floor":38.0,"turns":3.0},{"damage":0.0,"enemies":"Nemesis","floor":40.0,"turns":4.0},{"damage":0.0,"enemies":"Giant Head","floor":42.0,"turns":6.0},{"damage":1.0,"enemies":"Nemesis","floor":44.0,"turns":5.0},{"damage":0.0,"enemies":"3 Darklings","floor":45.0,"turns":3.0},{"damage":0.0,"enemies":"4 Shapes","floor":46.0,"turns":3.0},{"damage":0,"enemies":"Sphere and 2 Shapes","floor":48,"turns":3},{"damage":1,"enemies":"Awakened One","floor":50,"turns":9}],"seed_played":"8304495133160210901","potions_obtained":[{"floor":1.0,"key":"Dexterity Potion"},{"floor":3.0,"key":"Dexterity Potion"},{"floor":5.0,"key":"AttackPotion"},{"floor":8.0,"key":"Ancient Potion"},{"floor":10.0,"key":"Fire Potion"},{"floor":13.0,"key":"Regen Potion"},{"floor":16.0,"key":"Ancient Potion"},{"floor":18.0,"key":"Fire Potion"},{"floor":20.0,"key":"Regen Potion"},{"floor":24.0,"key":"Fruit Juice"},{"floor":29.0,"key":"Fire Potion"},{"floor":31.0,"key":"Energy Potion"},{"floor":33.0,"key":"Ancient Potion"},{"floor":37.0,"key":"Fire Potion"},{"floor":42.0,"key":"AttackPotion"},{"floor":45.0,"key":"Ancient Potion"},{"floor":48,"key":"SkillPotion"}],"is_trial":false,"path_per_floor":["M","M","M","?","M","E","$","E","T","E","?","M","M","M","R","B",null,"M","M","M","?","?","E","M","E","T","?","?","M","M","E","R","B",null,"M","$","?","M","?","E","R","E","T","E","M","M","R","M","R","B"],"character_chosen":"DEFECT","items_purchased":["Beam Cell","Madness","Thread and Needle"],"campfire_rested":3,"item_purchase_floors":[],"current_hp_per_floor":[67,62,62,62,53,56,56,30,30,24,24,26,28,30,52,39,75,62,61,63,63,63,38,34,37,37,37,37,42,44,29,53,30,80,72,72,57,59,49,51,75,77,77,78,80,80,80,80,80,79],"gold":605,"neow_bonus":"","is_prod":false,"is_daily":false,"chose_seed":false,"campfire_upgraded":2,"win_rate":0,"timestamp":1530720667,"path_taken":["M","M","M","?","M","E","$","E","T","E","?","M","M","?","R","BOSS","M","M","M","?","?","E","M","E","T","?","?","?","M","E","R","BOSS","M","$","?","M","?","E","R","E","T","E","M","M","R","M","R","BOSS"],"build_version":"2018-06-28","purchased_purges":1,"victory":true,"max_hp_per_floor":[68,68,68,68,68,75,75,75,75,75,75,75,75,75,75,75,75,75,75,75,75,75,75,75,80,80,80,80,80,80,80,80,80,80,80,80,80,80,80,80,80,80,80,80,80,80,80,80,80,80],"card_choices":[{"not_picked":["Beam Cell","Turbo"],"picked":"Melter","floor":1.0},{"not_picked":["Consume","Aggregate","Streamline"],"picked":"SKIP","floor":2.0},{"not_picked":["Steam","Tempest"],"picked":"Sweeping Beam","floor":3.0},{"not_picked":["Beam Cell","Scrape"],"picked":"Glacier","floor":5.0},{"not_picked":["Capacitor","Force Field"],"picked":"Go for the Eyes","floor":6.0},{"not_picked":["Sweeping Beam","Amplify"],"picked":"Chaos","floor":8.0},{"not_picked":["Barrage","Machine Learning"],"picked":"Conserve Battery","floor":10.0},{"not_picked":["Rip and Tear","Reprogram"],"picked":"Go for the Eyes","floor":12.0},{"not_picked":["Aggregate","Darkness"],"picked":"Beam Cell","floor":13.0},{"not_picked":["Lockon","Reinforced Body"],"picked":"Sweeping Beam","floor":14.0},{"not_picked":["Echo Form","Thunder Strike"],"picked":"Biased Cognition","floor":16.0},{"not_picked":["Coolheaded","Steam"],"picked":"Redo+1","floor":18.0},{"not_picked":["Aggregate+1","Rebound"],"picked":"Compile Driver+1","floor":19.0},{"not_picked":["Cold Snap","BootSequence"],"picked":"Aggregate+1","floor":20.0},{"not_picked":["Reprogram","Genetic Algorithm","Compile Driver"],"picked":"SKIP","floor":23.0},{"not_picked":["Force Field","Stack"],"picked":"Lockon+1","floor":24.0},{"not_picked":["Storm+1","Seek"],"picked":"Reboot","floor":25.0},{"not_picked":["Chill","Barrage"],"picked":"Sweeping Beam","floor":29.0},{"not_picked":["Undo","Lockon"],"picked":"White Noise","floor":30.0},{"not_picked":["Leap","Glacier","Electrodynamics"],"picked":"SKIP","floor":31.0},{"not_picked":["Reboot","Amplify"],"picked":"All For One","floor":33.0},{"not_picked":["Streamline+1","Redo"],"picked":"Cold Snap+1","floor":35.0},{"not_picked":["Stack+1","Darkness"],"picked":"Go for the Eyes+1","floor":37.0},{"not_picked":["Hello World+1","Auto Shields+1"],"picked":"Compile Driver+1","floor":38.0},{"not_picked":["Genetic Algorithm","Compile Driver"],"picked":"Consume","floor":40.0},{"not_picked":["Compile Driver","Hologram+1"],"picked":"Echo Form","floor":42.0},{"not_picked":["Glacier+1","Steam+1"],"picked":"Ball Lightning+1","floor":44.0},{"not_picked":["Genetic Algorithm","Barrage+1"],"picked":"Coolheaded+1","floor":45.0},{"not_picked":["Beam Cell","Multi-Cast"],"picked":"Go for the Eyes+1","floor":46.0},{"not_picked":["Gash","Skim"],"picked":"FTL+1","floor":48}],"player_experience":66006,"relics_obtained":[{"floor":6.0,"key":"Strawberry"},{"floor":8.0,"key":"Ornamental Fan"},{"floor":9.0,"key":"Happy Flower"},{"floor":10.0,"key":"Blood Vial"},{"floor":23.0,"key":"Bag of Marbles"},{"floor":25.0,"key":"Ancient Tea Set"},{"floor":26.0,"key":"Pen Nib"},{"floor":31.0,"key":"Orichalcum"},{"floor":37.0,"key":"Torii"},{"floor":40.0,"key":"Bottled Lightning"},{"floor":42.0,"key":"Regal Pillow"},{"floor":43.0,"key":"Bottled Tornado"},{"floor":44.0,"key":"Centennial Puzzle"}],"event_choices":[{"event_name":"Upgrade Shrine","player_choice":"Upgraded","floor":4.0,"damage_taken":0.0},{"event_name":"Match and Keep!","player_choice":"1 cards matched","floor":11.0,"damage_taken":0.0},{"event_name":"The Mausoleum","player_choice":"Yes","floor":21.0,"damage_taken":0.0},{"event_name":"Nest","player_choice":"Stole From Cult","floor":22.0,"damage_taken":0.0},{"event_name":"Duplicator","player_choice":"One dupe","floor":27.0,"damage_taken":0.0},{"event_name":"Back to Basics","player_choice":"Elegance","floor":28.0,"damage_taken":0.0},{"event_name":"Mysterious Sphere","player_choice":"Fight","floor":37.0,"damage_taken":0.0},{"event_name":"Winding Halls","player_choice":"Embrace Madness","floor":39.0,"damage_taken":0.0}],"boss_relics":[{"not_picked":["Busted Crown","Philosopher\u0027s Stone"],"picked":"Runic Pyramid"},{"not_picked":["Empty Cage","Astrolabe"],"picked":"Inserter"}],"items_purged_floors":[],"is_endless":false,"potions_floor_spawned":[1,3,5,8,10,13,16,18,20,24,29,31,33,37,38,42,45,48],"ascension_level":0}