{"path_per_floor":["M","M","M","M","?","E","?","?","T","R","M","E","T","M","R","B",null,"M","$","M","?","?","E","R","E","T","M","M","$","R","$","R","B",null,"M","?","$","?","M","R","M","?","T","$","M","R","$","M","R"],"character_chosen":"DEFECT","items_purchased":["Defragment","Leap","Go for the Eyes","Pen Nib","Capacitor","Streamline","Gash"],"gold_per_floor":[112,124,142,153,153,191,191,191,191,191,205,244,244,259,259,382,382,397,8,33,33,33,73,73,112,136,155,176,25,25,25,25,153,153,178,178,0,0,16,16,40,40,40,0,20,20,20,35,35,35],"floor_reached":50,"campfire_rested":1,"playtime":2326,"current_hp_per_floor":[74,74,72,68,50,37,37,37,47,47,48,24,24,19,44,3,65,65,65,53,42,42,42,42,40,40,31,33,33,33,33,33,10,34,35,30,30,30,32,32,34,34,34,34,36,36,36,42,42,0],"items_purged":["Normality","Pain","Regret"],"gold":35,"score":719,"play_id":"a732263c-bc00-4bf1-84b6-f614c79d4ce9","local_time":"20180511010102","is_prod":false,"is_daily":false,"chose_seed":false,"is_ascension_mode":true,"campfire_upgraded":7,"timestamp":1525993262,"path_taken":["M","M","?","M","?","E","?","?","T","R","?","E","?","M","R","BOSS","M","$","M","?","?","E","R","E","T","M","M","$","R","?","R","BOSS","M","?","$","?","M","R","M","?","T","?","M","R","$","M","R","BOSS"],"build_version":"2018-05-10","seed_source_timestamp":46061683217870,"purchased_purges":3,"victory":false,"master_deck":["Strike_B","Strike_B","Defend_B","Defend_B","Defend_B","Defend_B","Zap+1","Dualcast","Cold Snap","Gash","Defragment+1","Ball Lightning","Reboot+1","Streamline+1","Reboot+1","White Noise+1","Defragment+1","Leap+1","Go for the Eyes","Axe Kick+1","Ghostly+1","Ghostly+1","Ghostly+1","Ghostly+1","Ghostly+1","Seek+1","Lockon","Ball Lightning+1","Streamline+1","Capacitor+1","Buffer+1","Skim+1","Madness+1","Madness+1","Streamline+1","Steam Power+1","Beam Cell+1","Doubt","Gash","Axe Kick+1","Streamline+1"],"max_hp_per_floor":[75,75,75,75,75,75,75,75,85,85,85,85,85,85,85,85,85,85,85,85,42,42,42,42,42,42,42,42,42,42,42,42,42,42,42,42,42,42,42,42,42,42,42,42,42,42,42,42,42,42],"relics":["Cracked Core","Golden Idol","Mercury Hourglass","Question Card","Blood Vial","Pear","Toxic Egg 2","Dodecahedron","Cursed Key","Pen Nib","Bag of Preparation","Sundial","Lantern","Philosopher\u0027s Stone","Toolbox"],"card_choices":[{"not_picked":["Axe Kick","Barrage"],"picked":"Cold Snap","floor":1},{"not_picked":["Rip and Tear","Hyperbeam"],"picked":"Gash","floor":2},{"not_picked":["Leap","Stack"],"picked":"Defragment","floor":3},{"not_picked":["Go for the Eyes","Gash","Rebound"],"picked":"Ball Lightning","floor":11},{"not_picked":["Coolheaded","Axe Kick","Hello World"],"picked":"Reboot","floor":12},{"not_picked":["Skim","Steam Power","Capacitor"],"picked":"Streamline","floor":14},{"not_picked":["Biased Cognition","Hyperbeam","Creative AI"],"picked":"Reboot","floor":16},{"not_picked":["Steam Power","Aggregate","Chill"],"picked":"White Noise","floor":18},{"not_picked":["Undo","Steam","Genetic Algorithm"],"picked":"Axe Kick","floor":20},{"not_picked":["Stack","Hello World","Capacitor"],"picked":"Seek","floor":23},{"not_picked":["Ball Lightning","Redo","Turbo"],"picked":"Lockon","floor":25},{"not_picked":["Heatsinks","Redo","Auto Shields"],"picked":"Ball Lightning","floor":27},{"not_picked":["Impulse","Stack","Cold Snap"],"picked":"Streamline","floor":28},{"not_picked":["Creative AI","Fusion","Seek"],"picked":"Buffer","floor":33},{"not_picked":["Hologram","Coolheaded","Doom and Gloom"],"picked":"Skim","floor":35},{"not_picked":["Ball Lightning","Static Discharge","Rebound"],"picked":"Steam Power","floor":39},{"not_picked":["Turbo","Rebound","Steam"],"picked":"Beam Cell","floor":41},{"not_picked":["Hologram","Reprogram","Undo"],"picked":"Axe Kick","floor":45},{"not_picked":["Undo","Gash","Ball Lightning"],"picked":"Streamline","floor":48}],"player_experience":118561,"potions_floor_usage":[6,12,14,16,20,25,33,50],"damage_taken":[{"damage":1,"enemies":"Cultist","floor":1,"turns":3},{"damage":0,"enemies":"2 Louse","floor":2,"turns":3},{"damage":2,"enemies":"Jaw Worm","floor":3,"turns":3},{"damage":4,"enemies":"Looter","floor":4,"turns":3},{"damage":13,"enemies":"Lagavulin","floor":6,"turns":7},{"damage":1,"enemies":"Large Slime","floor":11,"turns":4},{"damage":26,"enemies":"3 Sentries","floor":12,"turns":4},{"damage":7,"enemies":"Gremlin Gang","floor":14,"turns":4},{"damage":43,"enemies":"The Guardian","floor":16,"turns":11},{"damage":2,"enemies":"Spheric Guardian","floor":18,"turns":3},{"damage":14,"enemies":"2 Thieves","floor":20,"turns":4},{"damage":0,"enemies":"Book of Stabbing","floor":23,"turns":5},{"damage":2,"enemies":"Slavers","floor":25,"turns":5},{"damage":11,"enemies":"Snake Plant","floor":27,"turns":3},{"damage":0,"enemies":"Centurion and Healer","floor":28,"turns":4},{"damage":25,"enemies":"Champ","floor":33,"turns":7},{"damage":1,"enemies":"3 Shapes","floor":35,"turns":4},{"damage":0,"enemies":"Orb Walker","floor":39,"turns":2},{"damage":0,"enemies":"4 Shapes","floor":41,"turns":4},{"damage":0,"enemies":"Flame Bruiser 2 Orb","floor":45,"turns":3},{"damage":0,"enemies":"Maw","floor":48,"turns":6},{"damage":58,"enemies":"Time Eater","floor":50,"turns":9}],"event_choices":[{"event_name":"Golden Idol","player_choice":"Take Damage","floor":5,"damage_taken":0},{"event_name":"Big Fish","player_choice":"Box","floor":7,"damage_taken":0},{"event_name":"Accursed Blacksmith","player_choice":"Rummage","floor":8,"damage_taken":0},{"event_name":"Ghosts","player_choice":"Became a Ghost","floor":21,"damage_taken":0},{"event_name":"Drug Dealer","player_choice":"Ignored","floor":22,"damage_taken":0},{"event_name":"Winding Halls","player_choice":"Embrace Madness","floor":36,"damage_taken":0},{"event_name":"Purifier","player_choice":"One Purge","floor":42,"damage_taken":0}],"boss_relics":[{"not_picked":["Calling Bell","Runic Pyramid"],"picked":"Cursed Key"},{"not_picked":["Eternal Feather","Snecko Eye"],"picked":"Philosopher\u0027s Stone"}],"potions_floor_spawned":[2,3,11,14,16,18,27,28,41,48],"seed_played":"3532056962675087390","killed_by":"Time Eater","ascension_level":5,"is_trial":false}