{"gold_per_floor":[18,29,29,41,60,60,90,110,191,203,219,219,219,247,247,342,392,409,50,61,80,98,98,110,126,126,126,140,65,90,102,102,102],"floor_reached":33,"playtime":1868,"items_purged":[],"score":285,"play_id":"ebfd7fe0-89eb-4f6c-b04e-ebfffac7b292","local_time":"20180804191003","is_ascension_mode":false,"campfire_choices":[{"data":"Iron Wave","floor":6.0,"key":"SMITH"},{"data":"Bash","floor":13.0,"key":"SMITH"},{"data":"Iron Wave","floor":15.0,"key":"SMITH"},{"data":"Strike_R","floor":23,"key":"PURGE"},{"data":"Strike_R","floor":27,"key":"PURGE"},{"floor":32,"key":"REST"}],"neow_cost":"NO_GOLD","seed_source_timestamp":1007854249949,"circlet_count":0,"master_deck":["Strike_R","Strike_R","Defend_R","Defend_R","Bash+1","Clash","Iron Wave+1","Iron Wave+1","Dropkick","Juggernaut+1","Metallicize","Flex","Shrug It Off","Inflame+1","Dropkick","Inflame","Battle Trance"],"special_seed":0,"relics":["Burning Blood","Sundial","Mummified Hand","Du-Vu Doll","Tiny House","Peace Pipe","Shuriken","Regal Pillow"],"potions_floor_usage":[21,25,31,33],"damage_taken":[{"damage":3.0,"enemies":"2 Louse","floor":1.0,"turns":4.0},{"damage":6.0,"enemies":"Jaw Worm","floor":2.0,"turns":2.0},{"damage":0.0,"enemies":"Cultist","floor":4.0,"turns":2.0},{"damage":4.0,"enemies":"2 Fungi Beasts","floor":5.0,"turns":3.0},{"damage":13.0,"enemies":"Gremlin Nob","floor":7.0,"turns":4.0},{"damage":14.0,"enemies":"Exordium Wildlife","floor":8.0,"turns":3.0},{"damage":4.0,"enemies":"Red Slaver","floor":10.0,"turns":4.0},{"damage":4.0,"enemies":"2 Fungi Beasts","floor":11.0,"turns":3.0},{"damage":24.0,"enemies":"Lagavulin","floor":14.0,"turns":4.0},{"damage":15.0,"enemies":"Slime Boss","floor":16.0,"turns":15.0},{"damage":23,"enemies":"2 Thieves","floor":18,"turns":5},{"damage":3,"enemies":"Chosen","floor":20,"turns":3},{"damage":0,"enemies":"Snecko","floor":21,"turns":5},{"damage":4,"enemies":"Snake Plant","floor":22,"turns":3},{"damage":19,"enemies":"Sentry and Sphere","floor":24,"turns":4},{"damage":23,"enemies":"Centurion and Healer","floor":25,"turns":6},{"damage":17,"enemies":"Slaver and Parasite","floor":28,"turns":4},{"damage":34,"enemies":"Slavers","floor":30,"turns":6},{"damage":35,"enemies":"Snecko","floor":31,"turns":7},{"damage":60,"enemies":"Collector","floor":33,"turns":6}],"seed_played":"-8171165629331455828","potions_obtained":[{"floor":1.0,"key":"FairyPotion"},{"floor":2.0,"key":"SkillPotion"},{"floor":7.0,"key":"Regen Potion"},{"floor":8.0,"key":"PowerPotion"},{"floor":17.0,"key":"Swift Potion"},{"floor":24,"key":"SneckoOil"},{"floor":25,"key":"Fire Potion"}],"is_trial":false,"path_per_floor":["M","M","?","M","M","R","E","M","T","M","M","?","R","E","R","B",null,"M","$","M","M","M","R","M","M","T","R","M","?","E","M","R"],"character_chosen":"IRONCLAD","items_purchased":["Peace Pipe","Flex"],"campfire_rested":1,"item_purchase_floors":[19,19],"current_hp_per_floor":[80,80,85,85,85,85,78,70,70,72,74,74,74,56,56,47,90,73,73,76,82,84,84,71,54,54,54,43,43,15,10,52,0],"gold":102,"neow_bonus":"REMOVE_TWO","is_prod":false,"is_daily":false,"chose_seed":false,"campfire_upgraded":3,"win_rate":0,"timestamp":1533381003,"path_taken":["M","M","?","?","M","R","E","M","T","M","M","?","R","E","R","BOSS","M","$","M","M","M","R","M","M","T","R","M","?","E","M","R","BOSS"],"build_version":"2018-08-02","purchased_purges":0,"victory":false,"max_hp_per_floor":[80,80,85,85,85,85,85,85,85,85,85,85,85,85,85,85,90,90,90,90,90,90,90,90,90,90,90,90,90,90,90,90,90],"card_choices":[{"not_picked":["Carnage","Pommel Strike"],"picked":"Clash","floor":1.0},{"not_picked":["Disarm","True Grit","Sentinel"],"picked":"SKIP","floor":2.0},{"not_picked":["Sword Boomerang","Entrench","Seeing Red"],"picked":"SKIP","floor":4.0},{"not_picked":["Sentinel","Havoc"],"picked":"Iron Wave","floor":5.0},{"not_picked":["Headbutt","Burning Pact"],"picked":"Iron Wave","floor":7.0},{"not_picked":["Intimidate","Rampage"],"picked":"Dropkick","floor":8.0},{"not_picked":["Warcry","Fire Breathing","Wild Strike"],"picked":"SKIP","floor":10.0},{"not_picked":["Dark Embrace","Warcry","Pommel Strike"],"picked":"SKIP","floor":11.0},{"not_picked":["Sever Soul","Warcry","Dual Wield"],"picked":"SKIP","floor":14.0},{"not_picked":["Dark Embrace","Demon Form"],"picked":"Juggernaut","floor":16.0},{"not_picked":["Combust","Headbutt"],"picked":"Metallicize","floor":17.0},{"not_picked":["Cleave","Rupture","Ghostly Armor"],"picked":"SKIP","floor":18},{"not_picked":["Inflame","Clothesline+1"],"picked":"Shrug It Off","floor":20},{"not_picked":["Headbutt","Havoc"],"picked":"Inflame+1","floor":21},{"not_picked":["Spot Weakness+1","Sentinel","Seeing Red"],"picked":"SKIP","floor":22},{"not_picked":["Heavy Blade","Flame Barrier"],"picked":"Dropkick","floor":24},{"not_picked":["Rampage","Corruption"],"picked":"Inflame","floor":25},{"not_picked":["Uppercut","Searing Blow","Pommel Strike+1"],"picked":"SKIP","floor":28},{"not_picked":["Corruption","Heavy Blade+1"],"picked":"Battle Trance","floor":30},{"not_picked":["Sword Boomerang","Twin Strike+1","Reckless Charge"],"picked":"SKIP","floor":31}],"player_experience":259210,"relics_obtained":[{"floor":7.0,"key":"Sundial"},{"floor":9.0,"key":"Mummified Hand"},{"floor":14.0,"key":"Du-Vu Doll"},{"floor":26,"key":"Shuriken"},{"floor":30,"key":"Regal Pillow"}],"event_choices":[{"event_name":"Big Fish","player_choice":"Donut","floor":3.0,"damage_taken":0.0},{"event_name":"Liars Game","player_choice":"disagreed","floor":12.0,"damage_taken":0.0},{"event_name":"Beggar","player_choice":"Gave Gold","floor":29,"damage_taken":0}],"is_beta":false,"boss_relics":[{"not_picked":["Lizard Tail","Orrery"],"picked":"Tiny House"}],"items_purged_floors":[],"is_endless":false,"potions_floor_spawned":[1,2,7,8,14,18,24,25,28],"killed_by":"Collector","ascension_level":0}