{"gold_per_floor":[214,139,159,59,77,77,97,110,135,135,135,10,10,35,35,140,140],"floor_reached":17,"playtime":305,"items_purged":["Defend_R","Defend_R","Defend_R"],"score":155,"play_id":"14e36b1b-2646-4a08-b4ef-2ef974c5eedb","local_time":"20191020003438","is_ascension_mode":false,"campfire_choices":[{"data":"Bash","floor":6,"key":"SMITH"},{"floor":10,"key":"REST"},{"floor":13,"key":"REST"},{"floor":15,"key":"REST"}],"neow_cost":"NONE","seed_source_timestamp":221505968159738,"circlet_count":0,"master_deck":["Strike_R","Strike_R","Strike_R","Strike_R","Strike_R","Defend_R","Bash+1","Clash+1","Flex"],"relics":["Burning Blood","Dream Catcher","Akabeko","Velvet Choker"],"potions_floor_usage":[7,16],"damage_taken":[{"damage":0,"enemies":"Small Slimes","floor":1,"turns":4},{"damage":1,"enemies":"Cultist","floor":3,"turns":3},{"damage":2,"enemies":"2 Louse","floor":5,"turns":3},{"damage":24,"enemies":"Exordium Thugs","floor":7,"turns":3},{"damage":28,"enemies":"Exordium Wildlife","floor":8,"turns":5},{"damage":31,"enemies":"Lagavulin","floor":14,"turns":4},{"damage":51,"enemies":"The Guardian","floor":16,"turns":6}],"seed_played":"-3361351402480123967","potions_obtained":[{"floor":1,"key":"LiquidBronze"},{"floor":3,"key":"AttackPotion"},{"floor":8,"key":"Block Potion"},{"floor":16,"key":"Explosive Potion"}],"is_trial":false,"path_per_floor":["M","$","M","$","M","R","M","M","T","R","?","$","R","E","R","B",null],"character_chosen":"IRONCLAD","items_purchased":[],"campfire_rested":3,"item_purchase_floors":[],"current_hp_per_floor":[80,80,80,80,80,80,62,40,40,64,64,64,80,55,79,34,80],"gold":140,"neow_bonus":"HUNDRED_GOLD","is_prod":false,"is_daily":false,"chose_seed":false,"campfire_upgraded":1,"win_rate":0,"timestamp":1571524478,"path_taken":["M","$","M","$","M","R","M","M","T","R","?","$","R","E","R","BOSS"],"build_version":"2019-10-18","purchased_purges":3,"victory":false,"max_hp_per_floor":[80,80,80,80,80,80,80,80,80,80,80,80,80,80,80,80,80],"card_choices":[{"not_picked":["Sever Soul","True Grit","Clash"],"picked":"SKIP","floor":1},{"not_picked":["Rupture","True Grit","Dark Embrace"],"picked":"SKIP","floor":3},{"not_picked":["True Grit","Disarm","Rage"],"picked":"SKIP","floor":5},{"not_picked":["Infernal Blade","Blood for Blood","Twin Strike"],"picked":"SKIP","floor":7},{"not_picked":["True Grit","Fire Breathing","Evolve"],"picked":"SKIP","floor":8},{"not_picked":["Wild Strike","Thunderclap"],"picked":"Clash","floor":10},{"not_picked":["Spot Weakness","Twin Strike","Reckless Charge"],"picked":"SKIP","floor":14},{"not_picked":["Iron Wave","Thunderclap"],"picked":"Flex","floor":15}],"player_experience":858607,"relics_obtained":[{"floor":9,"key":"Dream Catcher"},{"floor":14,"key":"Akabeko"}],"event_choices":[{"damage_healed":0,"gold_gain":0,"player_choice":"Upgraded","damage_taken":0,"max_hp_gain":0,"max_hp_loss":0,"event_name":"Upgrade Shrine","floor":11,"gold_loss":0,"cards_upgraded":["Clash"]}],"is_beta":true,"boss_relics":[{"not_picked":["Runic Pyramid","Busted Crown"],"picked":"Velvet Choker"}],"items_purged_floors":[2,4,12],"is_endless":false,"potions_floor_spawned":[1,3,8,16],"ascension_level":0}