{"gold_per_floor":[109,129,79,79,30,30,59,59,59,124,138,138,149,167,167,270,270,280,295,320,220,319,319,346,346,346,346,256,66,80,93,93,189,189,202,202,215,44,90,124,124,149,198,198,216,244,38,48,48,48],"floor_reached":51,"playtime":3355,"items_purged":["Strike_B"],"score":1077,"play_id":"000f4860-d599-43d2-b236-2b4d91816c61","local_time":"20181112234156","is_ascension_mode":true,"campfire_choices":[{"data":"Zap","floor":6.0,"key":"SMITH"},{"data":"Dualcast","floor":8.0,"key":"SMITH"},{"floor":12.0,"key":"REST"},{"floor":15.0,"key":"REST"},{"data":"Self Repair","floor":23.0,"key":"SMITH"},{"data":"Scrape","floor":25.0,"key":"SMITH"},{"data":"Scrape","floor":32,"key":"SMITH"},{"data":"FTL","floor":41,"key":"SMITH"},{"data":"White Noise","floor":44,"key":"SMITH"},{"floor":49,"key":"REST"}],"neow_cost":"PERCENT_DAMAGE","seed_source_timestamp":3154549355761,"circlet_count":0,"master_deck":["Defend_B","Defend_B","Defend_B","Zap+1","Dualcast+1","Gash","Gash+1","Gash","Cold Snap","FTL+1","White Noise+1","Compile Driver","BootSequence","All For One","Self Repair+1","Sweeping Beam","Leap","Scrape+1","Scrape+1","Violence","Hologram+1","Machine Learning+1","Electrodynamics+1","Gash+1","Gash","Gash+1","Gash+1"],"special_seed":0,"relics":["FrozenCore","NlothsMask","Gremlin Horn","Tiny Chest","Lantern","Question Card","Frozen Egg 2","White Beast Statue","DataDisk","Bag of Marbles","Gambling Chip","PreservedInsect","Molten Egg 2","Centennial Puzzle","Sundial","Oddly Smooth Stone"],"potions_floor_usage":[33,35,42,45,46,50,50,50],"damage_taken":[{"damage":2.0,"enemies":"Jaw Worm","floor":1.0,"turns":4.0},{"damage":1.0,"enemies":"2 Louse","floor":2.0,"turns":3.0},{"damage":30.0,"enemies":"3 Sentries","floor":7.0,"turns":6.0},{"damage":13.0,"enemies":"Lagavulin","floor":10.0,"turns":5.0},{"damage":0.0,"enemies":"Cultist","floor":11.0,"turns":2.0},{"damage":0.0,"enemies":"Exordium Thugs","floor":13.0,"turns":4.0},{"damage":11.0,"enemies":"Blue Slaver","floor":14.0,"turns":3.0},{"damage":29.0,"enemies":"The Guardian","floor":16.0,"turns":8.0},{"damage":0.0,"enemies":"3 Byrds","floor":18.0,"turns":2.0},{"damage":0.0,"enemies":"Spheric Guardian","floor":19.0,"turns":3.0},{"damage":7.0,"enemies":"Gremlin Leader","floor":24.0,"turns":4.0},{"damage":6,"enemies":"3 Cultists","floor":30,"turns":4},{"damage":5,"enemies":"Snake Plant","floor":31,"turns":4},{"damage":6,"enemies":"Automaton","floor":33,"turns":5},{"damage":5,"enemies":"3 Shapes","floor":35,"turns":3},{"damage":0,"enemies":"Orb Walker","floor":37,"turns":2},{"damage":33,"enemies":"2 Orb Walkers","floor":39,"turns":5},{"damage":0,"enemies":"Reptomancer","floor":40,"turns":3},{"damage":0,"enemies":"Giant Head","floor":42,"turns":5},{"damage":37,"enemies":"Writhing Mass","floor":45,"turns":3},{"damage":41,"enemies":"Nemesis","floor":46,"turns":5},{"damage":10,"enemies":"Spire Growth","floor":48,"turns":3},{"damage":18,"enemies":"Donu and Deca","floor":50,"turns":4}],"seed_played":"-7555808732529803059","potions_obtained":[{"floor":10.0,"key":"Explosive Potion"},{"floor":11.0,"key":"GamblersBrew"},{"floor":13.0,"key":"Weak Potion"},{"floor":24.0,"key":"EssenceOfSteel"},{"floor":33,"key":"AttackPotion"},{"floor":35,"key":"Energy Potion"},{"floor":37,"key":"FocusPotion"},{"floor":39,"key":"Swift Potion"},{"floor":40,"key":"PowerPotion"},{"floor":42,"key":"Regen Potion"},{"floor":45,"key":"SteroidPotion"},{"floor":46,"key":"Poison Potion"}],"is_trial":false,"path_per_floor":["M","M","?","?","$","R","E","R","T","E","M","R","M","M","R","B",null,"M","M","T","$","?","R","E","R","T","?","?","$","M","M","R","B",null,"M","T","M","$","?","E","R","E","T","R","M","E","$","M","R","B",null],"character_chosen":"DEFECT","items_purchased":["Gash","Leap","Violence","Gash","Bag of Marbles","Oddly Smooth Stone","Dexterity Potion"],"campfire_rested":3,"item_purchase_floors":[5,21,29,38,38,47,47],"current_hp_per_floor":[48,47,47,47,47,47,17,17,17,4,4,26,26,15,37,8,58,58,65,65,65,65,65,68,68,68,68,68,68,72,67,67,61,72,75,75,75,75,52,62,62,72,72,72,55,36,36,36,58,50],"gold":48,"neow_bonus":"REMOVE_TWO","is_prod":false,"is_daily":false,"chose_seed":false,"campfire_upgraded":7,"win_rate":0,"timestamp":1542037316,"path_taken":["M","M","?","?","$","R","E","R","T","E","M","R","?","M","R","BOSS","M","M","?","$","?","R","E","R","T","?","?","$","M","M","R","BOSS","M","?","M","$","?","E","R","E","T","R","M","E","$","M","R","BOSS"],"build_version":"2018-11-08","purchased_purges":1,"victory":true,"max_hp_per_floor":[75,75,75,75,75,75,75,75,75,75,75,75,75,75,75,75,75,75,75,75,75,75,75,75,75,75,75,75,75,75,75,75,75,75,75,75,75,75,75,75,75,75,75,75,75,75,75,75,75,75],"card_choices":[{"not_picked":["Streamline","Compile Driver"],"picked":"Gash","floor":1.0},{"not_picked":["Reprogram","Fusion"],"picked":"Gash","floor":2.0},{"not_picked":["Streamline","Double Energy"],"picked":"Cold Snap","floor":7.0},{"not_picked":["Capacitor","Compile Driver"],"picked":"FTL","floor":10.0},{"not_picked":["Compile Driver","Ball Lightning"],"picked":"White Noise","floor":11.0},{"not_picked":["Fission","Barrage"],"picked":"Compile Driver","floor":13.0},{"not_picked":["Ball Lightning","Double Energy"],"picked":"BootSequence","floor":14.0},{"not_picked":["Machine Learning","Thunder Strike"],"picked":"All For One","floor":16.0},{"not_picked":["Redo","Coolheaded"],"picked":"Self Repair","floor":18.0},{"not_picked":["Chaos","Melter"],"picked":"Sweeping Beam","floor":19.0},{"not_picked":["Storm","Heatsinks"],"picked":"Scrape","floor":24.0},{"not_picked":["Coolheaded+1","Loop+1","Steam Power"],"picked":"Hologram+1","floor":30},{"not_picked":["Sweeping Beam+1","Recycle","Barrage"],"picked":"Machine Learning+1","floor":31},{"not_picked":["Buffer+1","Seek","All For One"],"picked":"Electrodynamics+1","floor":33},{"not_picked":["Blizzard+1","Hello World+1","Cold Snap+1","Rebound"],"picked":"SKIP","floor":35},{"not_picked":["BootSequence+1","Chill+1","Streamline+1"],"picked":"Gash+1","floor":37},{"not_picked":["Electrodynamics+1","Static Discharge+1","Coolheaded+1"],"picked":"Gash+1","floor":39},{"not_picked":["Darkness+1","Hello World+1","Steam Power+1","Steam+1"],"picked":"SKIP","floor":40},{"not_picked":["Go for the Eyes","Steam","Steam Power","Blizzard+1"],"picked":"SKIP","floor":42},{"not_picked":["Cold Snap+1","Turbo+1","Aggregate","Redo"],"picked":"SKIP","floor":45},{"not_picked":["Buffer+1","Tempest+1","Scrape+1"],"picked":"Gash+1","floor":46},{"not_picked":["Barrage+1","White Noise","Sweeping Beam+1","Skim"],"picked":"SKIP","floor":48}],"player_experience":419042,"relics_obtained":[{"floor":7.0,"key":"Gremlin Horn"},{"floor":10.0,"key":"Tiny Chest"},{"floor":20.0,"key":"Lantern"},{"floor":24.0,"key":"Question Card"},{"floor":26.0,"key":"Frozen Egg 2"},{"floor":36,"key":"DataDisk"},{"floor":39,"key":"Gambling Chip"},{"floor":40,"key":"PreservedInsect"},{"floor":42,"key":"Molten Egg 2"},{"floor":43,"key":"Centennial Puzzle"},{"floor":46,"key":"Sundial"}],"event_choices":[{"cards_removed":["Strike_B"],"damage_healed":0.0,"max_hp_gain":0.0,"max_hp_loss":0.0,"gold_gain":0.0,"event_name":"The Cleric","player_choice":"Card Removal","floor":3.0,"gold_loss":50.0,"damage_taken":0.0},{"damage_healed":0.0,"max_hp_gain":0.0,"max_hp_loss":0.0,"gold_gain":0.0,"event_name":"FaceTrader","player_choice":"Trade","floor":4.0,"gold_loss":0.0,"damage_taken":0.0,"relics_obtained":["NlothsMask"]},{"damage_healed":0.0,"max_hp_gain":0.0,"max_hp_loss":0.0,"gold_gain":99.0,"event_name":"Nest","player_choice":"Stole From Cult","floor":22.0,"gold_loss":0.0,"damage_taken":0.0},{"damage_healed":0.0,"max_hp_gain":0.0,"max_hp_loss":0.0,"gold_gain":0.0,"event_name":"The Library","player_choice":"Read","floor":27.0,"gold_loss":0.0,"damage_taken":0.0,"cards_obtained":["Scrape"]},{"cards_removed":["Strike_B"],"damage_healed":0.0,"max_hp_gain":0.0,"max_hp_loss":0.0,"gold_gain":0.0,"event_name":"Designer","player_choice":"Upgrade and Remove","floor":28.0,"gold_loss":90.0,"damage_taken":0.0,"cards_upgraded":["Gash"]},{"damage_healed":0,"gold_gain":0,"player_choice":"Fight","damage_taken":0,"max_hp_gain":0,"max_hp_loss":0,"event_name":"Mysterious Sphere","floor":39,"gold_loss":0}],"is_beta":false,"boss_relics":[{"not_picked":["Calling Bell","Runic Dome"],"picked":"FrozenCore"},{"not_picked":["Astrolabe","Pandora\u0027s Box"],"picked":"White Beast Statue"}],"items_purged_floors":[21],"is_endless":false,"potions_floor_spawned":[10,11,13,24,33,35,37,39,40,42,45,46,48],"ascension_level":7}