{"gold_per_floor":[118,293,303,303,315,342,357,388,413,427,427,427,443,290,290,415,415,409,409,409,409,420,345,345,376,422,435,455,480,495,530,542,649,661,692,804,831,861,886,898,921,534,534,548,548,132,132,158,158,158],"floor_reached":51,"playtime":4653,"items_purged":["Strike_P","Defend_P+1"],"score":804,"play_id":"a558379b-ff9e-4d75-8dba-858b6cc16150","local_time":"20190922061603","is_ascension_mode":false,"campfire_choices":[{"floor":12.0,"key":"REST"},{"data":"Pray","floor":15.0,"key":"SMITH"},{"data":"Ragnarok","floor":24.0,"key":"SMITH"},{"data":"MentalFortress","floor":32.0,"key":"SMITH"},{"data":"Nirvana","floor":40.0,"key":"SMITH"},{"data":"Prostrate","floor":45.0,"key":"SMITH"},{"data":"JustLucky","floor":47.0,"key":"SMITH"},{"floor":49,"key":"REST"}],"neow_cost":"TEN_PERCENT_HP_LOSS","seed_source_timestamp":0,"circlet_count":0,"master_deck":["Strike_P+1","Defend_P+1","Defend_P+1","Eruption+1","Vigilance+1","LessonLearned+1","CrushJoints+1","Conclude","EmptyFist+1","FlyingSleeves+1","FearNoEvil","JustLucky+1","FollowUp","Pray+1","Swivel+1","Protect","MentalFortress+1","Ragnarok+1","Scrawl+1","Wallop+1","Swivel+1","MentalFortress","MentalFortress+1","FlurryOfBlows","Prostrate+1","CutThroughFate","Weave+1","Nirvana+1","CutThroughFate","EmptyBody","FlowState+1","Halt+1","EmptyFist+1","ThirdEye+1","MentalFortress"],"special_seed":0,"relics":["PureWater","Prayer Wheel","Anchor","Melange","Bloody Idol","Empty Cage","MutagenicStrength","Lantern","Omamori","Bag of Preparation","MawBank","Busted Crown","ClockworkSouvenir","Pen Nib","Pocketwatch","Art of War","Potion Belt","Akabeko"],"potions_floor_usage":[48,48,48,50],"damage_taken":[{"damage":0.0,"enemies":"Small Slimes","floor":1.0,"turns":3.0},{"damage":9.0,"enemies":"Jaw Worm","floor":3.0,"turns":7.0},{"damage":1.0,"enemies":"Cultist","floor":5.0,"turns":3.0},{"damage":14.0,"enemies":"3 Sentries","floor":6.0,"turns":6.0},{"damage":0.0,"enemies":"Lots of Slimes","floor":7.0,"turns":4.0},{"damage":32.0,"enemies":"Lagavulin","floor":8.0,"turns":3.0},{"damage":0.0,"enemies":"Large Slime","floor":10.0,"turns":2.0},{"damage":0.0,"enemies":"Exordium Thugs","floor":13.0,"turns":2.0},{"damage":18.0,"enemies":"Hexaghost","floor":16.0,"turns":14.0},{"damage":2.0,"enemies":"2 Thieves","floor":18.0,"turns":4.0},{"damage":9.0,"enemies":"Shell Parasite","floor":22.0,"turns":6.0},{"damage":0.0,"enemies":"Gremlin Leader","floor":25.0,"turns":4.0},{"damage":8.0,"enemies":"Snake Plant","floor":27.0,"turns":3.0},{"damage":10.0,"enemies":"Centurion and Healer","floor":28.0,"turns":6.0},{"damage":0.0,"enemies":"Shelled Parasite and Fungi","floor":30.0,"turns":2.0},{"damage":8.0,"enemies":"Book of Stabbing","floor":31.0,"turns":6.0},{"damage":25.0,"enemies":"Champ","floor":33.0,"turns":12.0},{"damage":17.0,"enemies":"3 Darklings","floor":35.0,"turns":7.0},{"damage":7.0,"enemies":"Orb Walker","floor":37.0,"turns":5.0},{"damage":4.0,"enemies":"Jaw Worm Horde","floor":38.0,"turns":4.0},{"damage":18.0,"enemies":"Transient","floor":39.0,"turns":5.0},{"damage":0.0,"enemies":"Spire Growth","floor":41.0,"turns":5.0},{"damage":16.0,"enemies":"Writhing Mass","floor":44.0,"turns":6.0},{"damage":27,"enemies":"Reptomancer","floor":48,"turns":4},{"damage":35,"enemies":"Time Eater","floor":50,"turns":11}],"seed_played":"300131697659903542","potions_obtained":[{"floor":3.0,"key":"DuplicationPotion"},{"floor":6.0,"key":"EssenceOfSteel"},{"floor":10.0,"key":"FearPotion"},{"floor":13.0,"key":"Swift Potion"},{"floor":18.0,"key":"Weak Potion"},{"floor":28.0,"key":"Energy Potion"},{"floor":33.0,"key":"Fire Potion"},{"floor":37.0,"key":"LiquidBronze"},{"floor":41.0,"key":"SpeedPotion"},{"floor":44.0,"key":"SkillPotion"}],"is_trial":false,"path_per_floor":["M","?","M","?","M","E","M","E","T","M","?","R","M","$","R","B",null,"M","?","?","?","M","?","R","E","T","M","M","T","M","E","R","B",null,"M","?","M","M","M","R","M","$","T","M","R","$","R","E","R","B",null],"character_chosen":"WATCHER","items_purchased":["MentalFortress","ClockworkSouvenir","Pen Nib","Art of War","Potion Belt","EssenceOfSteel","Block Potion"],"campfire_rested":2,"item_purchase_floors":[14,42,42,46,46,46,46],"current_hp_per_floor":[59,59,50,50,49,35,35,3,3,3,3,19,19,19,19,1,55,53,53,53,53,49,49,49,54,55,52,47,52,55,52,55,35,55,43,53,53,55,42,47,55,55,55,44,44,44,44,22,38,3],"gold":158,"neow_bonus":"THREE_RARE_CARDS","is_prod":false,"is_daily":false,"chose_seed":false,"campfire_upgraded":6,"win_rate":0.0,"timestamp":1569100563,"path_taken":["M","?","M","?","?","E","?","E","T","M","?","R","M","?","R","BOSS","M","?","?","?","M","?","R","E","T","M","?","?","M","E","R","BOSS","M","?","M","?","M","R","M","?","T","M","R","$","R","E","R","BOSS"],"build_version":"2019-09-20","purchased_purges":2,"victory":true,"max_hp_per_floor":[59,59,59,59,59,59,59,59,59,59,55,55,55,55,55,55,55,55,55,55,55,55,55,55,55,55,55,55,55,55,55,55,55,55,55,55,55,55,55,55,55,55,55,55,55,55,55,55,55,55],"card_choices":[{"not_picked":["Wish","Nirvana"],"picked":"LessonLearned","floor":0.0},{"not_picked":["Sanctity","Crescendo"],"picked":"CrushJoints","floor":1.0},{"not_picked":["CleanseEvil","FlyingSleeves"],"picked":"Conclude","floor":3.0},{"not_picked":["WaveOfTheHand","FlurryOfBlows"],"picked":"EmptyFist","floor":5.0},{"not_picked":["EmptyBody","Devotion"],"picked":"FlyingSleeves","floor":6.0},{"not_picked":["Sanctity","FlowState"],"picked":"FearNoEvil","floor":7.0},{"not_picked":["EmptyFist","CutThroughFate"],"picked":"JustLucky","floor":7.0},{"not_picked":["ClearTheMind","Devotion","CutThroughFate"],"picked":"SKIP","floor":8.0},{"not_picked":["WaveOfTheHand","Consecrate"],"picked":"FollowUp","floor":10.0},{"not_picked":["SashWhip","StepAndStrike"],"picked":"Pray","floor":10.0},{"not_picked":["EmptyFist","ClearTheMind"],"picked":"Swivel","floor":13.0},{"not_picked":["EmptyBody","FlyingSleeves"],"picked":"Protect","floor":13.0},{"not_picked":["DevaForm","DeusExMachina"],"picked":"Ragnarok","floor":16.0},{"not_picked":["ThirdEye+1","SashWhip"],"picked":"Scrawl+1","floor":18.0},{"not_picked":["EmptyBody","DeceiveReality","Sanctity"],"picked":"SKIP","floor":18.0},{"not_picked":["CarveReality","ClearTheMind"],"picked":"Wallop","floor":22.0},{"not_picked":["Establishment","Weave"],"picked":"Swivel+1","floor":22.0},{"not_picked":["CrushJoints","Sanctity","CarveReality"],"picked":"SKIP","floor":25.0},{"not_picked":["ClearTheMind+1","FollowUp"],"picked":"MentalFortress","floor":27.0},{"not_picked":["CarveReality","ClearTheMind","Crescendo+1"],"picked":"SKIP","floor":27.0},{"not_picked":["WreathOfFlame","Pray"],"picked":"MentalFortress","floor":28.0},{"not_picked":["CrushJoints","Swivel+1"],"picked":"FlurryOfBlows","floor":28.0},{"not_picked":["Protect","JustLucky"],"picked":"Prostrate","floor":30.0},{"not_picked":["Tantrum","JustLucky"],"picked":"CutThroughFate","floor":30.0},{"not_picked":["SashWhip","Halt"],"picked":"Weave+1","floor":31.0},{"not_picked":["MasterReality","ReachHeaven"],"picked":"Nirvana","floor":33.0},{"not_picked":[],"picked":"CutThroughFate","floor":35.0},{"not_picked":["FlyingSleeves"],"picked":"SKIP","floor":35.0},{"not_picked":[],"picked":"EmptyBody","floor":37.0},{"not_picked":["DeceiveReality+1"],"picked":"SKIP","floor":37.0},{"not_picked":[],"picked":"FlowState+1","floor":38.0},{"not_picked":[],"picked":"Halt+1","floor":38.0},{"not_picked":[],"picked":"EmptyFist+1","floor":39.0},{"not_picked":["EmptyBody"],"picked":"SKIP","floor":39.0},{"not_picked":[],"picked":"ThirdEye+1","floor":41.0},{"not_picked":["ClearTheMind+1"],"picked":"SKIP","floor":41.0},{"not_picked":[],"picked":"MentalFortress","floor":44.0},{"not_picked":["EmptyBody+1"],"picked":"SKIP","floor":44.0},{"not_picked":["Swivel"],"picked":"SKIP","floor":48}],"player_experience":513588,"relics_obtained":[{"floor":6.0,"key":"Prayer Wheel"},{"floor":8.0,"key":"Anchor"},{"floor":9.0,"key":"Melange"},{"floor":25.0,"key":"Lantern"},{"floor":26.0,"key":"Omamori"},{"floor":29.0,"key":"Bag of Preparation"},{"floor":31.0,"key":"MawBank"},{"floor":43.0,"key":"Pocketwatch"},{"floor":48,"key":"Akabeko"}],"event_choices":[{"damage_healed":0.0,"max_hp_gain":0.0,"max_hp_loss":0.0,"gold_gain":175.0,"event_name":"Liars Game","player_choice":"AGREE","floor":2.0,"gold_loss":0.0,"damage_taken":0.0,"cards_obtained":["Doubt"]},{"damage_healed":0.0,"max_hp_gain":0.0,"max_hp_loss":0.0,"gold_gain":0.0,"event_name":"Accursed Blacksmith","player_choice":"Forge","floor":4.0,"gold_loss":0.0,"damage_taken":0.0,"cards_upgraded":["LessonLearned"]},{"damage_healed":0.0,"max_hp_gain":0.0,"max_hp_loss":4.0,"gold_gain":0.0,"event_name":"Golden Idol","player_choice":"Lose Max HP","floor":11.0,"gold_loss":0.0,"damage_taken":0.0,"relics_obtained":["Golden Idol"]},{"damage_healed":0.0,"max_hp_gain":0.0,"max_hp_loss":0.0,"gold_gain":0.0,"event_name":"Forgotten Altar","player_choice":"Gave Idol","floor":19.0,"relics_lost":["Golden Idol"],"gold_loss":0.0,"damage_taken":0.0,"relics_obtained":["Bloody Idol"]},{"damage_healed":0.0,"max_hp_gain":0.0,"max_hp_loss":0.0,"gold_gain":0.0,"event_name":"Drug Dealer","player_choice":"Inject Mutagens","floor":20.0,"gold_loss":0.0,"damage_taken":0.0,"relics_obtained":["MutagenicStrength"]},{"cards_removed":["Defend_P"],"damage_healed":0.0,"max_hp_gain":0.0,"max_hp_loss":0.0,"gold_gain":0.0,"event_name":"Back to Basics","player_choice":"Elegance","floor":21.0,"gold_loss":0.0,"damage_taken":0.0},{"cards_removed":["Strike_P"],"damage_healed":0.0,"max_hp_gain":0.0,"max_hp_loss":0.0,"gold_gain":0.0,"event_name":"Beggar","player_choice":"Gave Gold","floor":23.0,"gold_loss":75.0,"damage_taken":0.0},{"damage_healed":0.0,"max_hp_gain":0.0,"max_hp_loss":0.0,"gold_gain":100.0,"event_name":"Golden Shrine","player_choice":"Pray","floor":36.0,"gold_loss":0.0,"damage_taken":0.0}],"is_beta":true,"boss_relics":[{"not_picked":["Pandora\u0027s Box","Velvet Choker"],"picked":"Empty Cage"},{"not_picked":["Snecko Eye","HolyWater"],"picked":"Busted Crown"}],"items_purged_floors":[14,42],"is_endless":false,"potions_floor_spawned":[3,6,10,13,18,28,33,37,41,44],"ascension_level":0}