{"path_per_floor":["M","M","M","?","M","E","$","E","T","M","M","M","$","M","R","B",null,"M","$","?","M","T","E","R","E","T","R","M","M","?","?","R","B",null,"M","?","M","$","T","E","M","R","T","?","E","M","M","M","R"],"character_chosen":"DEFECT","items_purchased":["Anchor","Capacitor","Capacitor","Bag of Preparation","Lockon"],"gold_per_floor":[115,128,140,197,215,240,67,93,93,113,125,136,91,111,111,210,210,223,5,5,16,16,44,44,71,71,71,83,102,52,52,52,151,151,169,169,189,8,57,90,103,103,128,128,160,178,189,200,200,200],"floor_reached":50,"campfire_rested":3,"playtime":3470,"current_hp_per_floor":[74,73,73,73,56,39,39,48,48,50,52,54,54,56,56,38,75,66,66,66,68,68,52,52,36,36,36,38,27,27,27,49,44,75,64,64,66,66,66,37,38,75,75,66,49,51,53,29,66,0],"items_purged":["Defend_B","Clumsy"],"gold":200,"score":802,"play_id":"66b04a10-56a4-4563-9ae6-57a1695e0789","local_time":"20180508235115","is_prod":false,"is_daily":false,"chose_seed":false,"is_ascension_mode":true,"campfire_upgraded":3,"timestamp":1525816275,"path_taken":["M","M","M","?","M","E","$","E","T","?","M","?","?","M","R","BOSS","M","$","?","?","?","E","R","E","T","R","?","M","?","?","R","BOSS","M","?","M","$","?","E","M","R","T","?","E","M","M","M","R","BOSS"],"build_version":"2018-05-07","seed_source_timestamp":22633084906489,"purchased_purges":2,"victory":false,"master_deck":["Strike_B+1","Strike_B+1","Strike_B+1","Strike_B+1","Defend_B+1","Defend_B+1","Defend_B+1","Zap+1","Dualcast","Cold Snap","Streamline+1","Sweeping Beam","Gash","Ball Lightning","Capacitor","Beam Cell","Go for the Eyes","Beam Cell","Defragment+1","Capacitor","Echo Form","All For One","Defragment+1","Go for the Eyes+1","Ball Lightning+1","Defragment+1","Go for the Eyes","Sweeping Beam","Machine Learning","Capacitor","Defragment","Lockon","Parasite","Barrage+1","Go for the Eyes+1","Decay","Madness","Madness","Skim+1","Skim+1","Beam Cell+1","Skim+1"],"max_hp_per_floor":[75,75,75,75,75,75,75,75,75,75,75,75,75,75,75,75,75,75,75,75,75,75,75,75,75,75,75,75,75,75,75,75,75,75,75,75,75,75,75,75,75,75,75,75,75,75,75,75,75,75],"relics":["Cracked Core","Blood Vial","Orichalcum","Anchor","Emotion Chip","Thread and Needle","Cursed Key","Bag of Preparation","Bottled Flame","Ginger","Torii","Question Card","Lizard Tail","Regal Pillow","Bottled Lightning","Lantern","Symbiotic Virus"],"card_choices":[{"not_picked":["BootSequence","Sunder"],"picked":"Cold Snap","floor":1},{"not_picked":["Beam Cell","Chaos"],"picked":"Streamline","floor":2},{"not_picked":["Sunder","Melter"],"picked":"Sweeping Beam","floor":3},{"not_picked":["Sweeping Beam","Sunder"],"picked":"Gash","floor":5},{"not_picked":["Undo","Turbo"],"picked":"Ball Lightning","floor":6},{"not_picked":["Capacitor","Genetic Algorithm"],"picked":"Beam Cell","floor":8},{"not_picked":["Redo","Chaos"],"picked":"Go for the Eyes","floor":10},{"not_picked":["Leap","Hello World"],"picked":"Beam Cell","floor":11},{"not_picked":["Glacier","Hologram"],"picked":"Defragment","floor":12},{"not_picked":["Consume","Barrage"],"picked":"Echo Form","floor":14},{"not_picked":["Thunder Strike","Fission"],"picked":"All For One","floor":16},{"not_picked":["Barrage","Cold Snap"],"picked":"Go for the Eyes","floor":21},{"not_picked":["Coolheaded","Rebound"],"picked":"Ball Lightning","floor":23},{"not_picked":["Recycle","Turbo"],"picked":"Defragment","floor":25},{"not_picked":["Rebound","White Noise","Chill"],"picked":"Go for the Eyes","floor":28},{"not_picked":["Rebound","Leap","Beam Cell"],"picked":"Sweeping Beam","floor":29},{"not_picked":["Amplify","Rainbow","Prime"],"picked":"Machine Learning","floor":33},{"not_picked":["Impulse","Loop","Leap"],"picked":"Capacitor","floor":35},{"not_picked":["Darkness","Sweeping Beam","Stack"],"picked":"Defragment","floor":37},{"not_picked":["Capacitor","Turbo","Leap"],"picked":"Barrage","floor":40},{"not_picked":["Leap","Loop","Coolheaded"],"picked":"Go for the Eyes","floor":41},{"not_picked":["Rip and Tear","Reboot","Defragment"],"picked":"Skim","floor":45},{"not_picked":["Streamline","Recycle","Barrage"],"picked":"Skim","floor":46},{"not_picked":["Hello World","Streamline","Barrage"],"picked":"Beam Cell","floor":47},{"not_picked":["Self Repair","Axe Kick","Sweeping Beam"],"picked":"Skim","floor":48}],"player_experience":96740,"potions_floor_usage":[8,23,25,25,33,45,50,50],"damage_taken":[{"damage":1,"enemies":"Cultist","floor":1,"turns":3},{"damage":2,"enemies":"Small Slimes","floor":2,"turns":3},{"damage":2,"enemies":"2 Louse","floor":3,"turns":2},{"damage":19,"enemies":"Lots of Slimes","floor":5,"turns":4},{"damage":19,"enemies":"Lagavulin","floor":6,"turns":6},{"damage":0,"enemies":"Gremlin Nob","floor":8,"turns":3},{"damage":0,"enemies":"Gremlin Gang","floor":10,"turns":4},{"damage":0,"enemies":"Exordium Thugs","floor":11,"turns":4},{"damage":0,"enemies":"Looter","floor":12,"turns":2},{"damage":0,"enemies":"Lots of Slimes","floor":14,"turns":3},{"damage":20,"enemies":"Hexaghost","floor":16,"turns":7},{"damage":9,"enemies":"3 Byrds","floor":18,"turns":3},{"damage":0,"enemies":"Shell Parasite","floor":21,"turns":4},{"damage":18,"enemies":"Book of Stabbing","floor":23,"turns":4},{"damage":18,"enemies":"Gremlin Leader","floor":25,"turns":6},{"damage":0,"enemies":"Cultist and Chosen","floor":28,"turns":4},{"damage":13,"enemies":"Slaver and Parasite","floor":29,"turns":5},{"damage":7,"enemies":"Automaton","floor":33,"turns":6},{"damage":11,"enemies":"3 Shapes","floor":35,"turns":3},{"damage":0,"enemies":"Orb Walker","floor":37,"turns":3},{"damage":31,"enemies":"Giant Head","floor":40,"turns":7},{"damage":1,"enemies":"Flame Bruiser 2 Orb","floor":41,"turns":4},{"damage":19,"enemies":"2 Orb Walkers","floor":45,"turns":4},{"damage":0,"enemies":"3 Darklings","floor":46,"turns":3},{"damage":0,"enemies":"4 Shapes","floor":47,"turns":4},{"damage":26,"enemies":"Spire Growth","floor":48,"turns":4},{"damage":119,"enemies":"Awakened One","floor":50,"turns":8}],"event_choices":[{"event_name":"Golden Wing","player_choice":"Gained Gold","floor":4,"damage_taken":0},{"event_name":"Duplicator","player_choice":"One dupe","floor":20,"damage_taken":0},{"event_name":"The Joust","player_choice":"Bet on Murderer","floor":30,"damage_taken":0},{"event_name":"Back to Basics","player_choice":"Simplicity","floor":31,"damage_taken":0},{"event_name":"Purifier","player_choice":"One Purge","floor":36,"damage_taken":0},{"event_name":"Winding Halls","player_choice":"Embrace Madness","floor":44,"damage_taken":0}],"boss_relics":[{"not_picked":["Black Star","Ectoplasm"],"picked":"Cursed Key"},{"not_picked":["Velvet Choker","Philosopher\u0027s Stone"],"picked":"Lizard Tail"}],"potions_floor_spawned":[1,5,6,8,11,18,33,35,37,41,46],"seed_played":"-3609550785555912193","killed_by":"Awakened One","ascension_level":4,"is_trial":false}