{"gold_per_floor":[115,390,401,175,195,223,223,223,247,247,267,296,309,54,54,129,129,140,140,1,19,35,35],"floor_reached":23,"playtime":849,"items_purged":["Regret","Decay"],"score":402,"play_id":"cc96d085-0701-4019-b386-6d200723e2b2","local_time":"20190415123401","is_ascension_mode":true,"campfire_choices":[{"data":"Burst","floor":7.0,"key":"SMITH"},{"floor":15,"key":"REST"}],"neow_cost":"NONE","seed_source_timestamp":348324411951136,"circlet_count":0,"master_deck":["AscendersBane","Defend_G","Defend_G","Defend_G","Defend_G+1","Defend_G","Strike_G","Strike_G","Strike_G","Strike_G","Survivor","Neutralize","Finisher","Cloak And Dagger+1","Footwork","Backstab","Dodge and Roll","Burst+1","Choke","Phantasmal Killer","Accuracy","PiercingWail"],"special_seed":0,"relics":["Ring of the Snake","NeowsBlessing","War Paint","Ancient Tea Set","The Courier","Oddly Smooth Stone","Pen Nib","WristBlade"],"potions_floor_usage":[18,23],"damage_taken":[{"damage":0.0,"enemies":"Jaw Worm","floor":1.0,"turns":1.0},{"damage":0.0,"enemies":"Cultist","floor":3.0,"turns":1.0},{"damage":0.0,"enemies":"2 Louse","floor":5.0,"turns":1.0},{"damage":28.0,"enemies":"Gremlin Nob","floor":6.0,"turns":4.0},{"damage":1.0,"enemies":"Large Slime","floor":11.0,"turns":9.0},{"damage":5,"enemies":"3 Sentries","floor":12,"turns":10},{"damage":0,"enemies":"Lots of Slimes","floor":13,"turns":4},{"damage":38,"enemies":"The Guardian","floor":16,"turns":23},{"damage":0,"enemies":"3 Byrds","floor":18,"turns":3},{"damage":15,"enemies":"Spheric Guardian","floor":21,"turns":7},{"damage":20,"enemies":"Snake Plant","floor":22,"turns":6},{"damage":0,"enemies":"Gremlin Leader","floor":23,"turns":2}],"seed_played":"-569029093290264010","potions_obtained":[{"floor":3.0,"key":"Strength Potion"},{"floor":12,"key":"LiquidBronze"},{"floor":13,"key":"Block Potion"},{"floor":22,"key":"Fire Potion"}],"is_trial":false,"path_per_floor":["M","?","M","$","M","E","R","?","T","?","M","E","M","$","R","B",null,"M","?","$","M","M","E"],"character_chosen":"THE_SILENT","items_purchased":["Footwork","Backstab","Oddly Smooth Stone","Pen Nib","Accuracy"],"campfire_rested":1,"item_purchase_floors":[4,4,14,14,20],"current_hp_per_floor":[59,59,59,59,59,31,31,31,31,31,30,25,25,25,44,6,51,51,51,51,36,16,16],"gold":35,"neow_bonus":"THREE_ENEMY_KILL","is_prod":false,"is_daily":false,"chose_seed":false,"campfire_upgraded":1,"win_rate":0,"timestamp":1555324441,"path_taken":["M","?","?","$","M","E","R","?","T","?","?","E","M","$","R","BOSS","M","?","$","M","M","E"],"build_version":"2019-01-23","purchased_purges":2,"victory":false,"max_hp_per_floor":[66,66,66,66,66,66,66,66,66,66,66,66,66,66,66,66,66,66,66,66,66,66,66],"card_choices":[{"not_picked":["Dagger Throw","Terror"],"picked":"Finisher","floor":1.0},{"not_picked":["Acrobatics","Underhanded Strike"],"picked":"Cloak And Dagger","floor":3.0},{"not_picked":["Expertise","PiercingWail"],"picked":"Dodge and Roll","floor":5.0},{"not_picked":["PiercingWail","Bane"],"picked":"Burst","floor":6.0},{"not_picked":["PiercingWail","Catalyst"],"picked":"Choke","floor":11.0},{"not_picked":["Poisoned Stab","Heel Hook","Quick Slash"],"picked":"SKIP","floor":12},{"not_picked":["Deflect","Slice","Bane"],"picked":"SKIP","floor":13},{"not_picked":["Tools of the Trade","Malaise"],"picked":"Phantasmal Killer","floor":16},{"not_picked":["Quick Slash","Flying Knee","Choke"],"picked":"SKIP","floor":18},{"not_picked":["PiercingWail","Slice","Escape Plan"],"picked":"SKIP","floor":21},{"not_picked":["Expertise","Deadly Poison"],"picked":"PiercingWail","floor":22}],"player_experience":836284,"relics_obtained":[{"floor":6.0,"key":"War Paint"},{"floor":9.0,"key":"Ancient Tea Set"},{"floor":12,"key":"The Courier"}],"event_choices":[{"damage_healed":0.0,"max_hp_gain":0.0,"max_hp_loss":0.0,"gold_gain":275.0,"event_name":"Golden Shrine","player_choice":"Desecrate","floor":2.0,"gold_loss":0.0,"damage_taken":0.0,"cards_obtained":["Regret"]},{"damage_healed":0.0,"max_hp_gain":0.0,"max_hp_loss":0.0,"gold_gain":0.0,"event_name":"Golden Idol","player_choice":"Ignored","floor":8.0,"gold_loss":0.0,"damage_taken":0.0},{"cards_removed":["Strike_G"],"damage_healed":0.0,"max_hp_gain":0.0,"max_hp_loss":0.0,"gold_gain":0.0,"event_name":"Bonfire Elementals","player_choice":"Offered Basic","floor":10.0,"gold_loss":0.0,"damage_taken":0.0},{"damage_healed":0,"gold_gain":0,"player_choice":"Smashed Altar","damage_taken":0,"max_hp_gain":0,"max_hp_loss":0,"event_name":"Forgotten Altar","floor":19,"gold_loss":0,"cards_obtained":["Decay"]}],"is_beta":false,"boss_relics":[{"not_picked":["Lizard Tail","Coffee Dripper"],"picked":"WristBlade"}],"items_purged_floors":[4,20],"is_endless":false,"potions_floor_spawned":[3,12,13,16,22],"killed_by":"Gremlin Leader","ascension_level":20}