{"gold_per_floor":[118,118,142,142,53,124,137,137,186,217,253,271,196,217,217,310,310,324,239,49,49,70,70,70],"floor_reached":24,"playtime":586,"items_purged":["Strike_R","Strike_R"],"score":458,"play_id":"4aafed41-0f91-4cd6-b132-43a489beae3f","local_time":"20190407170752","is_ascension_mode":true,"campfire_choices":[{"data":"Body Slam","floor":8,"key":"SMITH"},{"data":"Body Slam","floor":15,"key":"SMITH"},{"floor":23,"key":"REST"}],"neow_cost":"NONE","seed_source_timestamp":110009333741547,"circlet_count":0,"master_deck":["AscendersBane","Strike_R","Strike_R","Strike_R","Defend_R","Defend_R","Defend_R","Defend_R","Bash","Iron Wave","Body Slam+1","Metallicize","Cleave","Iron Wave","Body Slam+1","Juggernaut+1","Power Through"],"relics":["Burning Blood","NeowsBlessing","Golden Idol","Tiny Chest","Regal Pillow","Odd Mushroom","Pocketwatch","Lizard Tail","Blood Vial"],"potions_floor_usage":[10,16,18],"damage_taken":[{"damage":1,"enemies":"Small Slimes","floor":1,"turns":2},{"damage":0,"enemies":"Jaw Worm","floor":3,"turns":1},{"damage":0,"enemies":"Lagavulin","floor":6,"turns":1},{"damage":3,"enemies":"2 Louse","floor":7,"turns":3},{"damage":11,"enemies":"The Mushroom Lair","floor":10,"turns":5},{"damage":25,"enemies":"3 Sentries","floor":11,"turns":10},{"damage":10,"enemies":"Exordium Wildlife","floor":12,"turns":5},{"damage":0,"enemies":"2 Fungi Beasts","floor":14,"turns":3},{"damage":42,"enemies":"Hexaghost","floor":16,"turns":10},{"damage":24,"enemies":"3 Byrds","floor":18,"turns":4},{"damage":35,"enemies":"Chosen","floor":22,"turns":5},{"damage":0,"enemies":"Snake Plant","floor":24,"turns":1}],"seed_played":"-729573846591502699","potions_obtained":[{"floor":6,"key":"Block Potion"},{"floor":10,"key":"Strength Potion"},{"floor":11,"key":"EssenceOfSteel"},{"floor":16,"key":"Energy Potion"},{"floor":22,"key":"Energy Potion"}],"is_trial":false,"path_per_floor":["M","?","M","?","$","E","M","R","T","?","E","M","$","M","R","B",null,"M","?","$","?","M","R","M"],"character_chosen":"IRONCLAD","items_purchased":["Metallicize","Power Through"],"campfire_rested":1,"item_purchase_floors":[5,20],"current_hp_per_floor":[73,47,53,58,58,64,67,67,67,62,43,39,39,45,45,9,62,44,44,44,44,17,56,58],"gold":70,"neow_bonus":"THREE_ENEMY_KILL","is_prod":false,"is_daily":false,"chose_seed":false,"campfire_upgraded":2,"win_rate":0,"timestamp":1554649672,"path_taken":["M","?","M","?","$","E","M","R","T","?","E","M","$","M","R","BOSS","M","?","$","?","M","R","?"],"build_version":"2019-01-23","purchased_purges":2,"victory":false,"max_hp_per_floor":[75,75,75,80,80,80,80,80,80,80,80,80,80,80,80,80,80,80,80,80,80,80,80,80],"card_choices":[{"not_picked":["Clothesline","Thunderclap"],"picked":"Iron Wave","floor":1},{"not_picked":["Bloodletting","Anger"],"picked":"Body Slam","floor":3},{"not_picked":["Whirlwind","Clash","Evolve"],"picked":"SKIP","floor":6},{"not_picked":["Wild Strike","Pummel"],"picked":"Cleave","floor":7},{"not_picked":["Pommel Strike","Corruption"],"picked":"Iron Wave","floor":10},{"not_picked":["Sword Boomerang","Reckless Charge"],"picked":"Body Slam","floor":11},{"not_picked":["Blood for Blood","Twin Strike","Thunderclap"],"picked":"SKIP","floor":12},{"not_picked":["Perfected Strike","Havoc","Clothesline"],"picked":"SKIP","floor":14},{"not_picked":["Bludgeon","Offering"],"picked":"Juggernaut","floor":16},{"not_picked":["Inflame","Pommel Strike","Intimidate"],"picked":"SKIP","floor":18},{"not_picked":["Havoc","Twin Strike","Flex+1"],"picked":"SKIP","floor":22}],"player_experience":824690,"relics_obtained":[{"floor":6,"key":"Tiny Chest"},{"floor":9,"key":"Regal Pillow"},{"floor":10,"key":"Odd Mushroom"},{"floor":11,"key":"Pocketwatch"}],"event_choices":[{"damage_healed":0,"gold_gain":0,"player_choice":"Take Damage","damage_taken":26,"relics_obtained":["Golden Idol"],"max_hp_gain":0,"max_hp_loss":0,"event_name":"Golden Idol","floor":2,"gold_loss":0},{"damage_healed":0,"gold_gain":0,"player_choice":"Donut","damage_taken":0,"max_hp_gain":5,"max_hp_loss":0,"event_name":"Big Fish","floor":4,"gold_loss":0},{"damage_healed":0,"gold_gain":0,"player_choice":"Fought Mushrooms","damage_taken":0,"max_hp_gain":0,"max_hp_loss":0,"event_name":"Mushrooms","floor":10,"gold_loss":0},{"damage_healed":0,"gold_gain":0,"player_choice":"Obtained Relic","damage_taken":0,"relics_obtained":["Blood Vial"],"max_hp_gain":0,"max_hp_loss":0,"event_name":"Addict","floor":19,"gold_loss":85},{"damage_healed":0,"gold_gain":0,"player_choice":"Upgraded","damage_taken":0,"max_hp_gain":0,"max_hp_loss":0,"event_name":"Upgrade Shrine","floor":21,"gold_loss":0,"cards_upgraded":["Juggernaut"]}],"is_beta":false,"boss_relics":[{"not_picked":["Tiny House","Snecko Eye"],"picked":"Lizard Tail"}],"items_purged_floors":[13,20],"is_endless":false,"potions_floor_spawned":[6,10,11,16,22],"killed_by":"Snake Plant","ascension_level":20}