{"gold_per_floor":[113,132,152,227,192,192,224,224,309,309,342,74,74,7,7,111,111,125,144,144,144,70,70],"floor_reached":23,"playtime":1708,"items_purged":["Regret"],"score":283,"play_id":"5dfaeddf-d785-482f-ab94-7bece12636d5","local_time":"20180728114102","is_ascension_mode":true,"campfire_choices":[{"data":"Zap","floor":6,"key":"SMITH"},{"floor":13,"key":"REST"},{"data":"Capacitor","floor":15,"key":"SMITH"}],"neow_cost":"NONE","seed_source_timestamp":89800523167835,"circlet_count":0,"master_deck":["Strike_B+1","Defend_B+1","Defend_B+1","Defend_B+1","Defend_B+1","Zap+1","Dualcast","Biased Cognition","Consume","Leap","Turbo","Streamline","Steam Power","Seek","Melter","Glacier","Capacitor+1","Fission","Rip and Tear+1","Cold Snap+1","Capacitor+1","Ball Lightning+1","White Noise","Consume","Self Repair"],"relics":["Cracked Core","Juzu Bracelet","Tiny Chest","Dream Catcher","Regal Pillow","Astrolabe"],"potions_floor_usage":[7,11,23],"damage_taken":[{"damage":4,"enemies":"Jaw Worm","floor":1,"turns":3},{"damage":7,"enemies":"2 Louse","floor":2,"turns":2},{"damage":13,"enemies":"Small Slimes","floor":3,"turns":4},{"damage":25,"enemies":"Lagavulin","floor":7,"turns":5},{"damage":24,"enemies":"3 Sentries","floor":11,"turns":7},{"damage":6,"enemies":"The Guardian","floor":16,"turns":13},{"damage":12,"enemies":"Shell Parasite","floor":18,"turns":7},{"damage":13,"enemies":"Chosen","floor":19,"turns":6},{"damage":49,"enemies":"Gremlin Leader","floor":23,"turns":6}],"seed_played":"-805380101592675298","potions_obtained":[{"floor":1,"key":"FearPotion"},{"floor":3,"key":"Strength Potion"},{"floor":7,"key":"PowerPotion"},{"floor":19,"key":"LiquidBronze"}],"is_trial":false,"path_per_floor":["M","M","M","?","?","R","E","?","T","?","E","$","R","$","R","B",null,"M","M","?","?","$"],"character_chosen":"DEFECT","items_purchased":["Seek","Melter","Capacitor","Self Repair"],"campfire_rested":1,"item_purchase_floors":[12,12,14,22],"current_hp_per_floor":[64,57,44,33,51,51,26,26,26,26,9,9,46,46,46,40,66,54,41,41,41,41,0],"gold":70,"neow_bonus":"ONE_RANDOM_RARE_CARD","is_prod":false,"is_daily":false,"chose_seed":false,"campfire_upgraded":2,"win_rate":0,"timestamp":1532770862,"path_taken":["M","M","M","?","?","R","E","?","T","?","E","$","R","$","R","BOSS","M","M","?","?","$","E"],"build_version":"2018-07-26","purchased_purges":1,"victory":false,"max_hp_per_floor":[75,75,75,75,75,75,75,75,75,75,75,75,75,75,75,75,75,75,75,75,75,75,75],"card_choices":[{"not_picked":["White Noise","Coolheaded"],"picked":"Consume","floor":1},{"not_picked":["Rebound","Aggregate"],"picked":"Leap","floor":2},{"not_picked":["Tempest","Redo"],"picked":"Turbo","floor":3},{"not_picked":["Reprogram","Beam Cell"],"picked":"Streamline","floor":7},{"not_picked":["Rebound","Hologram"],"picked":"Steam Power","floor":11},{"not_picked":["Redo","Hyperbeam"],"picked":"Glacier","floor":13},{"not_picked":["Amplify","Core Surge"],"picked":"Fission","floor":16},{"not_picked":["Hologram","Reinforced Body+1"],"picked":"Ball Lightning+1","floor":18},{"not_picked":["Static Discharge","Darkness"],"picked":"White Noise","floor":19}],"player_experience":448970,"relics_obtained":[{"floor":7,"key":"Juzu Bracelet"},{"floor":9,"key":"Tiny Chest"},{"floor":11,"key":"Regal Pillow"}],"event_choices":[{"event_name":"World of Goop","player_choice":"Gather Gold","floor":4,"damage_taken":0},{"event_name":"The Cleric","player_choice":"Healed","floor":5,"damage_taken":0},{"event_name":"The Woman in Blue","player_choice":"Bought 0 Potions","floor":8,"damage_taken":0},{"event_name":"Big Fish","player_choice":"Box","floor":10,"damage_taken":0},{"event_name":"Duplicator","player_choice":"One dupe","floor":20,"damage_taken":0},{"event_name":"Back to Basics","player_choice":"Simplicity","floor":21,"damage_taken":0}],"is_beta":true,"boss_relics":[{"not_picked":["Runic Pyramid","Orrery"],"picked":"Astrolabe"}],"items_purged_floors":[12],"is_endless":false,"potions_floor_spawned":[1,3,7,19],"killed_by":"Gremlin Leader","ascension_level":9}