{"gold_per_floor":[113,288,363,3,3,3,19,33,33,33,33,66,66,86,86,182,182,195,209,209,220,230,257,257,267,267,267,280,297,312,9,9,112,112,129,144,161,176,193,193,193,203,274,274,284,24,24,24,24,24],"floor_reached":51,"playtime":2937,"items_purged":[],"score":922,"play_id":"00038609-aded-4ef9-a68b-41c25d13b124","local_time":"20181113142348","is_ascension_mode":true,"campfire_choices":[{"data":"Strike_R","floor":6.0,"key":"PURGE"},{"data":"Defend_R","floor":10.0,"key":"PURGE"},{"data":"Defend_R","floor":13.0,"key":"PURGE"},{"data":"Strike_R","floor":15.0,"key":"PURGE"},{"data":"Strike_R","floor":24.0,"key":"PURGE"},{"data":"Double Tap","floor":27.0,"key":"SMITH"},{"floor":32.0,"key":"REST"},{"data":"Whirlwind","floor":40.0,"key":"SMITH"},{"data":"Rage","floor":44.0,"key":"SMITH"},{"data":"Battle Trance","floor":47.0,"key":"SMITH"},{"data":"Brutality","floor":49,"key":"SMITH"}],"neow_cost":"NONE","seed_source_timestamp":2307534500104,"circlet_count":0,"master_deck":["Strike_R+1","Strike_R+1","Defend_R+1","Defend_R+1","Bash","Clash","Rage+1","Clash","Clash","Double Tap+1","Inflame+1","Battle Trance+1","Iron Wave+1","Pommel Strike+1","Whirlwind+1","Body Slam+1","Brutality+1","Clash+1","Sword Boomerang+1","Intimidate+1","Finesse","Warcry+1"],"special_seed":0,"relics":["Burning Blood","Strawberry","Peace Pipe","War Paint","Ancient Tea Set","Runic Dome","Enchiridion","Question Card","Sundial","Bag of Marbles","Red Skull","Runic Cube","Molten Egg 2","HandDrill"],"potions_floor_usage":[50,50],"damage_taken":[{"damage":6.0,"enemies":"Jaw Worm","floor":1.0,"turns":5.0},{"damage":0.0,"enemies":"Small Slimes","floor":7.0,"turns":3.0},{"damage":0.0,"enemies":"2 Louse","floor":8.0,"turns":2.0},{"damage":27.0,"enemies":"Lagavulin","floor":12.0,"turns":7.0},{"damage":0.0,"enemies":"Exordium Thugs","floor":14.0,"turns":2.0},{"damage":20.0,"enemies":"Slime Boss","floor":16.0,"turns":9.0},{"damage":0.0,"enemies":"Spheric Guardian","floor":18.0,"turns":2.0},{"damage":0.0,"enemies":"2 Thieves","floor":19.0,"turns":2.0},{"damage":0.0,"enemies":"Cultist and Chosen","floor":21.0,"turns":3.0},{"damage":7.0,"enemies":"Shelled Parasite and Fungi","floor":22.0,"turns":2.0},{"damage":69.0,"enemies":"Slavers","floor":23.0,"turns":7.0},{"damage":0.0,"enemies":"Chosen and Byrds","floor":25.0,"turns":3.0},{"damage":0.0,"enemies":"Snecko","floor":28.0,"turns":3.0},{"damage":3.0,"enemies":"Centurion and Healer","floor":29.0,"turns":3.0},{"damage":10.0,"enemies":"Shelled Parasite and Fungi","floor":30.0,"turns":2.0},{"damage":25.0,"enemies":"Automaton","floor":33.0,"turns":5.0},{"damage":12.0,"enemies":"3 Shapes","floor":35.0,"turns":2.0},{"damage":5.0,"enemies":"3 Darklings","floor":36.0,"turns":2.0},{"damage":0.0,"enemies":"Jaw Worm Horde","floor":37.0,"turns":2.0},{"damage":21.0,"enemies":"Writhing Mass","floor":38.0,"turns":3.0},{"damage":0.0,"enemies":"3 Darklings","floor":39.0,"turns":3.0},{"damage":20.0,"enemies":"Jaw Worm Horde","floor":42.0,"turns":3.0},{"damage":0.0,"enemies":"4 Shapes","floor":45.0,"turns":1.0},{"damage":26,"enemies":"Donu and Deca","floor":50,"turns":3}],"seed_played":"1084758877681983696","potions_obtained":[{"floor":1.0,"key":"EssenceOfSteel"},{"floor":7.0,"key":"Energy Potion"},{"floor":8.0,"key":"Regen Potion"},{"floor":18.0,"key":"LiquidBronze"},{"floor":21.0,"key":"AttackPotion"},{"floor":25.0,"key":"SkillPotion"},{"floor":28.0,"key":"SteroidPotion"},{"floor":29.0,"key":"Regen Potion"},{"floor":35.0,"key":"Swift Potion"},{"floor":42.0,"key":"PowerPotion"}],"is_trial":false,"path_per_floor":["M","?","?","$","?","R","M","M","T","R","?","E","R","M","R","B",null,"M","M","?","M","M","E","R","M","T","R","M","M","M","$","R","B",null,"M","M","M","M","M","R","?","M","T","R","M","$","R","?","R","B",null],"character_chosen":"IRONCLAD","items_purchased":["Peace Pipe","Rage","Bag of Marbles","Red Skull","HandDrill","Energy Potion"],"campfire_rested":1,"item_purchase_floors":[4,4,31,31,46,46],"current_hp_per_floor":[79,79,68,68,61,61,67,73,73,73,56,35,35,41,41,27,72,78,84,68,74,73,10,10,16,16,16,22,34,30,30,56,37,75,69,70,76,61,67,67,67,53,53,53,59,59,59,59,59,48],"gold":24,"neow_bonus":"RANDOM_COMMON_RELIC","is_prod":false,"is_daily":false,"chose_seed":false,"campfire_upgraded":5,"win_rate":0,"timestamp":1542090228,"path_taken":["M","?","?","$","?","R","M","?","T","R","?","E","R","M","R","BOSS","M","M","?","M","M","E","R","M","T","R","M","M","M","$","R","BOSS","M","M","M","M","M","R","?","M","T","R","M","$","R","?","R","BOSS"],"build_version":"2018-11-08","purchased_purges":0,"victory":true,"max_hp_per_floor":[87,87,87,87,87,87,87,87,87,87,87,87,87,87,87,87,87,87,87,87,87,87,87,87,87,87,87,87,87,87,87,87,87,87,87,87,87,87,87,87,87,87,87,87,87,87,87,87,87,87],"card_choices":[{"not_picked":["Sever Soul","Wild Strike"],"picked":"Clash","floor":1.0},{"not_picked":["Evolve","Infernal Blade","Dual Wield"],"picked":"SKIP","floor":7.0},{"not_picked":["True Grit","Reckless Charge","Body Slam"],"picked":"SKIP","floor":8.0},{"not_picked":["Sword Boomerang","Perfected Strike"],"picked":"Clash","floor":12.0},{"not_picked":["Heavy Blade","Warcry"],"picked":"Clash","floor":14.0},{"not_picked":["Demon Form","Barricade"],"picked":"Double Tap","floor":16.0},{"not_picked":["Sentinel+1","Feel No Pain+1","Reckless Charge"],"picked":"SKIP","floor":18.0},{"not_picked":["Seeing Red","Feel No Pain","Fire Breathing"],"picked":"SKIP","floor":19.0},{"not_picked":["Cleave","Hemokinesis"],"picked":"Inflame+1","floor":21.0},{"not_picked":["Dual Wield+1","Thunderclap"],"picked":"Battle Trance","floor":22.0},{"not_picked":["Evolve","Sever Soul","Armaments"],"picked":"SKIP","floor":23.0},{"not_picked":["Body Slam","Uppercut","Seeing Red"],"picked":"Iron Wave+1","floor":25.0},{"not_picked":["Clothesline","Battle Trance","Armaments"],"picked":"Pommel Strike+1","floor":28.0},{"not_picked":["Immolate","Shrug It Off","Power Through"],"picked":"Whirlwind","floor":29.0},{"not_picked":["Reckless Charge","Anger","Rage"],"picked":"Body Slam+1","floor":30.0},{"not_picked":["Demon Form","Immolate","Berserk"],"picked":"Brutality","floor":33.0},{"not_picked":["Wild Strike","Thunderclap","Body Slam"],"picked":"Clash+1","floor":35.0},{"not_picked":["Body Slam","Warcry","True Grit","Fire Breathing+1"],"picked":"SKIP","floor":36.0},{"not_picked":["Searing Blow+1","Twin Strike+1","Metallicize"],"picked":"Sword Boomerang+1","floor":37.0},{"not_picked":["Twin Strike","Burning Pact","Pommel Strike+1"],"picked":"Intimidate+1","floor":38.0},{"not_picked":["Pommel Strike","Cleave","Headbutt+1","Battle Trance+1"],"picked":"SKIP","floor":39.0},{"not_picked":["Apotheosis","Secret Technique","Discovery"],"picked":"Finesse","floor":41.0},{"not_picked":["Flame Barrier+1","Wild Strike","Armaments"],"picked":"Warcry+1","floor":42.0},{"not_picked":["Wild Strike+1","Reckless Charge+1","Searing Blow+1","Clothesline+1"],"picked":"SKIP","floor":45.0}],"player_experience":422397,"relics_obtained":[{"floor":9.0,"key":"War Paint"},{"floor":12.0,"key":"Ancient Tea Set"},{"floor":20.0,"key":"Enchiridion"},{"floor":23.0,"key":"Question Card"},{"floor":26.0,"key":"Sundial"},{"floor":43.0,"key":"Molten Egg 2"}],"event_choices":[{"damage_healed":0.0,"max_hp_gain":0.0,"max_hp_loss":0.0,"gold_gain":175.0,"event_name":"Liars Game","player_choice":"AGREE","floor":2.0,"gold_loss":0.0,"damage_taken":0.0,"cards_obtained":["Doubt"]},{"damage_healed":0.0,"max_hp_gain":0.0,"max_hp_loss":0.0,"gold_gain":75.0,"event_name":"World of Goop","player_choice":"Gather Gold","floor":3.0,"gold_loss":0.0,"damage_taken":11.0},{"cards_removed":["Doubt"],"damage_healed":0.0,"max_hp_gain":0.0,"max_hp_loss":0.0,"gold_gain":0.0,"event_name":"Golden Wing","player_choice":"Card Removal","floor":5.0,"gold_loss":0.0,"damage_taken":7.0},{"damage_healed":0.0,"max_hp_gain":0.0,"max_hp_loss":0.0,"gold_gain":0.0,"event_name":"Shining Light","player_choice":"Entered Light","floor":11.0,"gold_loss":0.0,"damage_taken":17.0,"cards_upgraded":["Strike_R","Strike_R"]},{"damage_healed":0.0,"max_hp_gain":0.0,"max_hp_loss":0.0,"gold_gain":0.0,"event_name":"Cursed Tome","player_choice":"Obtained Book","floor":20.0,"gold_loss":0.0,"damage_taken":16.0},{"damage_healed":0.0,"max_hp_gain":0.0,"max_hp_loss":0.0,"gold_gain":0.0,"event_name":"SensoryStone","player_choice":"Memory 1","floor":41.0,"gold_loss":0.0,"damage_taken":0.0},{"damage_healed":0,"gold_gain":0,"player_choice":"Ignored","damage_taken":0,"max_hp_gain":0,"max_hp_loss":0,"event_name":"Mysterious Sphere","floor":48,"gold_loss":0}],"is_beta":false,"boss_relics":[{"not_picked":["Ectoplasm","Black Star"],"picked":"Runic Dome"},{"not_picked":["Pandora\u0027s Box","Coffee Dripper"],"picked":"Runic Cube"}],"items_purged_floors":[],"is_endless":false,"potions_floor_spawned":[1,7,8,18,21,25,28,29,30,35,42],"ascension_level":8}