{"gold_per_floor":[116,266,280,280,73,104,104,54,105,117,132,145,145,180,180,257,257,275,8,25,36,36,36,55,55,55,55,87,98,112,112,112,112],"floor_reached":33,"playtime":606,"items_purged":["Defend_R","Defend_R"],"score":604,"play_id":"3c961c5c-1d35-4984-a01d-a8606f6fa804","local_time":"20190415171823","is_ascension_mode":true,"campfire_choices":[{"data":"Heavy Blade","floor":7.0,"key":"SMITH"},{"data":"Flex","floor":13.0,"key":"SMITH"},{"data":"Double Tap","floor":15.0,"key":"SMITH"},{"data":"Shockwave","floor":23.0,"key":"SMITH"},{"data":"Inflame","floor":25.0,"key":"SMITH"},{"floor":32,"key":"REST"}],"neow_cost":"NONE","seed_source_timestamp":365597932217161,"circlet_count":0,"master_deck":["AscendersBane","Strike_R","Strike_R","Strike_R","Strike_R","Strike_R","Defend_R","Bash","Flex+1","Heavy Blade+1","Double Tap+1","Cleave","Shockwave+1","Battle Trance","Offering","Fiend Fire","Flex+1","Inflame+1","Sentinel+1","Sword Boomerang","Feed","Decay"],"special_seed":0,"relics":["Burning Blood","NeowsBlessing","Smiling Mask","Bronze Scales","Mummified Hand","Mark of Pain","Toxic Egg 2","Torii","Blue Candle"],"potions_floor_usage":[29,29,33],"damage_taken":[{"damage":0.0,"enemies":"Small Slimes","floor":1.0,"turns":1.0},{"damage":0.0,"enemies":"2 Louse","floor":3.0,"turns":1.0},{"damage":0.0,"enemies":"Gremlin Nob","floor":6.0,"turns":1.0},{"damage":0.0,"enemies":"Jaw Worm","floor":10.0,"turns":1.0},{"damage":16.0,"enemies":"Lots of Slimes","floor":11.0,"turns":3.0},{"damage":8.0,"enemies":"2 Fungi Beasts","floor":12.0,"turns":3.0},{"damage":25.0,"enemies":"3 Sentries","floor":14.0,"turns":4.0},{"damage":42.0,"enemies":"Slime Boss","floor":16.0,"turns":8.0},{"damage":26.0,"enemies":"Shell Parasite","floor":18.0,"turns":3.0},{"damage":0.0,"enemies":"Spheric Guardian","floor":20.0,"turns":1.0},{"damage":13.0,"enemies":"Centurion and Healer","floor":21.0,"turns":5.0},{"damage":9.0,"enemies":"Chosen and Byrds","floor":24.0,"turns":3.0},{"damage":30.0,"enemies":"Gremlin Leader","floor":28.0,"turns":4.0},{"damage":0,"enemies":"Snake Plant","floor":29,"turns":1},{"damage":12,"enemies":"Centurion and Healer","floor":30,"turns":4},{"damage":36,"enemies":"Champ","floor":33,"turns":3}],"seed_played":"-581179788037601767","potions_obtained":[{"floor":11.0,"key":"Swift Potion"},{"floor":12.0,"key":"Swift Potion"},{"floor":14.0,"key":"FearPotion"},{"floor":18.0,"key":"SkillPotion"},{"floor":24.0,"key":"Swift Potion"},{"floor":29,"key":"Dexterity Potion"}],"is_trial":false,"path_per_floor":["M","?","M","?","$","E","R","$","T","M","M","M","R","E","R","B",null,"M","$","M","M","?","R","M","R","T","?","E","M","M","?","R","B"],"character_chosen":"IRONCLAD","items_purchased":["Heavy Blade","Double Tap","Toxic Egg 2"],"campfire_rested":1,"item_purchase_floors":[5,5,19],"current_hp_per_floor":[74,74,75,68,68,74,74,74,74,75,65,63,63,44,44,8,58,38,38,44,37,37,37,34,34,34,34,10,16,10,10,32,0],"gold":112,"neow_bonus":"THREE_ENEMY_KILL","is_prod":false,"is_daily":false,"chose_seed":false,"campfire_upgraded":5,"win_rate":0,"timestamp":1555341503,"path_taken":["M","?","M","?","?","E","R","$","T","M","M","M","R","E","R","BOSS","M","$","M","?","?","R","M","R","T","?","E","M","?","?","R","BOSS"],"build_version":"2019-01-23","purchased_purges":2,"victory":false,"max_hp_per_floor":[75,75,75,75,75,75,75,75,75,75,75,75,75,75,75,75,75,75,75,75,75,75,75,75,75,75,75,75,75,75,75,75,75],"card_choices":[{"not_picked":["Headbutt","Disarm"],"picked":"Flex","floor":1.0},{"not_picked":["Shrug It Off","Headbutt","Pommel Strike"],"picked":"SKIP","floor":3.0},{"not_picked":["Pommel Strike","Bloodletting"],"picked":"Cleave","floor":6.0},{"not_picked":["Perfected Strike","Iron Wave"],"picked":"Shockwave","floor":10.0},{"not_picked":["Sentinel","Rage"],"picked":"Battle Trance","floor":11.0},{"not_picked":["Clash","Hemokinesis","Headbutt"],"picked":"SKIP","floor":12.0},{"not_picked":["Burning Pact","Iron Wave"],"picked":"Offering","floor":14.0},{"not_picked":["Juggernaut","Double Tap"],"picked":"Fiend Fire","floor":16.0},{"not_picked":["Armaments","Clothesline","Anger"],"picked":"SKIP","floor":18.0},{"not_picked":["Sword Boomerang","Shockwave+1"],"picked":"Flex+1","floor":20.0},{"not_picked":["Headbutt","Rage+1","Shrug It Off+1"],"picked":"SKIP","floor":21.0},{"not_picked":["Pummel","Pommel Strike"],"picked":"Inflame","floor":24.0},{"not_picked":["Uppercut","Sever Soul"],"picked":"Sword Boomerang","floor":28.0},{"not_picked":["Anger","Warcry+1","Pommel Strike"],"picked":"SKIP","floor":29},{"not_picked":["Armaments+1","Dropkick"],"picked":"Feed","floor":30}],"player_experience":837930,"relics_obtained":[{"floor":6.0,"key":"Smiling Mask"},{"floor":9.0,"key":"Bronze Scales"},{"floor":14.0,"key":"Mummified Hand"},{"floor":26.0,"key":"Torii"},{"floor":28.0,"key":"Blue Candle"}],"event_choices":[{"damage_healed":0.0,"max_hp_gain":0.0,"max_hp_loss":0.0,"gold_gain":150.0,"event_name":"Liars Game","player_choice":"AGREE","floor":2.0,"gold_loss":0.0,"damage_taken":0.0,"cards_obtained":["Doubt"]},{"cards_removed":["Doubt"],"damage_healed":0.0,"max_hp_gain":0.0,"max_hp_loss":0.0,"gold_gain":0.0,"event_name":"Golden Wing","player_choice":"Card Removal","floor":4.0,"gold_loss":0.0,"damage_taken":7.0},{"damage_healed":0.0,"max_hp_gain":0.0,"max_hp_loss":0.0,"gold_gain":0.0,"event_name":"The Mausoleum","player_choice":"Ignored","floor":22.0,"gold_loss":0.0,"damage_taken":0.0},{"damage_healed":0.0,"max_hp_gain":0.0,"max_hp_loss":0.0,"gold_gain":0.0,"cards_transformed":["Defend_R"],"event_name":"Transmorgrifier","player_choice":"Transformed","floor":27.0,"gold_loss":0.0,"damage_taken":0.0,"cards_obtained":["Sentinel"]},{"damage_healed":0,"gold_gain":0,"player_choice":"Smashed Altar","damage_taken":0,"max_hp_gain":0,"max_hp_loss":0,"event_name":"Forgotten Altar","floor":31,"gold_loss":0,"cards_obtained":["Decay"]}],"is_beta":false,"boss_relics":[{"not_picked":["Fusion Hammer","Black Star"],"picked":"Mark of Pain"}],"items_purged_floors":[5,8],"is_endless":false,"potions_floor_spawned":[11,12,14,16,18,24,28,29],"killed_by":"Champ","ascension_level":20}