{"gold_per_floor":[109,109,124,224,249,284,304,322,374,149,149,3,37,62,62,185,185,205,105,123,123,123,161,161,196,196,214,214,228,251,251,251,376,439,454,473,538,162,162,200,200,224,302,145,163,184,34,49,49,49],"floor_reached":51,"playtime":962,"items_purged":["Defend_R","Defend_R","Strike_R","Strike_R"],"score":829,"play_id":"49887dd7-a75d-46d5-bcdf-4b96175d661f","local_time":"20191022003501","is_ascension_mode":false,"campfire_choices":[{"data":"Flex","floor":11.0,"key":"SMITH"},{"data":"Disarm","floor":15.0,"key":"SMITH"},{"data":"Heavy Blade","floor":24.0,"key":"SMITH"},{"floor":28.0,"key":"REST"},{"data":"Heavy Blade","floor":32.0,"key":"SMITH"},{"data":"Limit Break","floor":41,"key":"SMITH"},{"data":"Heavy Blade","floor":49,"key":"SMITH"}],"neow_cost":"NONE","seed_source_timestamp":393617267575617,"circlet_count":0,"master_deck":["Strike_R","Strike_R+1","Strike_R","Bash","Clash","Flex+1","Spot Weakness","Disarm+1","Immolate","Heavy Blade+1","Heavy Blade+1","Limit Break+1","Heavy Blade+1"],"special_seed":0,"relics":["Burning Blood","Bag of Preparation","Golden Idol","Bronze Scales","Happy Flower","Blood Vial","Brimstone","Bottled Flame","Empty Cage","Bag of Marbles","Regal Pillow","Vajra","Mercury Hourglass","Enchiridion","Tiny House","Bird Faced Urn","Meat on the Bone","Anchor","Pear","Pen Nib"],"potions_floor_usage":[40,45,50,50],"damage_taken":[{"damage":9.0,"enemies":"2 Louse","floor":1.0,"turns":3.0},{"damage":1.0,"enemies":"Cultist","floor":3.0,"turns":3.0},{"damage":6.0,"enemies":"Jaw Worm","floor":5.0,"turns":2.0},{"damage":28.0,"enemies":"Gremlin Nob","floor":6.0,"turns":4.0},{"damage":9.0,"enemies":"Blue Slaver","floor":7.0,"turns":3.0},{"damage":0.0,"enemies":"Looter","floor":8.0,"turns":3.0},{"damage":16.0,"enemies":"3 Sentries","floor":13.0,"turns":4.0},{"damage":5.0,"enemies":"Gremlin Gang","floor":14.0,"turns":2.0},{"damage":24.0,"enemies":"Hexaghost","floor":16.0,"turns":6.0},{"damage":12.0,"enemies":"Spheric Guardian","floor":18.0,"turns":3.0},{"damage":12.0,"enemies":"Chosen","floor":20.0,"turns":3.0},{"damage":26.0,"enemies":"Slavers","floor":23.0,"turns":3.0},{"damage":32.0,"enemies":"Book of Stabbing","floor":25.0,"turns":3.0},{"damage":11.0,"enemies":"Centurion and Healer","floor":27.0,"turns":3.0},{"damage":6.0,"enemies":"Cultist and Chosen","floor":29.0,"turns":3.0},{"damage":15.0,"enemies":"Snake Plant","floor":30.0,"turns":2.0},{"damage":33.0,"enemies":"Collector","floor":33.0,"turns":3.0},{"damage":3.0,"enemies":"3 Shapes","floor":35.0,"turns":2.0},{"damage":0.0,"enemies":"Orb Walker","floor":36.0,"turns":1.0},{"damage":11.0,"enemies":"2 Orb Walkers","floor":37.0,"turns":2.0},{"damage":0,"enemies":"Nemesis","floor":40,"turns":1},{"damage":0,"enemies":"Transient","floor":42,"turns":5},{"damage":1,"enemies":"Writhing Mass","floor":45,"turns":2},{"damage":1,"enemies":"Jaw Worm Horde","floor":46,"turns":2},{"damage":12,"enemies":"Sphere and 2 Shapes","floor":48,"turns":3},{"damage":8,"enemies":"Time Eater","floor":50,"turns":4}],"seed_played":"-2487694744728694273","potions_obtained":[{"floor":1.0,"key":"ElixirPotion"},{"floor":5.0,"key":"GamblersBrew"},{"floor":14.0,"key":"Fire Potion"},{"floor":16.0,"key":"FearPotion"},{"floor":20.0,"key":"Weak Potion"},{"floor":29.0,"key":"Energy Potion"},{"floor":33.0,"key":"DuplicationPotion"},{"floor":34.0,"key":"Explosive Potion"},{"floor":35.0,"key":"HeartOfIron"},{"floor":42,"key":"ElixirPotion"},{"floor":46,"key":"BloodPotion"}],"is_trial":false,"path_per_floor":["M","?","M","?","M","E","M","M","T","$","R","$","E","M","R","B",null,"M","$","M","?","?","E","R","E","T","M","R","M","M","?","R","B",null,"M","M","?","$","?","E","R","M","T","$","M","M","$","M","R","B",null],"character_chosen":"IRONCLAD","items_purchased":["Blood Vial","Brimstone","Meat on the Bone","Pen Nib"],"campfire_rested":1,"item_purchase_floors":[10,12,38,44],"current_hp_per_floor":[77,57,62,62,62,40,37,43,43,43,43,43,35,38,38,22,80,74,74,70,70,70,52,52,28,28,25,64,66,59,43,43,18,85,85,85,80,80,80,85,85,85,95,95,95,95,95,89,89,89],"gold":49,"neow_bonus":"RANDOM_COMMON_RELIC","is_prod":false,"is_daily":false,"chose_seed":false,"campfire_upgraded":6,"win_rate":0,"timestamp":1571697301,"path_taken":["M","?","M","?","M","E","?","M","T","$","R","?","E","M","R","BOSS","M","$","M","?","?","E","R","E","T","M","R","M","?","?","R","BOSS","M","M","?","$","?","E","R","M","T","$","M","M","$","M","R","BOSS"],"build_version":"2019-10-21","purchased_purges":4,"victory":true,"max_hp_per_floor":[80,80,80,80,80,80,80,80,80,80,80,80,80,80,80,80,80,80,80,80,80,80,80,80,80,80,80,80,80,80,80,80,80,85,85,85,85,85,85,85,85,85,95,95,95,95,95,95,95,95],"card_choices":[{"not_picked":["Shockwave","Pommel Strike"],"picked":"Clash","floor":1.0},{"not_picked":["Infernal Blade","Dual Wield","Armaments"],"picked":"SKIP","floor":3.0},{"not_picked":["Sentinel","Cleave","Intimidate"],"picked":"SKIP","floor":5.0},{"not_picked":["Iron Wave","Ghostly Armor"],"picked":"Flex","floor":6.0},{"not_picked":["Disarm","Whirlwind"],"picked":"Spot Weakness","floor":7.0},{"not_picked":["Cleave","Perfected Strike","Iron Wave"],"picked":"SKIP","floor":8.0},{"not_picked":["Warcry","Twin Strike","Perfected Strike"],"picked":"SKIP","floor":13.0},{"not_picked":["Sever Soul","Pommel Strike"],"picked":"Disarm","floor":14.0},{"not_picked":["Brutality","Barricade"],"picked":"Immolate","floor":16.0},{"not_picked":["Warcry","Burning Pact"],"picked":"Heavy Blade","floor":18.0},{"not_picked":["Flex","Bloodletting","Sword Boomerang"],"picked":"SKIP","floor":20.0},{"not_picked":["Hemokinesis","Rampage","Blood for Blood"],"picked":"SKIP","floor":23.0},{"not_picked":["Iron Wave+1","Entrench","Wild Strike"],"picked":"SKIP","floor":25.0},{"not_picked":["Thunderclap","Whirlwind","Shockwave+1"],"picked":"SKIP","floor":27.0},{"not_picked":["Headbutt","Clothesline+1","Perfected Strike"],"picked":"SKIP","floor":29.0},{"not_picked":["Hemokinesis+1","Perfected Strike","Cleave"],"picked":"SKIP","floor":30.0},{"not_picked":["Impervious","Brutality"],"picked":"Limit Break","floor":33.0},{"not_picked":["Blood for Blood+1","Reckless Charge+1","Anger"],"picked":"SKIP","floor":35.0},{"not_picked":["Fire Breathing","Pommel Strike","Sever Soul+1"],"picked":"SKIP","floor":36.0},{"not_picked":["Impervious","Whirlwind","Power Through"],"picked":"SKIP","floor":40},{"not_picked":["Havoc","Sever Soul","Warcry"],"picked":"SKIP","floor":42},{"not_picked":["Cleave+1","Body Slam+1"],"picked":"Heavy Blade","floor":45},{"not_picked":["Flex+1","Cleave","Thunderclap+1"],"picked":"SKIP","floor":46},{"not_picked":["Headbutt","Entrench","Flame Barrier+1"],"picked":"SKIP","floor":48}],"player_experience":876124,"relics_obtained":[{"floor":6.0,"key":"Bronze Scales"},{"floor":9.0,"key":"Happy Flower"},{"floor":13.0,"key":"Bottled Flame"},{"floor":23.0,"key":"Regal Pillow"},{"floor":25.0,"key":"Vajra"},{"floor":26.0,"key":"Mercury Hourglass"},{"floor":31.0,"key":"Enchiridion"},{"floor":37.0,"key":"Bird Faced Urn"},{"floor":40,"key":"Anchor"},{"floor":43,"key":"Pear"}],"event_choices":[{"damage_healed":0.0,"max_hp_gain":0.0,"max_hp_loss":0.0,"gold_gain":0.0,"event_name":"Golden Idol","player_choice":"Take Damage","floor":2.0,"gold_loss":0.0,"damage_taken":20.0,"relics_obtained":["Golden Idol"]},{"damage_healed":0.0,"max_hp_gain":0.0,"max_hp_loss":0.0,"gold_gain":100.0,"event_name":"Golden Shrine","player_choice":"Pray","floor":4.0,"gold_loss":0.0,"damage_taken":0.0},{"damage_healed":0.0,"max_hp_gain":0.0,"max_hp_loss":0.0,"gold_gain":0.0,"event_name":"The Library","player_choice":"Read","floor":21.0,"gold_loss":0.0,"damage_taken":0.0,"cards_obtained":["Heavy Blade"]},{"damage_healed":0.0,"max_hp_gain":0.0,"max_hp_loss":0.0,"gold_gain":0.0,"event_name":"WeMeetAgain","player_choice":"Gave Potion","floor":22.0,"gold_loss":0.0,"damage_taken":0.0,"relics_obtained":["Bag of Marbles"]},{"damage_healed":0.0,"max_hp_gain":0.0,"max_hp_loss":0.0,"gold_gain":0.0,"event_name":"Cursed Tome","player_choice":"Obtained Book","floor":31.0,"gold_loss":0.0,"damage_taken":16.0},{"damage_healed":0.0,"max_hp_gain":0.0,"max_hp_loss":0.0,"gold_gain":0.0,"event_name":"Mysterious Sphere","player_choice":"Fight","floor":37.0,"gold_loss":0.0,"damage_taken":0.0},{"damage_healed":0.0,"max_hp_gain":0.0,"max_hp_loss":0.0,"gold_gain":0.0,"event_name":"Tomb of Lord Red Mask","player_choice":"Ignored","floor":39.0,"gold_loss":0.0,"damage_taken":0.0}],"is_beta":true,"boss_relics":[{"not_picked":["Sozu","Black Star"],"picked":"Empty Cage"},{"not_picked":["Runic Pyramid","Pandora\u0027s Box"],"picked":"Tiny House"}],"items_purged_floors":[10,19,38,47],"is_endless":false,"potions_floor_spawned":[1,5,14,16,20,29,33,35,36,42,46],"ascension_level":0}