{"gold_per_floor":[116,116,116,134,144,171,185,220,220,235,246,421,311,311,311,311],"floor_reached":16,"playtime":1509,"items_purged":["Doubt"],"score":112,"play_id":"9471f76f-df63-4605-82bc-4033ad2b96b7","local_time":"20180630122151","is_ascension_mode":false,"campfire_choices":[{"floor":15,"key":"REST"}],"neow_cost":"NONE","seed_source_timestamp":4512248935705,"circlet_count":0,"master_deck":["Strike_R","Strike_R","Strike_R","Strike_R","Defend_R","Defend_R+1","Defend_R","Defend_R","Bash","Sword Boomerang","Regret","Sever Soul","Clash","True Grit","Clash","Armaments","Infernal Blade","Pommel Strike+1","Rampage"],"relics":["Burning Blood","Happy Flower","Thread and Needle","Pantograph","Sundial"],"potions_floor_usage":[8,16],"damage_taken":[{"damage":11,"enemies":"Jaw Worm","floor":1,"turns":5},{"damage":7,"enemies":"Cultist","floor":4,"turns":4},{"damage":2,"enemies":"Small Slimes","floor":5,"turns":3},{"damage":36,"enemies":"Lagavulin","floor":6,"turns":5},{"damage":3,"enemies":"3 Louse","floor":7,"turns":4},{"damage":19,"enemies":"3 Sentries","floor":8,"turns":9},{"damage":15,"enemies":"Gremlin Gang","floor":10,"turns":4},{"damage":11,"enemies":"Large Slime","floor":11,"turns":4},{"damage":63,"enemies":"Hexaghost","floor":16,"turns":11}],"seed_played":"1633157149016456338","potions_obtained":[{"floor":1,"key":"SpeedPotion"},{"floor":4,"key":"Poison Potion"},{"floor":7,"key":"SkillPotion"},{"floor":11,"key":"Strength Potion"}],"is_trial":false,"path_per_floor":["M","?","?","M","M","E","M","E","T","M","M","?","$","?","R"],"character_chosen":"IRONCLAD","items_purchased":["Rampage"],"campfire_rested":1,"item_purchase_floors":[13],"current_hp_per_floor":[75,75,75,74,78,48,51,38,38,29,24,24,24,8,32,0],"gold":311,"neow_bonus":"REMOVE_CARD","is_prod":false,"is_daily":false,"chose_seed":false,"campfire_upgraded":0,"win_rate":0.0,"timestamp":1530332511,"path_taken":["M","?","?","M","M","E","M","E","T","?","M","?","$","?","R","BOSS"],"build_version":"2018-06-28","purchased_purges":1,"victory":false,"max_hp_per_floor":[80,80,80,80,80,80,80,80,80,80,80,80,80,80,80,80],"card_choices":[{"not_picked":["Clothesline","Seeing Red"],"picked":"Sword Boomerang","floor":1},{"not_picked":["Iron Wave","Rupture"],"picked":"Sever Soul","floor":4},{"not_picked":["Sword Boomerang","Pummel"],"picked":"Clash","floor":5},{"not_picked":["Twin Strike","Thunderclap"],"picked":"True Grit","floor":6},{"not_picked":["True Grit","Thunderclap"],"picked":"Clash","floor":7},{"not_picked":["Warcry","Rage"],"picked":"Armaments","floor":8},{"not_picked":["Flex","Sword Boomerang"],"picked":"Infernal Blade","floor":10},{"not_picked":["Barricade","Body Slam"],"picked":"Pommel Strike","floor":11}],"player_experience":2141,"relics_obtained":[{"floor":6,"key":"Thread and Needle"},{"floor":8,"key":"Pantograph"},{"floor":9,"key":"Sundial"}],"event_choices":[{"event_name":"Big Fish","player_choice":"Box","floor":2,"damage_taken":0},{"event_name":"The Woman in Blue","player_choice":"Bought 0 Potions","floor":3,"damage_taken":0},{"event_name":"Liars Game","player_choice":"agreed","floor":12,"damage_taken":0},{"event_name":"Shining Light","player_choice":"Entered Light","floor":14,"damage_taken":0}],"boss_relics":[],"items_purged_floors":[13],"is_endless":false,"potions_floor_spawned":[1,4,7,11],"killed_by":"Hexaghost","ascension_level":0}