{"gold_per_floor":[113,113,113,113,123,151,65,82,106,106,123,173,173,189,189,189],"floor_reached":16,"playtime":268,"items_purged":[],"score":250,"play_id":"844df4e2-4b10-4eab-9ca8-7d5b3da31ab6","local_time":"20190420180003","is_ascension_mode":true,"campfire_choices":[{"data":"Noxious Fumes","floor":10,"key":"SMITH"},{"data":"Footwork","floor":13,"key":"SMITH"},{"data":"Malaise","floor":15,"key":"SMITH"}],"neow_cost":"NONE","seed_source_timestamp":371809667144553,"circlet_count":0,"master_deck":["AscendersBane","Defend_G","Defend_G","Defend_G","Defend_G","Defend_G","Strike_G","Strike_G","Strike_G","Strike_G","Survivor","Neutralize","Dash","Malaise+1","Noxious Fumes+1","Footwork+1","Bane"],"relics":["Ring of the Snake","NeowsBlessing","Potion Belt","Centennial Puzzle"],"potions_floor_usage":[16],"damage_taken":[{"damage":0,"enemies":"Jaw Worm","floor":1,"turns":1},{"damage":0,"enemies":"Cultist","floor":5,"turns":1},{"damage":0,"enemies":"Gremlin Nob","floor":6,"turns":1},{"damage":0,"enemies":"2 Louse","floor":8,"turns":4},{"damage":4,"enemies":"Red Slaver","floor":11,"turns":6},{"damage":2,"enemies":"Exordium Wildlife","floor":14,"turns":4},{"damage":65,"enemies":"Slime Boss","floor":16,"turns":11}],"seed_played":"692763212713135057","potions_obtained":[{"floor":1,"key":"GamblersBrew"},{"floor":6,"key":"FairyPotion"},{"floor":11,"key":"Weak Potion"}],"is_trial":false,"path_per_floor":["M","?","?","?","M","E","$","M","T","R","M","?","R","M","R","B"],"character_chosen":"THE_SILENT","items_purchased":["Noxious Fumes"],"campfire_rested":0,"item_purchase_floors":[7],"current_hp_per_floor":[59,64,64,64,64,64,64,64,64,64,60,60,60,58,58,7],"gold":189,"neow_bonus":"THREE_ENEMY_KILL","is_prod":false,"is_daily":false,"chose_seed":false,"campfire_upgraded":3,"win_rate":0,"timestamp":1555776003,"path_taken":["M","?","?","?","?","E","$","M","T","R","M","?","R","?","R","BOSS"],"build_version":"2019-01-23","purchased_purges":0,"victory":false,"max_hp_per_floor":[66,71,71,71,71,71,71,71,71,71,71,71,71,71,71,71],"card_choices":[{"not_picked":["Cloak And Dagger","Skewer"],"picked":"Dash","floor":1},{"not_picked":["Outmaneuver","Slice","Distraction"],"picked":"SKIP","floor":5},{"not_picked":["Tactician","Concentrate"],"picked":"Malaise","floor":6},{"not_picked":["Outmaneuver","Tactician","Distraction"],"picked":"SKIP","floor":8},{"not_picked":["Setup","Outmaneuver"],"picked":"Footwork","floor":11},{"not_picked":["Masterful Stab","Blade Dance"],"picked":"Bane","floor":14}],"player_experience":850009,"relics_obtained":[{"floor":6,"key":"Potion Belt"},{"floor":9,"key":"Centennial Puzzle"}],"event_choices":[{"damage_healed":0,"gold_gain":0,"player_choice":"Donut","damage_taken":0,"max_hp_gain":5,"max_hp_loss":0,"event_name":"Big Fish","floor":2,"gold_loss":0},{"damage_healed":0,"gold_gain":0,"player_choice":"Ignored","damage_taken":0,"max_hp_gain":0,"max_hp_loss":0,"event_name":"Shining Light","floor":3,"gold_loss":0},{"cards_removed":["Strike_G"],"damage_healed":0,"gold_gain":0,"player_choice":"Purged","damage_taken":0,"max_hp_gain":0,"max_hp_loss":0,"event_name":"Purifier","floor":4,"gold_loss":0},{"damage_healed":0,"gold_gain":50,"player_choice":"Pray","damage_taken":0,"max_hp_gain":0,"max_hp_loss":0,"event_name":"Golden Shrine","floor":12,"gold_loss":0}],"is_beta":false,"boss_relics":[],"items_purged_floors":[],"is_endless":false,"potions_floor_spawned":[1,6,11],"killed_by":"Slime Boss","ascension_level":20}