{"gold_per_floor":[111,111,25,25,25,51,51,84,108,108,117,133,153,176,176,262,262,162,0,0,0,0,0,0,0,0,0,0,0,0,0,0,0,0,0,0,0,0,0,0,0,0,0,0,0,0,0,0,0,0,0,0,0,0,0],"floor_reached":55,"playtime":1837,"items_purged":["Strike_G"],"score":1880,"play_id":"d1c58fef-24fe-40b6-9fb7-ca47d282ec18","local_time":"20191021183828","is_ascension_mode":true,"campfire_choices":[{"data":"Noxious Fumes","floor":10.0,"key":"SMITH"},{"data":"Malaise","floor":15.0,"key":"SMITH"},{"data":"Catalyst","floor":23.0,"key":"SMITH"},{"data":"Deadly Poison","floor":25.0,"key":"SMITH"},{"data":"Malaise","floor":27.0,"key":"SMITH"},{"data":"Survivor","floor":32.0,"key":"SMITH"},{"floor":41.0,"key":"REST"},{"data":"Catalyst","floor":45.0,"key":"SMITH"},{"floor":49.0,"key":"RECALL"},{"floor":53.0,"key":"REST"}],"neow_cost":"NONE","seed_source_timestamp":0,"circlet_count":0,"master_deck":["AscendersBane","Defend_G","Defend_G","Defend_G","Defend_G","Defend_G","Survivor+1","Neutralize","Noxious Fumes+1","Venomology","Malaise+1","Deadly Poison+1","Malaise+1","Catalyst+1","Die Die Die","Dash","Crippling Poison","Catalyst+1","Dodge and Roll+1","Night Terror","Bouncing Flask+1"],"special_seed":0,"relics":["Ring of the Snake","NeowsBlessing","Potion Belt","CeramicFish","Art of War","Ectoplasm","Paper Crane","Mercury Hourglass","Regal Pillow","SacredBark","Red Mask","Vajra","InkBottle"],"potions_floor_usage":[],"damage_taken":[{"damage":0.0,"enemies":"Jaw Worm","floor":1.0,"turns":1.0},{"damage":0.0,"enemies":"Gremlin Nob","floor":6.0,"turns":1.0},{"damage":0.0,"enemies":"3 Sentries","floor":8.0,"turns":2.0},{"damage":1.0,"enemies":"Cultist","floor":12.0,"turns":4.0},{"damage":1.0,"enemies":"2 Louse","floor":13.0,"turns":5.0},{"damage":4.0,"enemies":"Blue Slaver","floor":14.0,"turns":6.0},{"damage":19.0,"enemies":"Hexaghost","floor":16.0,"turns":11.0},{"damage":8.0,"enemies":"2 Thieves","floor":18.0,"turns":5.0},{"damage":12.0,"enemies":"3 Byrds","floor":21.0,"turns":2.0},{"damage":8.0,"enemies":"Centurion and Healer","floor":22.0,"turns":9.0},{"damage":0.0,"enemies":"Slavers","floor":24.0,"turns":1.0},{"damage":6.0,"enemies":"Book of Stabbing","floor":30.0,"turns":7.0},{"damage":26.0,"enemies":"Champ","floor":33.0,"turns":12.0},{"damage":9.0,"enemies":"3 Darklings","floor":35.0,"turns":6.0},{"damage":17.0,"enemies":"3 Shapes","floor":36.0,"turns":5.0},{"damage":4.0,"enemies":"Transient","floor":38.0,"turns":6.0},{"damage":1.0,"enemies":"Writhing Mass","floor":39.0,"turns":6.0},{"damage":17.0,"enemies":"Spire Growth","floor":40.0,"turns":6.0},{"damage":2.0,"enemies":"Maw","floor":44.0,"turns":7.0},{"damage":9.0,"enemies":"Sphere and 2 Shapes","floor":46.0,"turns":6.0},{"damage":1.0,"enemies":"Jaw Worm Horde","floor":48.0,"turns":6.0},{"damage":24.0,"enemies":"Donu and Deca","floor":50.0,"turns":12.0},{"damage":33.0,"enemies":"Awakened One","floor":51.0,"turns":15.0},{"damage":82,"enemies":"Shield and Spear","floor":55,"turns":3}],"seed_played":"3080492382000485079","potions_obtained":[{"floor":6.0,"key":"Explosive Potion"},{"floor":8.0,"key":"Explosive Potion"},{"floor":14.0,"key":"SpeedPotion"},{"floor":21.0,"key":"SmokeBomb"},{"floor":30.0,"key":"PowerPotion"},{"floor":35.0,"key":"DuplicationPotion"},{"floor":40.0,"key":"SteroidPotion"},{"floor":44.0,"key":"SpeedPotion"},{"floor":46.0,"key":"Weak Potion"},{"floor":48.0,"key":"SneckoOil"}],"is_trial":false,"path_per_floor":["M","?","$","T","?","E","$","E","T","R","?","M","M","M","R","B",null,"M","$","?","M","M","R","E","R","T","R","$","?","E","T","R","B",null,"M","M","?","M","M","M","R","?","T","M","R","M","T","M","R","B","B",null,"R","$","E"],"character_chosen":"THE_SILENT","items_purchased":["Noxious Fumes","Catalyst"],"campfire_rested":2,"item_purchase_floors":[3,19],"current_hp_per_floor":[59,59,59,59,59,59,59,59,59,59,59,58,57,53,53,34,58,50,50,66,54,46,46,46,46,46,46,46,46,40,40,40,14,53,44,27,27,23,22,5,39,39,39,37,37,28,28,66,66,42,9,52,66,66,0],"gold":0,"neow_bonus":"THREE_ENEMY_KILL","is_prod":false,"is_daily":false,"chose_seed":false,"campfire_upgraded":7,"win_rate":0,"timestamp":1571675908,"path_taken":["M","?","$","?","?","E","?","E","T","R","?","M","?","?","R","BOSS","M","$","?","M","M","R","E","R","T","R","?","?","E","?","R","BOSS","M","M","?","M","M","M","R","?","T","M","R","M","?","M","R","BOSS","BOSS","R","$","E"],"build_version":"2019-10-18","purchased_purges":1,"victory":false,"max_hp_per_floor":[66,66,66,66,66,66,66,66,66,66,66,66,66,66,66,66,66,66,66,66,66,66,66,66,66,66,66,66,66,66,66,66,66,66,66,66,66,66,66,66,66,66,66,66,66,66,66,66,66,66,66,66,66,66,66],"card_choices":[{"not_picked":["Acrobatics","Deflect","Caltrops"],"picked":"SKIP","floor":1.0},{"not_picked":["Outmaneuver","Bane","Cloak And Dagger"],"picked":"SKIP","floor":6.0},{"not_picked":["Finisher","Endless Agony","All Out Attack"],"picked":"SKIP","floor":8.0},{"not_picked":["Poisoned Stab","Prepared","Slice"],"picked":"SKIP","floor":12.0},{"not_picked":["Deflect","Underhanded Strike"],"picked":"Malaise","floor":13.0},{"not_picked":["Deflect","Distraction"],"picked":"Deadly Poison","floor":14.0},{"not_picked":["Storm of Steel","A Thousand Cuts"],"picked":"Malaise","floor":16.0},{"not_picked":["Masterful Stab","Blade Dance","Underhanded Strike"],"picked":"SKIP","floor":18.0},{"not_picked":["Acrobatics","Flying Knee+1","Calculated Gamble"],"picked":"SKIP","floor":21.0},{"not_picked":["Masterful Stab+1","Underhanded Strike","Acrobatics"],"picked":"SKIP","floor":22.0},{"not_picked":["Riddle With Holes","Cloak And Dagger","Choke"],"picked":"SKIP","floor":30.0},{"not_picked":["Dagger Throw","Cloak And Dagger+1","Accuracy"],"picked":"SKIP","floor":35.0},{"not_picked":["Heel Hook+1","Calculated Gamble"],"picked":"Crippling Poison","floor":36.0},{"not_picked":["Quick Slash","Riddle With Holes","Outmaneuver+1"],"picked":"SKIP","floor":38.0},{"not_picked":["Prepared+1","Riddle With Holes+1"],"picked":"Catalyst","floor":39.0},{"not_picked":["Heel Hook","Dagger Throw"],"picked":"Dodge and Roll+1","floor":40.0},{"not_picked":["Bane+1","Sucker Punch"],"picked":"Night Terror","floor":44.0},{"not_picked":["Choke","Backflip","PiercingWail+1"],"picked":"SKIP","floor":46.0},{"not_picked":["Quick Slash","Deflect+1"],"picked":"Bouncing Flask+1","floor":48.0}],"player_experience":869427,"relics_obtained":[{"floor":4.0,"key":"Potion Belt"},{"floor":6.0,"key":"CeramicFish"},{"floor":8.0,"key":"Art of War"},{"floor":26.0,"key":"Paper Crane"},{"floor":30.0,"key":"Mercury Hourglass"},{"floor":31.0,"key":"Regal Pillow"},{"floor":43.0,"key":"Vajra"},{"floor":47.0,"key":"InkBottle"}],"event_choices":[{"damage_healed":0.0,"max_hp_gain":0.0,"max_hp_loss":0.0,"gold_gain":0.0,"event_name":"WeMeetAgain","player_choice":"Ignored","floor":2.0,"gold_loss":0.0,"damage_taken":0.0},{"damage_healed":0.0,"max_hp_gain":0.0,"max_hp_loss":0.0,"gold_gain":0.0,"event_name":"Liars Game","player_choice":"Ignored","floor":5.0,"gold_loss":0.0,"damage_taken":0.0},{"damage_healed":0.0,"max_hp_gain":0.0,"max_hp_loss":0.0,"gold_gain":0.0,"cards_transformed":["Strike_G"],"event_name":"Transmorgrifier","player_choice":"Transformed","floor":11.0,"gold_loss":0.0,"damage_taken":0.0,"cards_obtained":["Venomology"]},{"damage_healed":16.0,"max_hp_gain":0.0,"max_hp_loss":0.0,"gold_gain":0.0,"event_name":"Wheel of Change","player_choice":"Full Heal","floor":20.0,"gold_loss":0.0,"damage_taken":0.0},{"damage_healed":0.0,"max_hp_gain":0.0,"max_hp_loss":0.0,"gold_gain":0.0,"cards_transformed":["Strike_G","Strike_G"],"event_name":"Drug Dealer","player_choice":"Became Test Subject","floor":29.0,"gold_loss":0.0,"damage_taken":0.0,"cards_obtained":["Die Die Die","Dash"]},{"damage_healed":0.0,"max_hp_gain":0.0,"max_hp_loss":0.0,"gold_gain":0.0,"event_name":"Tomb of Lord Red Mask","player_choice":"Paid","floor":37.0,"gold_loss":0.0,"damage_taken":0.0,"relics_obtained":["Red Mask"]},{"cards_removed":["Strike_G"],"damage_healed":0.0,"max_hp_gain":0.0,"max_hp_loss":0.0,"gold_gain":0.0,"event_name":"Falling","player_choice":"Removed Attack","floor":42.0,"gold_loss":0.0,"damage_taken":0.0}],"is_beta":true,"boss_relics":[{"not_picked":["Tiny House","Empty Cage"],"picked":"Ectoplasm"},{"not_picked":["Fusion Hammer","Snecko Eye"],"picked":"SacredBark"}],"items_purged_floors":[19],"is_endless":false,"potions_floor_spawned":[6,8,14,16,21,24,30,35,40,44,46,48],"killed_by":"Shield and Spear","ascension_level":20}