{"gold_per_floor":[113,124,144,158,174,174,199,32,55,55,55,75,87,100,100,172,172,132,57,0,0,0,0,0,0,0,0,0,0,0,0,0,0],"floor_reached":33,"playtime":883,"items_purged":["Defend_R"],"score":485,"play_id":"e39ae7f6-b9ce-44eb-8f34-ab7f6698fda8","local_time":"20181016232411","is_ascension_mode":true,"campfire_choices":[{"data":"Bash","floor":6.0,"key":"SMITH"},{"floor":15.0,"key":"REST"},{"floor":24,"key":"REST"},{"data":"Perfected Strike","floor":27,"key":"SMITH"},{"data":"Perfected Strike","floor":29,"key":"SMITH"},{"floor":32,"key":"REST"}],"neow_cost":"NONE","seed_source_timestamp":7720991572969,"circlet_count":0,"master_deck":["Strike_R","Strike_R","Strike_R","Strike_R","Strike_R","Defend_R","Bash+1","AscendersBane","Dropkick","Heavy Blade","Offering","Rage","Limit Break","Whirlwind","Clothesline","Feed","Spot Weakness","Perfected Strike+1","Dropkick","Wild Strike","Perfected Strike+1"],"special_seed":0,"relics":["Burning Blood","Anchor","Pen Nib","Omamori","Ectoplasm","Blood Vial","Art of War"],"potions_floor_usage":[22,25,33],"damage_taken":[{"damage":2.0,"enemies":"Cultist","floor":1.0,"turns":4.0},{"damage":9.0,"enemies":"2 Louse","floor":2.0,"turns":4.0},{"damage":1.0,"enemies":"Small Slimes","floor":3.0,"turns":4.0},{"damage":24.0,"enemies":"Exordium Thugs","floor":4.0,"turns":5.0},{"damage":6.0,"enemies":"3 Louse","floor":5.0,"turns":3.0},{"damage":17.0,"enemies":"Gremlin Nob","floor":7.0,"turns":3.0},{"damage":6.0,"enemies":"Red Slaver","floor":12.0,"turns":3.0},{"damage":0.0,"enemies":"Exordium Wildlife","floor":13.0,"turns":2.0},{"damage":14.0,"enemies":"Lots of Slimes","floor":14.0,"turns":4.0},{"damage":52.0,"enemies":"Slime Boss","floor":16.0,"turns":9.0},{"damage":14,"enemies":"2 Thieves","floor":18,"turns":3},{"damage":16,"enemies":"Shell Parasite","floor":21,"turns":3},{"damage":26,"enemies":"Cultist and Chosen","floor":22,"turns":5},{"damage":20,"enemies":"Snake Plant","floor":23,"turns":3},{"damage":33,"enemies":"Sentry and Sphere","floor":25,"turns":5},{"damage":6,"enemies":"Snecko","floor":28,"turns":2},{"damage":23,"enemies":"3 Cultists","floor":31,"turns":4},{"damage":70,"enemies":"Champ","floor":33,"turns":6}],"seed_played":"472438542291375132","potions_obtained":[{"floor":1.0,"key":"Explosive Potion"},{"floor":4.0,"key":"AttackPotion"},{"floor":5.0,"key":"PowerPotion"},{"floor":13.0,"key":"Dexterity Potion"},{"floor":21,"key":"Block Potion"},{"floor":22,"key":"Regen Potion"}],"is_trial":false,"path_per_floor":["M","M","M","M","M","R","E","$","T","?","?","M","M","M","R","B",null,"M","$","?","M","M","M","R","M","T","R","M","R","?","M","R"],"character_chosen":"IRONCLAD","items_purchased":["Pen Nib"],"campfire_rested":3,"item_purchase_floors":[8],"current_hp_per_floor":[79,76,81,63,63,63,52,52,52,45,45,45,51,43,67,21,67,62,62,62,52,32,18,43,33,33,33,35,35,35,20,46,0],"gold":0,"neow_bonus":"TEN_PERCENT_HP_BONUS","is_prod":false,"is_daily":false,"chose_seed":false,"campfire_upgraded":3,"win_rate":0,"timestamp":1539725051,"path_taken":["M","M","M","?","M","R","E","$","T","?","?","M","?","M","R","BOSS","M","$","?","M","M","M","R","M","T","R","?","R","?","M","R","BOSS"],"build_version":"2018-10-15v2","purchased_purges":1,"victory":false,"max_hp_per_floor":[82,82,82,82,82,82,82,82,82,82,82,82,82,82,82,82,82,85,85,85,85,85,85,85,88,88,88,88,88,88,88,88,88],"card_choices":[{"not_picked":["Bloodletting","Anger"],"picked":"Dropkick","floor":1.0},{"not_picked":["Warcry","Blood for Blood"],"picked":"Heavy Blade","floor":2.0},{"not_picked":["Combust","Heavy Blade","Anger"],"picked":"SKIP","floor":3.0},{"not_picked":["Combust","Bloodletting","Body Slam"],"picked":"SKIP","floor":4.0},{"not_picked":["Clash","Havoc"],"picked":"Offering","floor":5.0},{"not_picked":["Second Wind","Wild Strike"],"picked":"Rage","floor":7.0},{"not_picked":["Pummel","Anger"],"picked":"Whirlwind","floor":12.0},{"not_picked":["Pummel","Warcry","Armaments"],"picked":"SKIP","floor":13.0},{"not_picked":["Blood for Blood","Clash"],"picked":"Clothesline","floor":14.0},{"not_picked":["Exhume","Barricade"],"picked":"Feed","floor":16.0},{"not_picked":["Anger","Clothesline"],"picked":"Spot Weakness","floor":18},{"not_picked":["Clash","Blood for Blood+1"],"picked":"Perfected Strike","floor":21},{"not_picked":["Shrug It Off","Iron Wave"],"picked":"Dropkick","floor":22},{"not_picked":["Second Wind+1","Clothesline","Havoc"],"picked":"SKIP","floor":23},{"not_picked":["Warcry","Havoc"],"picked":"Wild Strike","floor":25},{"not_picked":["Blood for Blood","Corruption"],"picked":"Perfected Strike","floor":28},{"not_picked":["Barricade","Havoc","Armaments"],"picked":"SKIP","floor":31}],"player_experience":692908,"relics_obtained":[{"floor":7.0,"key":"Anchor"},{"floor":9.0,"key":"Omamori"},{"floor":26,"key":"Blood Vial"}],"event_choices":[{"event_name":"Golden Wing","player_choice":"Card Removal","floor":10.0,"damage_taken":0.0},{"event_name":"Transmorgrifier","player_choice":"Transform","floor":11.0,"damage_taken":0.0},{"event_name":"Masked Bandits","player_choice":"Paid Fearfully","floor":20,"damage_taken":0},{"event_name":"Addict","player_choice":"Stole Relic","floor":30,"damage_taken":0}],"is_beta":true,"boss_relics":[{"not_picked":["Busted Crown","Runic Dome"],"picked":"Ectoplasm"}],"items_purged_floors":[19],"is_endless":false,"potions_floor_spawned":[1,4,5,13,21,22,23],"killed_by":"Champ","ascension_level":18}