{"gold_per_floor":[118,43,43,43,55,83,83,83,107,7,20,32,49,79,79,184,184,200,200,200,213,0,29,29,40,40,56,89,89,106,122,122,226,226,240,254,254,111,129,129,179,195,220,239,250,250,472,487,487,487,487,487,28,60,60],"floor_reached":56,"playtime":1988,"items_purged":["Strike_G","Strike_G","Escape Plan"],"score":1221,"play_id":"9e9bce09-0754-4108-bb71-5e6984c92f15","local_time":"20191024120229","is_ascension_mode":false,"campfire_choices":[{"data":"Deadly Poison","floor":7.0,"key":"SMITH"},{"data":"Neutralize","floor":15.0,"key":"SMITH"},{"data":"Footwork","floor":29.0,"key":"SMITH"},{"data":"Deadly Poison","floor":32.0,"key":"SMITH"},{"data":"Malaise","floor":40.0,"key":"SMITH"},{"data":"Well Laid Plans","floor":46.0,"key":"SMITH"},{"floor":49.0,"key":"RECALL"},{"data":"Survivor","floor":52.0,"key":"SMITH"}],"neow_cost":"NONE","seed_source_timestamp":973312530721,"circlet_count":0,"master_deck":["Defend_G","Defend_G","Defend_G","Survivor+1","Deadly Poison+1","Malaise+1","Acrobatics+1","Crippling Poison+1","Deadly Poison+1","Well Laid Plans+1","Catalyst+1","Footwork+1","Deadly Poison+1"],"special_seed":0,"relics":["Ring of the Serpent","NeowsBlessing","Bag of Preparation","Art of War","Anchor","Astrolabe","Enchiridion","Happy Flower","StoneCalendar","Shuriken","Red Mask","Lantern","Torii","CeramicFish","Paper Crane","Medical Kit","Bag of Marbles"],"potions_floor_usage":[55,55,55,55,55,55],"damage_taken":[{"damage":0.0,"enemies":"Cultist","floor":1.0,"turns":1.0},{"damage":0.0,"enemies":"Small Slimes","floor":5.0,"turns":1.0},{"damage":0.0,"enemies":"3 Sentries","floor":6.0,"turns":2.0},{"damage":0.0,"enemies":"Jaw Worm","floor":11.0,"turns":4.0},{"damage":0.0,"enemies":"Exordium Thugs","floor":12.0,"turns":7.0},{"damage":0.0,"enemies":"Looter","floor":13.0,"turns":4.0},{"damage":26.0,"enemies":"Hexaghost","floor":16.0,"turns":12.0},{"damage":0.0,"enemies":"2 Thieves","floor":18.0,"turns":5.0},{"damage":0.0,"enemies":"Spheric Guardian","floor":21.0,"turns":3.0},{"damage":7.0,"enemies":"Gremlin Leader","floor":23.0,"turns":6.0},{"damage":0.0,"enemies":"Centurion and Healer","floor":25.0,"turns":6.0},{"damage":0.0,"enemies":"Cultist and Chosen","floor":27.0,"turns":4.0},{"damage":5.0,"enemies":"Masked Bandits","floor":28.0,"turns":4.0},{"damage":0.0,"enemies":"Snecko","floor":30.0,"turns":4.0},{"damage":0.0,"enemies":"Centurion and Healer","floor":31.0,"turns":6.0},{"damage":1.0,"enemies":"Collector","floor":33.0,"turns":5.0},{"damage":0.0,"enemies":"3 Darklings","floor":35.0,"turns":4.0},{"damage":0.0,"enemies":"3 Shapes","floor":36.0,"turns":6.0},{"damage":2.0,"enemies":"Spire Growth","floor":39.0,"turns":4.0},{"damage":0.0,"enemies":"Mind Bloom Boss Battle","floor":41.0,"turns":4.0},{"damage":0.0,"enemies":"Sphere and 2 Shapes","floor":42.0,"turns":3.0},{"damage":0.0,"enemies":"4 Shapes","floor":44.0,"turns":5.0},{"damage":0.0,"enemies":"Transient","floor":45.0,"turns":5.0},{"damage":1.0,"enemies":"Writhing Mass","floor":48.0,"turns":3.0},{"damage":44.0,"enemies":"Donu and Deca","floor":50.0,"turns":7.0},{"damage":14.0,"enemies":"Shield and Spear","floor":54.0,"turns":7.0},{"damage":26,"enemies":"The Heart","floor":55,"turns":7}],"seed_played":"4338768796956336017","potions_obtained":[{"floor":5.0,"key":"Fire Potion"},{"floor":16.0,"key":"Swift Potion"},{"floor":21.0,"key":"DuplicationPotion"},{"floor":25.0,"key":"EntropicBrew"},{"floor":27.0,"key":"Strength Potion"},{"floor":31.0,"key":"SkillPotion"},{"floor":35.0,"key":"LiquidBronze"},{"floor":39.0,"key":"LiquidBronze"},{"floor":48.0,"key":"Poison Potion"},{"floor":54.0,"key":"Ancient Potion"}],"is_trial":false,"path_per_floor":["M","$","?","?","M","E","R","T","T","$","M","M","M","?","R","B",null,"M","?","?","M","$","E","T","M","T","M","?","R","M","M","R","B",null,"M","M","?","$","M","R","?","M","T","M","M","R","?","M","R","B",null,"R","$","E","B",null],"character_chosen":"THE_SILENT","items_purchased":["Well Laid Plans","SpeedPotion","Lantern","Paper Crane","Medical Kit","EssenceOfSteel"],"campfire_rested":0,"item_purchase_floors":[22,22,38,53,53,53],"current_hp_per_floor":[70,70,70,70,70,70,70,70,70,70,70,70,70,70,70,44,70,70,70,54,54,54,47,47,47,47,47,42,42,42,42,42,41,70,70,70,70,70,68,68,68,68,68,68,68,68,68,67,67,23,70,70,70,56,30],"gold":60,"neow_bonus":"THREE_ENEMY_KILL","is_prod":false,"is_daily":false,"chose_seed":false,"campfire_upgraded":7,"win_rate":0,"timestamp":1571911349,"path_taken":["M","$","?","?","?","E","R","?","T","$","M","M","M","?","R","BOSS","M","?","?","M","$","E","?","M","T","?","?","R","M","M","R","BOSS","M","M","?","$","M","R","?","M","T","?","M","R","?","M","R","BOSS","R","$","E","BOSS"],"build_version":"2019-10-23","purchased_purges":3,"victory":true,"max_hp_per_floor":[70,70,70,70,70,70,70,70,70,70,70,70,70,70,70,70,70,70,70,70,70,70,70,70,70,70,70,70,70,70,70,70,70,70,70,70,70,70,70,70,70,70,70,70,70,70,70,70,70,70,70,70,70,70,70],"card_choices":[{"not_picked":["Dagger Spray","Flying Knee","Prepared"],"picked":"SKIP","floor":1.0},{"not_picked":["Outmaneuver","Predator"],"picked":"Deadly Poison","floor":5.0},{"not_picked":["Dodge and Roll","Backflip","Endless Agony"],"picked":"SKIP","floor":6.0},{"not_picked":["Dodge and Roll","Acrobatics","Predator"],"picked":"SKIP","floor":11.0},{"not_picked":["Outmaneuver","Dagger Spray","Quick Slash"],"picked":"SKIP","floor":12.0},{"not_picked":["Blur","Slice","Poisoned Stab"],"picked":"SKIP","floor":13.0},{"not_picked":["Glass Knife","Adrenaline"],"picked":"Malaise","floor":16.0},{"not_picked":["Heel Hook","Tactician","Bane"],"picked":"SKIP","floor":18.0},{"not_picked":["Slice","Deflect","Backstab"],"picked":"SKIP","floor":21.0},{"not_picked":["Outmaneuver","Prepared","Calculated Gamble+1"],"picked":"SKIP","floor":23.0},{"not_picked":["Skewer","Slice"],"picked":"Catalyst+1","floor":25.0},{"not_picked":["Quick Slash","Dagger Throw","Escape Plan+1"],"picked":"SKIP","floor":27.0},{"not_picked":["Choke","Finisher"],"picked":"Footwork","floor":28.0},{"not_picked":["Deflect+1","Accuracy","Backstab+1"],"picked":"SKIP","floor":30.0},{"not_picked":["Prepared","Well Laid Plans+1","Blade Dance"],"picked":"SKIP","floor":31.0},{"not_picked":["Outmaneuver","Infinite Blades+1","Flying Knee+1"],"picked":"SKIP","floor":35.0},{"not_picked":["Deflect+1","Cloak And Dagger"],"picked":"Deadly Poison+1","floor":36.0},{"not_picked":["Sucker Punch","Blur+1","Flechettes+1"],"picked":"SKIP","floor":39.0},{"not_picked":["Dagger Throw+1","Bane","Deflect"],"picked":"SKIP","floor":42.0},{"not_picked":["Terror+1","Deflect","Slice"],"picked":"SKIP","floor":44.0},{"not_picked":["Poisoned Stab+1","Caltrops","Dodge and Roll"],"picked":"SKIP","floor":45.0},{"not_picked":["All Out Attack+1","Infinite Blades","Backflip+1"],"picked":"SKIP","floor":48.0},{"not_picked":["Dagger Spray","Dagger Throw+1","Cloak And Dagger+1"],"picked":"SKIP","floor":54.0}],"player_experience":889546,"relics_obtained":[{"floor":6.0,"key":"Bag of Preparation"},{"floor":8.0,"key":"Art of War"},{"floor":20.0,"key":"Enchiridion"},{"floor":23.0,"key":"Happy Flower"},{"floor":24.0,"key":"StoneCalendar"},{"floor":26.0,"key":"Shuriken"},{"floor":28.0,"key":"Red Mask"},{"floor":41.0,"key":"Torii"},{"floor":43.0,"key":"CeramicFish"},{"floor":54.0,"key":"Bag of Marbles"}],"event_choices":[{"cards_removed":["Strike_G"],"damage_healed":0.0,"max_hp_gain":0.0,"max_hp_loss":0.0,"gold_gain":0.0,"event_name":"Living Wall","player_choice":"Forget","floor":3.0,"gold_loss":0.0,"damage_taken":0.0},{"cards_removed":["Strike_G"],"damage_healed":0.0,"max_hp_gain":0.0,"max_hp_loss":0.0,"gold_gain":0.0,"event_name":"Purifier","player_choice":"Purged","floor":4.0,"gold_loss":0.0,"damage_taken":0.0},{"damage_healed":0.0,"max_hp_gain":0.0,"max_hp_loss":0.0,"gold_gain":30.0,"event_name":"Dead Adventurer","player_choice":"Searched \u00273\u0027 times","floor":14.0,"gold_loss":0.0,"damage_taken":0.0,"relics_obtained":["Anchor"]},{"damage_healed":0.0,"max_hp_gain":0.0,"max_hp_loss":0.0,"gold_gain":0.0,"cards_transformed":["Finisher","Defend_G"],"event_name":"Drug Dealer","player_choice":"Became Test Subject","floor":19.0,"gold_loss":0.0,"damage_taken":0.0,"cards_obtained":["Escape Plan","Deadly Poison"]},{"damage_healed":0.0,"max_hp_gain":0.0,"max_hp_loss":0.0,"gold_gain":0.0,"event_name":"Cursed Tome","player_choice":"Obtained Book","floor":20.0,"gold_loss":0.0,"damage_taken":16.0},{"damage_healed":0.0,"max_hp_gain":0.0,"max_hp_loss":0.0,"gold_gain":0.0,"event_name":"Masked Bandits","player_choice":"Fought Bandits","floor":28.0,"gold_loss":0.0,"damage_taken":0.0},{"damage_healed":0.0,"max_hp_gain":0.0,"max_hp_loss":0.0,"gold_gain":0.0,"event_name":"Mysterious Sphere","player_choice":"Ignored","floor":37.0,"gold_loss":0.0,"damage_taken":0.0},{"damage_healed":0.0,"max_hp_gain":0.0,"max_hp_loss":0.0,"gold_gain":0.0,"event_name":"MindBloom","player_choice":"Fight","floor":41.0,"gold_loss":0.0,"damage_taken":0.0},{"damage_healed":0.0,"max_hp_gain":0.0,"max_hp_loss":0.0,"gold_gain":222.0,"event_name":"Tomb of Lord Red Mask","player_choice":"Wore Mask","floor":47.0,"gold_loss":0.0,"damage_taken":0.0}],"is_beta":true,"boss_relics":[{"not_picked":["Velvet Choker","Runic Dome"],"picked":"Astrolabe"},{"not_picked":["Black Star","WristBlade"],"picked":"Ring of the Serpent"}],"items_purged_floors":[2,10,22],"is_endless":false,"potions_floor_spawned":[5,16,21,25,27,31,35,39,48,54],"ascension_level":0}