{"gold_per_floor":[114,114,114,114,39,69,84,116,116,131,146,158,172,183,183,279,279,298,298,198,215,232,232,331,206,231,258,276,288,288,303,303,406,406,425,425,479,494,510,510,360,360,386,134,134,153,169,199,199,199],"floor_reached":50,"playtime":3886,"items_purged":["Strike_R","Defend_R","Strike_R","Strike_R","Strike_R"],"score":531,"play_id":"a16a887b-4bfc-4f5c-b167-21daee10c32e","local_time":"20181011234205","is_ascension_mode":false,"campfire_choices":[{"floor":15,"key":"REST"},{"data":"Armaments","floor":23,"key":"SMITH"},{"floor":30,"key":"REST"},{"floor":32,"key":"REST"},{"floor":40,"key":"REST"},{"floor":42,"key":"REST"},{"data":"Limit Break","floor":49,"key":"SMITH"}],"neow_cost":"PERCENT_DAMAGE","seed_source_timestamp":0,"circlet_count":0,"master_deck":["Defend_R","Defend_R","Defend_R","Bash","Clothesline","Infernal Blade","Whirlwind","Armaments+1","Cleave","Rampage","True Grit","Bludgeon","Flame Barrier","Feed","Wild Strike+1","Sever Soul+1","Inflame+1","Thunderclap+1","Sever Soul+1","Spot Weakness","Carnage","Power Through","Limit Break+1"],"special_seed":0,"relics":["Burning Blood","Pocketwatch","Champion Belt","Dodecahedron","Omamori","Bottled Lightning","Sozu","Potion Belt","Dream Catcher","Mark of Pain","Turnip","Dead Branch","Bronze Scales","Happy Flower"],"potions_floor_usage":[16,16,50],"damage_taken":[{"damage":1.0,"enemies":"Cultist","floor":1.0,"turns":3.0},{"damage":27,"enemies":"3 Sentries","floor":6,"turns":12},{"damage":3,"enemies":"Jaw Worm","floor":7,"turns":4},{"damage":25,"enemies":"Lagavulin","floor":8,"turns":6},{"damage":0,"enemies":"2 Louse","floor":10,"turns":2},{"damage":1,"enemies":"Exordium Wildlife","floor":11,"turns":3},{"damage":10,"enemies":"Red Slaver","floor":12,"turns":3},{"damage":10,"enemies":"2 Fungi Beasts","floor":13,"turns":3},{"damage":1,"enemies":"3 Louse","floor":14,"turns":3},{"damage":23,"enemies":"Hexaghost","floor":16,"turns":10},{"damage":15,"enemies":"Shell Parasite","floor":18,"turns":6},{"damage":0,"enemies":"Chosen","floor":21,"turns":4},{"damage":33,"enemies":"Sentry and Sphere","floor":22,"turns":6},{"damage":49,"enemies":"Slavers","floor":27,"turns":6},{"damage":2,"enemies":"Cultist and Chosen","floor":28,"turns":6},{"damage":7,"enemies":"Shelled Parasite and Fungi","floor":29,"turns":5},{"damage":29,"enemies":"Sentry and Sphere","floor":31,"turns":9},{"damage":33,"enemies":"Champ","floor":33,"turns":13},{"damage":20,"enemies":"3 Shapes","floor":35,"turns":5},{"damage":25,"enemies":"Mind Bloom Boss Battle","floor":36,"turns":9},{"damage":35,"enemies":"Mysterious Sphere","floor":37,"turns":5},{"damage":17,"enemies":"3 Darklings","floor":38,"turns":3},{"damage":21,"enemies":"Sphere and 2 Shapes","floor":39,"turns":4},{"damage":21,"enemies":"Maw","floor":46,"turns":6},{"damage":23,"enemies":"3 Darklings","floor":47,"turns":4},{"damage":6,"enemies":"2 Orb Walkers","floor":48,"turns":4},{"damage":68,"enemies":"Awakened One","floor":50,"turns":5}],"seed_played":"-8684175091105101643","potions_obtained":[{"floor":7,"key":"SpeedPotion"},{"floor":8,"key":"Dexterity Potion"},{"floor":10,"key":"Regen Potion"},{"floor":13,"key":"PowerPotion"},{"floor":14,"key":"PowerPotion"}],"is_trial":false,"path_per_floor":["M","?","?","?","$","E","M","E","T","M","M","M","M","M","R","B",null,"M","?","$","M","M","R","?","$","T","E","M","M","R","M","R","B",null,"M","?","?","M","M","R","$","R","T","$","?","M","M","E","R"],"character_chosen":"IRONCLAD","items_purchased":["Carnage"],"campfire_rested":5,"item_purchase_floors":[44],"current_hp_per_floor":[61,54,54,54,54,33,36,17,17,23,28,24,20,25,49,32,80,71,71,71,77,50,50,50,50,50,7,11,10,34,11,35,8,80,70,55,29,18,7,35,35,63,63,63,87,72,55,55,55,0],"gold":199,"neow_bonus":"ONE_RARE_RELIC","is_prod":false,"is_daily":false,"chose_seed":false,"campfire_upgraded":2,"win_rate":0,"timestamp":1539272525,"path_taken":["M","?","?","?","?","E","M","E","T","?","?","M","?","?","R","BOSS","M","?","$","M","M","R","?","$","T","E","M","M","R","M","R","BOSS","M","?","?","?","M","R","$","R","T","$","?","M","M","E","R","BOSS"],"build_version":"2018-10-04v2","purchased_purges":5,"victory":false,"max_hp_per_floor":[80,80,80,80,80,80,80,80,80,80,80,80,80,80,80,80,80,80,80,80,80,80,80,80,80,80,80,80,80,80,80,80,80,80,84,88,91,91,95,95,95,95,95,95,95,95,95,95,95,95],"card_choices":[{"not_picked":["Twin Strike","Rage"],"picked":"Clothesline","floor":1},{"not_picked":["Hemokinesis","Flex"],"picked":"Whirlwind","floor":6},{"not_picked":["Wild Strike","Feel No Pain","Clash"],"picked":"SKIP","floor":7},{"not_picked":["Bloodletting","Pommel Strike","Wild Strike"],"picked":"SKIP","floor":8},{"not_picked":["Pommel Strike","Twin Strike","Wild Strike"],"picked":"SKIP","floor":10},{"not_picked":["Barricade","Headbutt","Body Slam"],"picked":"SKIP","floor":11},{"not_picked":["Body Slam","Clothesline","Pommel Strike"],"picked":"SKIP","floor":12},{"not_picked":["Uppercut","Cleave"],"picked":"Armaments","floor":13},{"not_picked":["Armaments","Rage"],"picked":"Cleave","floor":14},{"not_picked":["Iron Wave","Fire Breathing+1","Clothesline"],"picked":"SKIP","floor":18},{"not_picked":["Headbutt","Twin Strike"],"picked":"Rampage","floor":21},{"not_picked":["Disarm","Flex","Sentinel"],"picked":"SKIP","floor":22},{"not_picked":["Spot Weakness","Feel No Pain"],"picked":"True Grit","floor":27},{"not_picked":["Feel No Pain+1","Perfected Strike","Anger"],"picked":"SKIP","floor":28},{"not_picked":["Combust","Armaments"],"picked":"Bludgeon","floor":29},{"not_picked":["Wild Strike","Flex+1"],"picked":"Flame Barrier","floor":30},{"not_picked":["Pommel Strike","Heavy Blade","Anger"],"picked":"SKIP","floor":31},{"not_picked":["Fiend Fire","Dark Embrace"],"picked":"Feed","floor":33},{"not_picked":["Pommel Strike+1","Battle Trance+1","Flex+1"],"picked":"SKIP","floor":35},{"not_picked":["Shockwave","Sentinel"],"picked":"Wild Strike+1","floor":36},{"not_picked":["Feel No Pain+1","Pummel+1"],"picked":"Sever Soul+1","floor":37},{"not_picked":["Dual Wield","Wild Strike"],"picked":"Inflame+1","floor":38},{"not_picked":["Iron Wave+1","Wild Strike+1"],"picked":"Thunderclap+1","floor":39},{"not_picked":["Twin Strike","Body Slam+1"],"picked":"Sever Soul+1","floor":40},{"not_picked":["Flex+1","Clothesline"],"picked":"Spot Weakness","floor":42},{"not_picked":["Flame Barrier","Havoc","Barricade"],"picked":"SKIP","floor":46},{"not_picked":["Evolve+1","Twin Strike"],"picked":"Power Through","floor":47},{"not_picked":["Hemokinesis+1","Heavy Blade+1"],"picked":"Limit Break","floor":48}],"player_experience":306792,"relics_obtained":[{"floor":4,"key":"Champion Belt"},{"floor":6,"key":"Dodecahedron"},{"floor":8,"key":"Omamori"},{"floor":9,"key":"Bottled Lightning"},{"floor":26,"key":"Potion Belt"},{"floor":27,"key":"Dream Catcher"},{"floor":36,"key":"Turnip"},{"floor":37,"key":"Dead Branch"},{"floor":43,"key":"Bronze Scales"},{"floor":48,"key":"Happy Flower"}],"event_choices":[{"event_name":"Golden Wing","player_choice":"Card Removal","floor":2,"damage_taken":0},{"event_name":"Match and Keep!","player_choice":"1 cards matched","floor":3,"damage_taken":0},{"event_name":"Wheel of Change","player_choice":"Relic","floor":4,"damage_taken":0},{"event_name":"Vampires","player_choice":"Ignored","floor":19,"damage_taken":0},{"event_name":"Nest","player_choice":"Stole From Cult","floor":24,"damage_taken":0},{"event_name":"MindBloom","player_choice":"Fight","floor":36,"damage_taken":0},{"event_name":"Mysterious Sphere","player_choice":"Fight","floor":37,"damage_taken":0},{"event_name":"Winding Halls","player_choice":"Writhe","floor":45,"damage_taken":0}],"is_beta":false,"boss_relics":[{"not_picked":["Tiny House","Orrery"],"picked":"Sozu"},{"not_picked":["Runic Pyramid","Eternal Feather"],"picked":"Mark of Pain"}],"items_purged_floors":[5,20,25,41,44],"is_endless":false,"potions_floor_spawned":[7,8,10,13,14,22,27,29,35,37,47],"killed_by":"Awakened One","ascension_level":0}