{"gold_per_floor":[117,135,8,28,28,28,44,44,44,44,75,95,128,141,141,245,245,263,277,293,15,15,15,31,45,68,83,117,54,54,68,68,173,173,191,191,202,202,202,202,237,248,248,265,9,26,26,57,57,57],"floor_reached":50,"playtime":3912,"items_purged":["Strike_B","Strike_B"],"score":777,"play_id":"8ac64fde-f651-4ba9-96cc-c6d7c3d6c1bb","local_time":"20180727145515","is_ascension_mode":true,"campfire_choices":[{"data":"Streamline","floor":6,"key":"SMITH"},{"data":"Storm","floor":8,"key":"SMITH"},{"data":"Streamline","floor":15,"key":"SMITH"},{"data":"Defragment","floor":23,"key":"SMITH"},{"data":"Consume","floor":30,"key":"SMITH"},{"data":"Defragment","floor":32,"key":"SMITH"},{"data":"Creative AI","floor":40,"key":"SMITH"},{"data":"Storm","floor":47,"key":"SMITH"},{"floor":49,"key":"REST"}],"neow_cost":"NONE","seed_source_timestamp":12838384781211,"circlet_count":0,"master_deck":["Strike_B","Strike_B","Defend_B","Defend_B","Defend_B","Zap","Dualcast","Self Repair","Heatsinks","Self Repair","Storm+1","Sweeping Beam","Go for the Eyes+1","Streamline+1","Static Discharge","Leap","Streamline+1","Static Discharge","Echo Form","Sunder","Self Repair","Consume+1","Cold Snap","Defragment+1","Coolheaded","Go for the Eyes","Creative AI+1","Defragment+1","Meteor Strike+1","Fusion+1","Jack Of All Trades+1","Storm+1","Turbo+1","Turbo+1"],"relics":["FrozenCore","Cables","Blue Candle","Strawberry","Sozu","Runic Capacitor","Orichalcum","MawBank","Regal Pillow","Mercury Hourglass","Whetstone","Lantern"],"potions_floor_usage":[11,13,20,28,50],"damage_taken":[{"damage":9,"enemies":"Jaw Worm","floor":1,"turns":5},{"damage":1,"enemies":"Cultist","floor":2,"turns":3},{"damage":0,"enemies":"2 Louse","floor":4,"turns":2},{"damage":20,"enemies":"Exordium Wildlife","floor":7,"turns":4},{"damage":10,"enemies":"Gremlin Nob","floor":11,"turns":3},{"damage":6,"enemies":"2 Fungi Beasts","floor":12,"turns":2},{"damage":4,"enemies":"3 Sentries","floor":13,"turns":4},{"damage":3,"enemies":"Red Slaver","floor":14,"turns":3},{"damage":55,"enemies":"Hexaghost","floor":16,"turns":6},{"damage":10,"enemies":"3 Byrds","floor":18,"turns":1},{"damage":6,"enemies":"Spheric Guardian","floor":19,"turns":3},{"damage":53,"enemies":"Slaver and Parasite","floor":20,"turns":5},{"damage":12,"enemies":"Cultist and Chosen","floor":24,"turns":4},{"damage":28,"enemies":"Snecko","floor":25,"turns":5},{"damage":9,"enemies":"Centurion and Healer","floor":27,"turns":6},{"damage":4,"enemies":"Book of Stabbing","floor":28,"turns":4},{"damage":22,"enemies":"3 Cultists","floor":31,"turns":5},{"damage":18,"enemies":"Champ","floor":33,"turns":7},{"damage":0,"enemies":"Orb Walker","floor":35,"turns":4},{"damage":8,"enemies":"3 Shapes","floor":37,"turns":3},{"damage":5,"enemies":"Giant Head","floor":41,"turns":7},{"damage":0,"enemies":"Sphere and 2 Shapes","floor":42,"turns":5},{"damage":19,"enemies":"Flame Bruiser 2 Orb","floor":44,"turns":4},{"damage":24,"enemies":"Transient","floor":46,"turns":5},{"damage":40,"enemies":"Nemesis","floor":48,"turns":5},{"damage":82,"enemies":"Awakened One","floor":50,"turns":6}],"seed_played":"3239696665979241211","potions_obtained":[{"floor":1,"key":"Ancient Potion"},{"floor":2,"key":"Fire Potion"},{"floor":11,"key":"Block Potion"},{"floor":12,"key":"Dexterity Potion"},{"floor":13,"key":"FocusPotion"}],"is_trial":false,"path_per_floor":["M","M","$","M","?","R","M","R","T","$","E","M","E","M","R","B",null,"M","M","M","$","?","R","M","M","T","M","E","$","R","M","R","B",null,"M","?","M","?","?","R","E","M","T","M","$","M","R","E","R"],"character_chosen":"DEFECT","items_purchased":["Storm","Sweeping Beam","Go for the Eyes","Runic Capacitor","Consume","Cold Snap","Whetstone"],"campfire_rested":1,"item_purchase_floors":[3,3,3,21,21,21,45],"current_hp_per_floor":[66,65,65,75,75,75,69,69,69,69,73,67,77,81,81,40,72,62,63,31,31,31,31,40,26,26,52,62,62,62,61,61,57,76,76,66,72,72,72,72,82,82,82,63,63,60,60,48,82,0],"gold":57,"neow_bonus":"THREE_CARDS","is_prod":false,"is_daily":false,"chose_seed":false,"campfire_upgraded":8,"win_rate":0,"timestamp":1532696115,"path_taken":["M","M","$","M","?","R","M","R","T","?","E","?","E","M","R","BOSS","M","M","?","$","?","R","M","M","T","?","E","?","R","M","R","BOSS","M","?","M","?","?","R","E","M","T","M","$","M","R","E","R","BOSS"],"build_version":"2018-07-26","purchased_purges":2,"victory":false,"max_hp_per_floor":[75,75,75,75,75,75,75,75,75,75,75,75,82,82,82,82,82,82,82,82,82,82,82,82,82,82,82,82,82,82,82,82,82,82,82,82,82,82,82,82,82,82,82,82,82,82,82,82,82,82],"card_choices":[{"not_picked":["Loop","Redo"],"picked":"Self Repair","floor":0},{"not_picked":["Steam Power","Doom and Gloom"],"picked":"Heatsinks","floor":1},{"not_picked":["Coolheaded","Redo"],"picked":"Self Repair","floor":2},{"not_picked":["Coolheaded","Stack"],"picked":"Streamline","floor":4},{"not_picked":["Turbo","Rebound"],"picked":"Static Discharge","floor":7},{"not_picked":["Gash","Ball Lightning"],"picked":"Auto Shields","floor":11},{"not_picked":["Barrage","Beam Cell"],"picked":"Leap","floor":12},{"not_picked":["Sweeping Beam","FTL"],"picked":"Streamline","floor":13},{"not_picked":["Aggregate","Darkness"],"picked":"Static Discharge","floor":14},{"not_picked":["Rainbow","Core Surge"],"picked":"Echo Form","floor":16},{"not_picked":["Streamline","Compile Driver"],"picked":"Sunder","floor":18},{"not_picked":["Reprogram","Reinforced Body"],"picked":"Self Repair","floor":19},{"not_picked":["Steam Power+1","Streamline","Stack"],"picked":"SKIP","floor":20},{"not_picked":["Streamline","Hologram"],"picked":"Coolheaded","floor":24},{"not_picked":["Fusion+1","Gash"],"picked":"Go for the Eyes","floor":25},{"not_picked":["Leap","Double Energy"],"picked":"Creative AI","floor":27},{"not_picked":["Sweeping Beam+1","Beam Cell","Darkness"],"picked":"SKIP","floor":28},{"not_picked":["Chill","Stack"],"picked":"Defragment","floor":31},{"not_picked":["Rainbow","Creative AI"],"picked":"Meteor Strike","floor":33},{"not_picked":["Leap+1","Cold Snap"],"picked":"Fusion+1","floor":35},{"not_picked":["Mind Blast","The Bomb"],"picked":"Jack Of All Trades","floor":36},{"not_picked":["Coolheaded+1","Go for the Eyes+1","Skim+1"],"picked":"SKIP","floor":37},{"not_picked":["Biased Cognition","Sweeping Beam","Go for the Eyes"],"picked":"SKIP","floor":41},{"not_picked":["Sweeping Beam+1","Steam+1","Skim"],"picked":"SKIP","floor":42},{"not_picked":["Scrape+1","Coolheaded"],"picked":"Storm","floor":44},{"not_picked":["Reprogram","Static Discharge"],"picked":"Turbo+1","floor":46},{"not_picked":["Static Discharge+1","Redo+1"],"picked":"Turbo+1","floor":48}],"player_experience":442472,"relics_obtained":[{"floor":9,"key":"Cables"},{"floor":11,"key":"Blue Candle"},{"floor":13,"key":"Strawberry"},{"floor":26,"key":"Orichalcum"},{"floor":28,"key":"MawBank"},{"floor":41,"key":"Regal Pillow"},{"floor":43,"key":"Mercury Hourglass"},{"floor":48,"key":"Lantern"}],"event_choices":[{"event_name":"Bonfire Elementals","player_choice":"BASIC","floor":5,"damage_taken":0},{"event_name":"The Library","player_choice":"Read","floor":22,"damage_taken":0},{"event_name":"SensoryStone","player_choice":"Memory 3","floor":36,"damage_taken":0},{"event_name":"Falling","player_choice":"Removed Skill","floor":38,"damage_taken":0},{"event_name":"Upgrade Shrine","player_choice":"Upgraded","floor":39,"damage_taken":0}],"is_beta":true,"boss_relics":[{"not_picked":["Lizard Tail","Empty Cage"],"picked":"Sozu"},{"not_picked":["White Beast Statue","Runic Pyramid"],"picked":"FrozenCore"}],"items_purged_floors":[29,45],"is_endless":false,"potions_floor_spawned":[1,2,11,12,13,20,27,31,35,42,46],"killed_by":"Awakened One","ascension_level":9}