{"gold_per_floor":[115,65,79,79,79,115,136,152,200,200,251,176,192,89,89,212,250,274,174,195,211,211,211,211,225,225,150,191,191,66,80,80,204,204,225,245,259,277,78,78,109,109,109,144,191,47,66,66,66,66],"floor_reached":51,"playtime":3818,"items_purged":["Strike_R","Strike_R","Strike_R","Strike_R+1"],"score":1018,"play_id":"a3402a48-cfc5-499c-b295-6995feda564e","local_time":"20180702193645","is_ascension_mode":true,"campfire_choices":[{"floor":10.0,"key":"REST"},{"floor":15.0,"key":"REST"},{"floor":23.0,"key":"REST"},{"floor":29.0,"key":"REST"},{"floor":32.0,"key":"REST"},{"floor":40,"key":"REST"},{"floor":42,"key":"REST"},{"floor":49,"key":"REST"}],"neow_cost":"","seed_source_timestamp":0,"circlet_count":0,"master_deck":["Defend_R","Bash","Dual Wield","Flash of Steel","Offering"],"special_seed":0,"relics":["Fusion Hammer","Golden Idol","Bottled Lightning","Vajra","Oddly Smooth Stone","Tiny House","Kunai","Omamori","Black Star","Ancient Tea Set","Anchor","Darkstone Periapt","Pear","Toxic Egg 2","Blood Vial","Pen Nib"],"potions_floor_usage":[38,50,50,50],"damage_taken":[{"damage":0.0,"enemies":"Cultist","floor":1.0,"turns":3.0},{"damage":1.0,"enemies":"2 Louse","floor":3.0,"turns":3.0},{"damage":26.0,"enemies":"Lagavulin","floor":6.0,"turns":7.0},{"damage":0.0,"enemies":"Small Slimes","floor":7.0,"turns":3.0},{"damage":5.0,"enemies":"Exordium Wildlife","floor":8.0,"turns":6.0},{"damage":1.0,"enemies":"Red Slaver","floor":13.0,"turns":3.0},{"damage":82.0,"enemies":"Hexaghost","floor":16.0,"turns":11.0},{"damage":14.0,"enemies":"Spheric Guardian","floor":18.0,"turns":4.0},{"damage":22.0,"enemies":"Chosen","floor":20.0,"turns":5.0},{"damage":15.0,"enemies":"Snake Plant","floor":21.0,"turns":7.0},{"damage":25.0,"enemies":"3 Cultists","floor":25.0,"turns":6.0},{"damage":17.0,"enemies":"Book of Stabbing","floor":28.0,"turns":6.0},{"damage":4.0,"enemies":"Slaver and Parasite","floor":31.0,"turns":2.0},{"damage":4.0,"enemies":"Collector","floor":33.0,"turns":2.0},{"damage":4,"enemies":"3 Darklings","floor":35,"turns":1},{"damage":25,"enemies":"3 Shapes","floor":36,"turns":2},{"damage":4,"enemies":"Maw","floor":37,"turns":1},{"damage":16,"enemies":"Sphere and 2 Shapes","floor":38,"turns":3},{"damage":4,"enemies":"Giant Head","floor":41,"turns":1},{"damage":4,"enemies":"Nemesis","floor":44,"turns":1},{"damage":4,"enemies":"3 Darklings","floor":47,"turns":1},{"damage":4,"enemies":"Donu and Deca","floor":50,"turns":1}],"seed_played":"-7394880912849184000","potions_obtained":[{"floor":4.0,"key":"EssenceOfSteel"},{"floor":4.0,"key":"EntropicBrew"},{"floor":4.0,"key":"LiquidBronze"},{"floor":7.0,"key":"Energy Potion"},{"floor":13.0,"key":"Regen Potion"},{"floor":16.0,"key":"PowerPotion"},{"floor":17.0,"key":"SkillPotion"},{"floor":20.0,"key":"Dexterity Potion"},{"floor":25.0,"key":"SpeedPotion"},{"floor":31.0,"key":"LiquidBronze"},{"floor":35,"key":"GamblersBrew"},{"floor":37,"key":"Fire Potion"},{"floor":47,"key":"Strength Potion"}],"is_trial":false,"path_per_floor":["M","?","M","?","?","E","M","M","T","R","T","$","M","$","R","B",null,"M","$","M","M","?","R","?","M","T","?","E","R","$","M","R","B",null,"M","M","M","M","$","R","E","R","T","E","T","$","M","$","R","B"],"character_chosen":"IRONCLAD","items_purchased":["Flash of Steel","Energy Potion","Pen Nib"],"campfire_rested":8,"item_purchase_floors":[],"current_hp_per_floor":[80,80,79,79,59,33,33,28,28,52,52,52,51,51,75,8,85,71,71,49,34,34,59,85,60,60,60,43,68,68,64,85,81,85,81,56,52,36,36,61,57,82,82,88,88,88,86,86,95,91],"gold":66,"neow_bonus":"","is_prod":false,"is_daily":false,"chose_seed":false,"campfire_upgraded":0,"win_rate":0,"timestamp":1530531405,"path_taken":["M","?","M","?","?","E","M","M","T","R","?","?","M","$","R","BOSS","M","$","M","M","?","R","?","M","T","?","E","R","$","?","R","BOSS","M","M","?","M","?","R","E","R","T","E","?","$","?","?","R","BOSS"],"build_version":"2018-06-28","purchased_purges":4,"victory":true,"max_hp_per_floor":[80,80,80,80,80,80,80,80,80,80,80,80,80,80,80,80,85,85,85,85,85,85,85,85,85,85,85,85,85,85,85,85,85,85,85,85,85,85,85,85,85,85,85,95,95,95,95,95,95,95],"card_choices":[{"not_picked":["Wild Strike","Thunderclap"],"picked":"Dual Wield","floor":1.0},{"not_picked":["Metallicize","Flex","Body Slam"],"picked":"SKIP","floor":3.0},{"not_picked":["Iron Wave","Second Wind","Clothesline"],"picked":"SKIP","floor":6.0},{"not_picked":["Heavy Blade","Entrench","Body Slam"],"picked":"SKIP","floor":7.0},{"not_picked":["Heavy Blade","Fire Breathing","Clothesline"],"picked":"SKIP","floor":8.0},{"not_picked":["Shrug It Off","Intimidate","Body Slam"],"picked":"SKIP","floor":13.0},{"not_picked":["Clash","Heavy Blade","Armaments"],"picked":"SKIP","floor":18.0},{"not_picked":["Carnage","Warcry","Rampage+1"],"picked":"SKIP","floor":20.0},{"not_picked":["Armaments+1","Pummel","Warcry"],"picked":"SKIP","floor":21.0},{"not_picked":["Pommel Strike","Wild Strike"],"picked":"Offering","floor":25.0},{"not_picked":["Clash","Reckless Charge","Battle Trance"],"picked":"SKIP","floor":28.0},{"not_picked":["Heavy Blade","Thunderclap","Pommel Strike"],"picked":"SKIP","floor":31.0},{"not_picked":["Warcry+1","Corruption+1","Heavy Blade+1"],"picked":"SKIP","floor":35},{"not_picked":["Intimidate+1","Fire Breathing+1","Headbutt"],"picked":"SKIP","floor":36},{"not_picked":["Metallicize+1","Thunderclap+1","Inflame"],"picked":"SKIP","floor":37},{"not_picked":["Inflame+1","Clothesline+1","Wild Strike"],"picked":"SKIP","floor":38},{"not_picked":["Fire Breathing","Juggernaut","Pummel"],"picked":"SKIP","floor":41},{"not_picked":["Impervious","Cleave+1","Shrug It Off"],"picked":"SKIP","floor":44},{"not_picked":["Pommel Strike+1","Shrug It Off+1","Sword Boomerang"],"picked":"SKIP","floor":47}],"player_experience":45814,"relics_obtained":[{"floor":6.0,"key":"Bottled Lightning"},{"floor":9.0,"key":"Vajra"},{"floor":11.0,"key":"Oddly Smooth Stone"},{"floor":26.0,"key":"Kunai"},{"floor":28.0,"key":"Omamori"},{"floor":41,"key":"Ancient Tea Set"},{"floor":41,"key":"Anchor"},{"floor":43,"key":"Darkstone Periapt"},{"floor":44,"key":"Pear"},{"floor":44,"key":"Toxic Egg 2"},{"floor":45,"key":"Blood Vial"}],"event_choices":[{"event_name":"The Cleric","player_choice":"Card Removal","floor":2.0,"damage_taken":0.0},{"event_name":"The Lab","player_choice":"Got Potions","floor":4.0,"damage_taken":0.0},{"event_name":"Golden Idol","player_choice":"Take Damage","floor":5.0,"damage_taken":0.0},{"event_name":"Ghosts","player_choice":"Ignored","floor":22.0,"damage_taken":0.0},{"event_name":"The Library","player_choice":"Heal","floor":24.0,"damage_taken":0.0},{"event_name":"Beggar","player_choice":"Gave Gold","floor":27.0,"damage_taken":0.0}],"boss_relics":[{"not_picked":["Runic Cube","Snecko Eye"],"picked":"Tiny House"},{"not_picked":["Lizard Tail","Cursed Key"],"picked":"Black Star"}],"items_purged_floors":[],"is_endless":false,"potions_floor_spawned":[7,13,16,20,25,31,35,37,44,47],"ascension_level":1}