{"gold_per_floor":[214,226,246,246,40,90,109,128,128,128,128,128,145,156,156,156],"floor_reached":16,"playtime":649,"items_purged":["Strike_G"],"score":179,"play_id":"a1154763-a543-4ee3-909c-e016d38a9239","local_time":"20181016120133","is_ascension_mode":true,"campfire_choices":[{"floor":12,"key":"REST"},{"floor":15,"key":"REST"}],"neow_cost":"NONE","seed_source_timestamp":1409554801369,"circlet_count":0,"master_deck":["Defend_G","Defend_G","Defend_G","Defend_G","Defend_G","Strike_G","Strike_G","Strike_G","Survivor","Neutralize","AscendersBane","Catalyst","Noxious Fumes","Catalyst","Backflip"],"relics":["Ring of the Snake","Calipers"],"potions_floor_usage":[16],"damage_taken":[{"damage":2,"enemies":"2 Louse","floor":1,"turns":5},{"damage":5,"enemies":"Jaw Worm","floor":2,"turns":7},{"damage":3,"enemies":"Cultist","floor":3,"turns":5},{"damage":26,"enemies":"Large Slime","floor":7,"turns":10},{"damage":6,"enemies":"Looter","floor":8,"turns":4},{"damage":10,"enemies":"2 Fungi Beasts","floor":13,"turns":6},{"damage":10,"enemies":"3 Louse","floor":14,"turns":5},{"damage":0,"enemies":"Slime Boss","floor":16,"turns":3}],"seed_played":"-2619125635560666289","potions_obtained":[{"floor":1,"key":"Swift Potion"},{"floor":8,"key":"SteroidPotion"}],"is_trial":false,"path_per_floor":["M","M","M","?","$","?","M","M","T","?","?","R","M","M","R"],"character_chosen":"THE_SILENT","items_purchased":["Noxious Fumes","Catalyst"],"campfire_rested":2,"item_purchase_floors":[5,5],"current_hp_per_floor":[57,52,49,42,42,42,16,10,10,10,10,29,19,9,28,28],"gold":156,"neow_bonus":"HUNDRED_GOLD","is_prod":false,"is_daily":false,"chose_seed":false,"campfire_upgraded":0,"win_rate":0,"timestamp":1539684093,"path_taken":["M","M","M","?","$","?","M","M","T","?","?","R","M","M","R","BOSS"],"build_version":"2018-10-15v2","purchased_purges":1,"victory":false,"max_hp_per_floor":[66,66,66,66,66,66,66,66,66,66,66,66,66,66,66,66],"card_choices":[{"not_picked":["Endless Agony","Flying Knee"],"picked":"Catalyst","floor":1},{"not_picked":["Setup","Reflex","Quick Slash"],"picked":"SKIP","floor":2},{"not_picked":["Blade Dance","Quick Slash","Flechettes"],"picked":"SKIP","floor":3},{"not_picked":["Flying Knee","Envenom","Riddle With Holes"],"picked":"SKIP","floor":7},{"not_picked":["Caltrops","Dodge and Roll"],"picked":"Backflip","floor":8},{"not_picked":["Predator","Dagger Spray","Finisher"],"picked":"SKIP","floor":13},{"not_picked":["Acrobatics","Calculated Gamble","Predator"],"picked":"SKIP","floor":14}],"player_experience":686382,"relics_obtained":[{"floor":9,"key":"Calipers"}],"event_choices":[{"event_name":"Golden Wing","player_choice":"Card Removal","floor":4,"damage_taken":0},{"event_name":"Golden Shrine","player_choice":"Pray","floor":6,"damage_taken":0},{"event_name":"Shining Light","player_choice":"Ignored","floor":10,"damage_taken":0},{"event_name":"Liars Game","player_choice":"disagreed","floor":11,"damage_taken":0}],"is_beta":true,"boss_relics":[],"items_purged_floors":[5],"is_endless":false,"potions_floor_spawned":[1,8],"killed_by":"Slime Boss","ascension_level":18}