{"gold_per_floor":[115,126,9,9,21,47,47,67,67,79,98,98,98,98,98,98],"floor_reached":16,"playtime":384,"items_purged":[],"score":204,"play_id":"a7c6bbaf-df8a-46f6-b72d-23e3c3c73cbd","local_time":"20190506005949","is_ascension_mode":true,"campfire_choices":[{"data":"Body Slam","floor":7,"key":"SMITH"},{"data":"Body Slam","floor":12,"key":"SMITH"},{"floor":15,"key":"REST"}],"neow_cost":"NONE","seed_source_timestamp":395781420491005,"circlet_count":0,"master_deck":["AscendersBane","Strike_R","Strike_R","Strike_R","Strike_R","Defend_R","Defend_R","Defend_R","Defend_R+1","Bash","Dual Wield","Flame Barrier+1","Armaments","Shrug It Off","Power Through","Body Slam+1","Reaper","Body Slam+1","Double Tap"],"special_seed":0,"relics":["Burning Blood","NeowsBlessing","Vajra","Gremlin Horn","Shovel"],"potions_floor_usage":[6,10,11],"damage_taken":[{"damage":0.0,"enemies":"Small Slimes","floor":1.0,"turns":1.0},{"damage":0.0,"enemies":"Cultist","floor":2.0,"turns":1.0},{"damage":0.0,"enemies":"2 Louse","floor":5.0,"turns":2.0},{"damage":65,"enemies":"3 Sentries","floor":6,"turns":18},{"damage":1,"enemies":"Lots of Slimes","floor":8,"turns":4},{"damage":9,"enemies":"Looter","floor":10,"turns":4},{"damage":1,"enemies":"Red Slaver","floor":11,"turns":3},{"damage":41,"enemies":"The Guardian","floor":16,"turns":6}],"seed_played":"-1612644524467887399","potions_obtained":[{"floor":1.0,"key":"BloodPotion"},{"floor":6,"key":"Swift Potion"},{"floor":8,"key":"Energy Potion"}],"is_trial":false,"path_per_floor":["M","M","$","?","M","E","R","M","T","M","M","R","?","?","R","B"],"character_chosen":"IRONCLAD","items_purchased":["Armaments","Shrug It Off"],"campfire_rested":1,"item_purchase_floors":[3,3],"current_hp_per_floor":[74,75,75,75,75,23,23,35,35,39,44,44,21,16,38,0],"gold":98,"neow_bonus":"THREE_ENEMY_KILL","is_prod":false,"is_daily":false,"chose_seed":false,"campfire_upgraded":2,"win_rate":0,"timestamp":1557097189,"path_taken":["M","M","$","?","?","E","R","M","T","M","M","R","?","?","R","BOSS"],"build_version":"2019-01-23","purchased_purges":0,"victory":false,"max_hp_per_floor":[75,75,75,75,75,75,75,75,75,75,75,75,75,75,75,75],"card_choices":[{"not_picked":["Sever Soul","Sword Boomerang"],"picked":"Dual Wield","floor":1.0},{"not_picked":["Shrug It Off","Warcry"],"picked":"Flame Barrier","floor":2.0},{"not_picked":["Whirlwind","Bloodletting"],"picked":"Body Slam","floor":5.0},{"not_picked":["Intimidate","Clash"],"picked":"Reaper","floor":6},{"not_picked":["Combust","Clothesline"],"picked":"Body Slam","floor":8},{"not_picked":["Clothesline","Flex","True Grit"],"picked":"SKIP","floor":10},{"not_picked":["Wild Strike","Bloodletting"],"picked":"Double Tap","floor":11}],"player_experience":864244,"relics_obtained":[{"floor":6,"key":"Vajra"},{"floor":9,"key":"Gremlin Horn"}],"event_choices":[{"damage_healed":0.0,"max_hp_gain":0.0,"max_hp_loss":0.0,"gold_gain":0.0,"cards_transformed":["Strike_R"],"event_name":"Transmorgrifier","player_choice":"Transformed","floor":4.0,"gold_loss":0.0,"damage_taken":0.0,"cards_obtained":["Power Through"]},{"damage_healed":0,"gold_gain":0,"player_choice":"Entered Light","damage_taken":23,"max_hp_gain":0,"max_hp_loss":0,"event_name":"Shining Light","floor":13,"gold_loss":0,"cards_upgraded":["Defend_R","Flame Barrier"]},{"damage_healed":0,"gold_gain":0,"player_choice":"Success","damage_taken":5,"relics_obtained":["Shovel"],"max_hp_gain":0,"max_hp_loss":0,"event_name":"Scrap Ooze","floor":14,"gold_loss":0}],"is_beta":false,"boss_relics":[],"items_purged_floors":[],"is_endless":false,"potions_floor_spawned":[1,6,8],"killed_by":"The Guardian","ascension_level":20}