{"gold_per_floor":[117,64,139,154,79,105,255,270,296,315,327,327,342,71,71,71],"floor_reached":16,"playtime":361,"items_purged":["Strike_R","Doubt"],"score":254,"play_id":"bfa8eb58-42d1-48cf-ac74-1f2d011c6c28","local_time":"20190507185410","is_ascension_mode":true,"campfire_choices":[{"data":"Armaments","floor":15,"key":"SMITH"}],"neow_cost":"NONE","seed_source_timestamp":8477062324842,"circlet_count":0,"master_deck":["AscendersBane","Strike_R","Strike_R","Strike_R","Strike_R","Defend_R","Defend_R","Defend_R","Defend_R","Bash","Body Slam","Armaments+1","Ghostly Armor","Battle Trance","Evolve","Shrug It Off"],"relics":["Burning Blood","NeowsBlessing","Juzu Bracelet","Happy Flower","Darkstone Periapt","Oddly Smooth Stone"],"potions_floor_usage":[16],"damage_taken":[{"damage":0,"enemies":"Jaw Worm","floor":1,"turns":1},{"damage":0,"enemies":"2 Louse","floor":4,"turns":1},{"damage":0,"enemies":"3 Sentries","floor":6,"turns":2},{"damage":1,"enemies":"Small Slimes","floor":8,"turns":4},{"damage":6,"enemies":"Exordium Thugs","floor":10,"turns":5},{"damage":13,"enemies":"Blue Slaver","floor":11,"turns":5},{"damage":9,"enemies":"Red Slaver","floor":13,"turns":4},{"damage":38,"enemies":"Hexaghost","floor":16,"turns":12}],"seed_played":"-3909335172284502832","potions_obtained":[{"floor":4,"key":"BloodPotion"},{"floor":6,"key":"Swift Potion"}],"is_trial":false,"path_per_floor":["M","$","?","M","$","E","?","M","T","M","M","T","M","$","R","B"],"character_chosen":"IRONCLAD","items_purchased":["Armaments","Oddly Smooth Stone"],"campfire_rested":0,"item_purchase_floors":[2,14],"current_hp_per_floor":[74,74,63,69,69,75,75,75,75,75,68,68,65,65,65,27],"gold":71,"neow_bonus":"THREE_ENEMY_KILL","is_prod":false,"is_daily":false,"chose_seed":false,"campfire_upgraded":1,"win_rate":0,"timestamp":1557248050,"path_taken":["M","$","?","M","$","E","?","M","T","M","M","?","M","$","R","BOSS"],"build_version":"2019-01-23","purchased_purges":2,"victory":false,"max_hp_per_floor":[75,75,75,75,75,75,75,75,75,75,75,75,75,75,75,75],"card_choices":[{"not_picked":["Bloodletting","Shrug It Off"],"picked":"Body Slam","floor":1},{"not_picked":["Disarm","Rage"],"picked":"Ghostly Armor","floor":4},{"not_picked":["Combust","Anger"],"picked":"Battle Trance","floor":6},{"not_picked":["Heavy Blade","Cleave","Clothesline"],"picked":"SKIP","floor":8},{"not_picked":["Flex","Twin Strike"],"picked":"Evolve","floor":10},{"not_picked":["Combust","Headbutt"],"picked":"Shrug It Off","floor":11},{"not_picked":["Twin Strike","Reckless Charge","Pommel Strike"],"picked":"SKIP","floor":13}],"player_experience":870229,"relics_obtained":[{"floor":6,"key":"Juzu Bracelet"},{"floor":9,"key":"Happy Flower"},{"floor":12,"key":"Darkstone Periapt"}],"event_choices":[{"damage_healed":0,"gold_gain":75,"player_choice":"Gather Gold","damage_taken":11,"max_hp_gain":0,"max_hp_loss":0,"event_name":"World of Goop","floor":3,"gold_loss":0},{"damage_healed":0,"gold_gain":150,"player_choice":"AGREE","damage_taken":0,"max_hp_gain":0,"max_hp_loss":0,"event_name":"Liars Game","floor":7,"gold_loss":0,"cards_obtained":["Doubt"]}],"is_beta":false,"boss_relics":[],"items_purged_floors":[5,14],"is_endless":false,"potions_floor_spawned":[4,6,8,10],"killed_by":"Hexaghost","ascension_level":20}