{"gold_per_floor":[119,119,135,154,169,197,197,224,274,274,289,289,320,331,331,433,433,444,463,463,478,495,528,540,558,558,591,591,618,618,635,635,732,732,747,747,766,818,829,829,861,861,910,920,282,282,5,22,22,22],"floor_reached":51,"playtime":3832,"items_purged":["Strike_G","Strike_G"],"score":786,"play_id":"a4bd73ac-2d7f-4f4b-b150-6c4117ebf71a","local_time":"20181014191216","is_ascension_mode":false,"campfire_choices":[{"floor":10,"key":"REST"},{"floor":15,"key":"REST"},{"floor":28,"key":"DIG"},{"floor":30,"key":"DIG"},{"floor":32,"key":"DIG"},{"floor":40,"key":"DIG"},{"floor":42,"key":"DIG"},{"floor":46,"key":"DIG"},{"floor":49,"key":"DIG"}],"neow_cost":"NONE","seed_source_timestamp":14433862988622,"circlet_count":0,"master_deck":["Defend_G","Defend_G+1","Defend_G","Defend_G","Defend_G","Strike_G","Strike_G","Strike_G","Survivor","Neutralize","Accuracy","Backflip+1","Cloak And Dagger","Die Die Die","Dagger Throw","Infinite Blades","Backflip","Cloak And Dagger","Envenom","Blade Dance","Shame","Backstab+1","Escape Plan+1","Cloak And Dagger","Blade Dance","Pain","Blade Dance+1","Footwork","Concentrate","Corpse Explosion","Madness","Footwork+1","Dagger Throw","Writhe","Catalyst","Footwork","Bane","Panache"],"relics":["Lizard Tail","Oddly Smooth Stone","Matryoshka","War Paint","Boot","Ancient Tea Set","PreservedInsect","Cursed Key","Lantern","Incense Burner","Meat on the Bone","Unceasing Top","Shovel","Pantograph","Dodecahedron","Torii","Letter Opener","Busted Crown","Ginger","Vajra","Bottled Lightning","Singing Bowl","Regal Pillow","Blue Candle","Ornamental Fan","Bird Faced Urn"],"potions_floor_usage":[6,8,14,16,16,21,23,23,23,24,27,29,29,39,41,50,50],"damage_taken":[{"damage":3,"enemies":"Jaw Worm","floor":1,"turns":5},{"damage":10,"enemies":"2 Louse","floor":3,"turns":3},{"damage":0,"enemies":"Cultist","floor":4,"turns":5},{"damage":15,"enemies":"Exordium Thugs","floor":5,"turns":7},{"damage":25,"enemies":"Gremlin Nob","floor":6,"turns":5},{"damage":9,"enemies":"3 Sentries","floor":8,"turns":10},{"damage":2,"enemies":"Red Slaver","floor":11,"turns":3},{"damage":22,"enemies":"Gremlin Nob","floor":13,"turns":5},{"damage":0,"enemies":"Blue Slaver","floor":14,"turns":4},{"damage":12,"enemies":"The Guardian","floor":16,"turns":14},{"damage":16,"enemies":"Spheric Guardian","floor":18,"turns":8},{"damage":0,"enemies":"Chosen","floor":19,"turns":4},{"damage":13,"enemies":"Centurion and Healer","floor":21,"turns":5},{"damage":14,"enemies":"Shelled Parasite and Fungi","floor":22,"turns":7},{"damage":22,"enemies":"Slavers","floor":23,"turns":4},{"damage":1,"enemies":"Snake Plant","floor":24,"turns":5},{"damage":2,"enemies":"3 Cultists","floor":25,"turns":5},{"damage":11,"enemies":"Book of Stabbing","floor":27,"turns":5},{"damage":8,"enemies":"Slavers","floor":29,"turns":4},{"damage":7,"enemies":"Snecko","floor":31,"turns":7},{"damage":32,"enemies":"Collector","floor":33,"turns":12},{"damage":7,"enemies":"Orb Walker","floor":35,"turns":3},{"damage":11,"enemies":"3 Darklings","floor":37,"turns":2},{"damage":11,"enemies":"Mysterious Sphere","floor":38,"turns":4},{"damage":6,"enemies":"Transient","floor":39,"turns":5},{"damage":68,"enemies":"Giant Head","floor":41,"turns":9},{"damage":4,"enemies":"4 Shapes","floor":44,"turns":3},{"damage":0,"enemies":"3 Darklings","floor":48,"turns":1},{"damage":75,"enemies":"Time Eater","floor":50,"turns":12}],"seed_played":"2311730367958764380","potions_obtained":[{"floor":1,"key":"LiquidBronze"},{"floor":5,"key":"Strength Potion"},{"floor":7,"key":"GamblersBrew"},{"floor":7,"key":"EntropicBrew"},{"floor":7,"key":"Fire Potion"},{"floor":13,"key":"Explosive Potion"},{"floor":16,"key":"EntropicBrew"},{"floor":23,"key":"GhostInAJar"},{"floor":24,"key":"SpeedPotion"},{"floor":27,"key":"Block Potion"},{"floor":31,"key":"Weak Potion"},{"floor":38,"key":"Fire Potion"}],"is_trial":false,"path_per_floor":["M","?","M","M","M","E","?","E","T","R","M","?","E","M","R","B",null,"M","M","T","M","M","E","M","M","T","E","R","E","R","M","R","B",null,"M","?","M","?","M","R","E","R","T","M","$","R","$","M","R","B"],"character_chosen":"THE_SILENT","items_purchased":["Blue Candle","Catalyst","Footwork","Bane","SkillPotion","EssenceOfSteel","Panache"],"campfire_rested":2,"item_purchase_floors":[45,45,45,45,45,45,47],"current_hp_per_floor":[67,64,54,54,39,14,14,5,5,26,24,24,2,2,23,11,70,54,54,54,41,27,17,28,38,38,39,39,43,43,36,36,41,70,63,63,52,41,47,47,28,28,28,38,38,38,38,40,40,16],"gold":22,"neow_bonus":"BOSS_RELIC","is_prod":false,"is_daily":false,"chose_seed":false,"campfire_upgraded":0,"win_rate":0,"timestamp":1539515536,"path_taken":["M","?","?","M","M","E","?","E","T","R","M","?","E","M","R","BOSS","M","M","?","M","M","E","M","M","T","E","R","E","R","M","R","BOSS","M","?","M","?","M","R","E","R","T","M","$","R","$","?","R","BOSS"],"build_version":"2018-10-11","purchased_purges":2,"victory":true,"max_hp_per_floor":[70,70,70,70,70,70,70,70,70,70,70,70,70,70,70,70,70,70,70,70,70,70,70,70,70,70,70,70,70,70,70,70,70,70,70,70,70,70,70,70,70,70,70,72,72,72,72,74,74,74],"card_choices":[{"not_picked":["Slice","Deflect"],"picked":"Accuracy","floor":1},{"not_picked":["Accuracy","Outmaneuver"],"picked":"Backflip","floor":3},{"not_picked":["Outmaneuver","Dagger Spray"],"picked":"Cloak And Dagger","floor":4},{"not_picked":["Calculated Gamble","Bane","Crippling Poison"],"picked":"SKIP","floor":5},{"not_picked":["Dagger Throw","Slice"],"picked":"Die Die Die","floor":6},{"not_picked":["Setup","Finisher"],"picked":"Dagger Throw","floor":8},{"not_picked":["Backflip","Slice"],"picked":"Infinite Blades","floor":11},{"not_picked":["Acrobatics","Flechettes"],"picked":"Backflip","floor":13},{"not_picked":["Bouncing Flask","Sucker Punch"],"picked":"Cloak And Dagger","floor":14},{"not_picked":["Die Die Die","Unload"],"picked":"Envenom","floor":16},{"not_picked":["Skewer","Flechettes"],"picked":"Blade Dance","floor":18},{"not_picked":["Sucker Punch","PiercingWail","Deflect+1"],"picked":"SKIP","floor":19},{"not_picked":["Dodge and Roll","Slice"],"picked":"Backstab+1","floor":21},{"not_picked":["PiercingWail+1","Bane"],"picked":"Escape Plan+1","floor":22},{"not_picked":["Envenom","Venomology"],"picked":"Cloak And Dagger","floor":23},{"not_picked":["Sucker Punch","Leg Sweep"],"picked":"Blade Dance","floor":24},{"not_picked":["Flying Knee","Dagger Throw","Masterful Stab"],"picked":"SKIP","floor":25},{"not_picked":["Bane+1","Slice"],"picked":"Blade Dance+1","floor":27},{"not_picked":["Distraction","Quick Slash+1"],"picked":"Footwork","floor":29},{"not_picked":["Slice","Concentrate","Finisher"],"picked":"SKIP","floor":31},{"not_picked":["Slice","Finisher"],"picked":"Concentrate","floor":31},{"not_picked":["Unload","Bullet Time"],"picked":"Corpse Explosion","floor":33},{"not_picked":["Deadly Poison"],"picked":"SKIP","floor":35},{"not_picked":[],"picked":"Madness","floor":36},{"not_picked":["Prepared"],"picked":"SKIP","floor":37},{"not_picked":[],"picked":"Footwork+1","floor":38},{"not_picked":[],"picked":"Dagger Throw","floor":39},{"not_picked":["Dodge and Roll"],"picked":"SKIP","floor":41},{"not_picked":["Quick Slash"],"picked":"Singing Bowl","floor":44},{"not_picked":["Acrobatics"],"picked":"Singing Bowl","floor":48}],"player_experience":326097,"relics_obtained":[{"floor":6,"key":"Matryoshka"},{"floor":8,"key":"War Paint"},{"floor":9,"key":"Boot"},{"floor":9,"key":"Ancient Tea Set"},{"floor":13,"key":"PreservedInsect"},{"floor":20,"key":"Lantern"},{"floor":20,"key":"Incense Burner"},{"floor":23,"key":"Meat on the Bone"},{"floor":26,"key":"Unceasing Top"},{"floor":27,"key":"Shovel"},{"floor":28,"key":"Pantograph"},{"floor":29,"key":"Dodecahedron"},{"floor":30,"key":"Torii"},{"floor":32,"key":"Letter Opener"},{"floor":38,"key":"Ginger"},{"floor":40,"key":"Vajra"},{"floor":41,"key":"Bottled Lightning"},{"floor":42,"key":"Singing Bowl"},{"floor":43,"key":"Regal Pillow"},{"floor":46,"key":"Ornamental Fan"},{"floor":49,"key":"Bird Faced Urn"}],"event_choices":[{"event_name":"Scrap Ooze","player_choice":"success","floor":2,"damage_taken":3},{"event_name":"The Lab","player_choice":"Got Potions","floor":7,"damage_taken":0},{"event_name":"Shining Light","player_choice":"Ignored","floor":12,"damage_taken":0},{"event_name":"SensoryStone","player_choice":"Memory 1","floor":36,"damage_taken":0},{"event_name":"Mysterious Sphere","player_choice":"Fight","floor":38,"damage_taken":0}],"is_beta":false,"boss_relics":[{"not_picked":["Ectoplasm","Tiny House"],"picked":"Cursed Key"},{"not_picked":["Philosopher\u0027s Stone","Astrolabe"],"picked":"Busted Crown"}],"items_purged_floors":[45,47],"is_endless":false,"potions_floor_spawned":[1,5,13,16,18,23,24,27,31,38,48],"ascension_level":0}