{"gold_per_floor":[119,119,135,135,152,169,194,194,194,206,206,131,131,150,150,251,251,263,277,277,295,195,229,229,242,242,254,280,293,293,310,310,412,412,424,424,424,443,495,526,526,250,250,104,326,342,342,376,376,376,376,376,51,86,86],"floor_reached":55,"playtime":2418,"items_purged":["Strike_B","Strike_B","Strike_B","Strike_B"],"score":772,"play_id":"ebd32c31-e96b-48b4-bb5d-67b3a50be5e2","local_time":"20190923194910","is_ascension_mode":false,"campfire_choices":[{"data":"Hyperbeam","floor":8.0,"key":"SMITH"},{"data":"Rip and Tear","floor":11.0,"key":"SMITH"},{"data":"Dualcast","floor":13.0,"key":"SMITH"},{"data":"Static Discharge","floor":15.0,"key":"SMITH"},{"data":"Hyperbeam","floor":24.0,"key":"SMITH"},{"data":"Sunder","floor":32.0,"key":"SMITH"},{"data":"Echo Form","floor":41.0,"key":"SMITH"},{"floor":47.0,"key":"RECALL"},{"data":"Auto Shields","floor":49,"key":"SMITH"},{"data":"Rebound","floor":52,"key":"SMITH"}],"neow_cost":"NONE","seed_source_timestamp":20400421966359,"circlet_count":0,"master_deck":["Defend_B","Defend_B","Defend_B","Defend_B","Zap","Dualcast+1","Rip and Tear+1","Static Discharge+1","Sweeping Beam","Hyperbeam+1","Rebound+1","Auto Shields+1","Hyperbeam+1","Beam Cell","Rebound+1","Sunder+1","Reprogram+1","Echo Form+1","Recycle","Hyperbeam+1","Beam Cell+1","Sunder+1"],"special_seed":0,"relics":["Cracked Core","Matryoshka","Anchor","CaptainsWheel","Coffee Dripper","Lizard Tail","MealTicket","Mango","Red Mask","Gambling Chip","Snecko Eye","Juzu Bracelet","HandDrill","Mercury Hourglass","DollysMirror","Dream Catcher","Akabeko"],"potions_floor_usage":[50,53,55,55,55],"damage_taken":[{"damage":4.0,"enemies":"Small Slimes","floor":1.0,"turns":3.0},{"damage":6.0,"enemies":"Cultist","floor":3.0,"turns":3.0},{"damage":0.0,"enemies":"2 Louse","floor":5.0,"turns":1.0},{"damage":8.0,"enemies":"Red Slaver","floor":6.0,"turns":4.0},{"damage":32.0,"enemies":"3 Sentries","floor":7.0,"turns":7.0},{"damage":5.0,"enemies":"Large Slime","floor":10.0,"turns":3.0},{"damage":0.0,"enemies":"Blue Slaver","floor":14.0,"turns":2.0},{"damage":0.0,"enemies":"Slime Boss","floor":16.0,"turns":4.0},{"damage":0.0,"enemies":"Spheric Guardian","floor":18.0,"turns":3.0},{"damage":0.0,"enemies":"Chosen","floor":19.0,"turns":3.0},{"damage":14.0,"enemies":"Centurion and Healer","floor":21.0,"turns":3.0},{"damage":10.0,"enemies":"Slavers","floor":23.0,"turns":2.0},{"damage":21.0,"enemies":"Snake Plant","floor":25.0,"turns":3.0},{"damage":0.0,"enemies":"Snecko","floor":27.0,"turns":2.0},{"damage":0.0,"enemies":"Masked Bandits","floor":28.0,"turns":1.0},{"damage":0.0,"enemies":"Sentry and Sphere","floor":29.0,"turns":1.0},{"damage":0.0,"enemies":"Cultist and Chosen","floor":31.0,"turns":2.0},{"damage":50.0,"enemies":"Collector","floor":33.0,"turns":7.0},{"damage":0.0,"enemies":"Orb Walker","floor":35.0,"turns":2.0},{"damage":0.0,"enemies":"3 Shapes","floor":38.0,"turns":2.0},{"damage":60.0,"enemies":"Giant Head","floor":40.0,"turns":7.0},{"damage":0.0,"enemies":"Maw","floor":46.0,"turns":4.0},{"damage":10,"enemies":"Reptomancer","floor":48,"turns":3},{"damage":44,"enemies":"Donu and Deca","floor":50,"turns":5},{"damage":12,"enemies":"Shield and Spear","floor":54,"turns":3},{"damage":171,"enemies":"The Heart","floor":55,"turns":6}],"seed_played":"-7873218297080704376","potions_obtained":[{"floor":3.0,"key":"AttackPotion"},{"floor":5.0,"key":"EssenceOfSteel"},{"floor":6.0,"key":"Fire Potion"},{"floor":18.0,"key":"Swift Potion"},{"floor":20.0,"key":"Ancient Potion"},{"floor":25.0,"key":"Regen Potion"},{"floor":40.0,"key":"Swift Potion"},{"floor":46.0,"key":"Ancient Potion"}],"is_trial":false,"path_per_floor":["M","?","M","?","M","M","E","R","T","M","R","$","R","M","R","B",null,"M","M","?","M","$","E","R","M","T","M","?","M","T","M","R","B",null,"M","?","?","M","T","E","R","$","T","$","?","M","R","E","R","B",null,"R","$","E","B"],"character_chosen":"DEFECT","items_purchased":["HandDrill","DollysMirror","Fruit Juice","DuplicationPotion"],"campfire_rested":0,"item_purchase_floors":[42,44,53,53],"current_hp_per_floor":[78,78,72,72,72,64,32,32,32,27,27,27,27,27,27,27,82,82,82,82,68,68,58,58,37,51,51,51,51,51,51,51,1,96,96,91,91,91,91,31,31,46,46,61,61,61,61,51,51,7,91,91,96,84,0],"gold":86,"neow_bonus":"TEN_PERCENT_HP_BONUS","is_prod":false,"is_daily":false,"chose_seed":false,"campfire_upgraded":9,"win_rate":0,"timestamp":1569235750,"path_taken":["M","?","M","?","M","M","E","R","T","M","R","$","R","M","R","BOSS","M","?","?","M","$","E","R","?","T","M","?","M","?","M","R","BOSS","M","?","?","M","?","E","R","$","T","?","?","M","R","E","R","BOSS","R","$","E","BOSS"],"build_version":"2019-09-20","purchased_purges":4,"victory":false,"max_hp_per_floor":[82,82,82,82,82,82,82,82,82,82,82,82,82,82,82,82,82,82,82,82,82,82,82,82,82,96,96,96,96,96,96,96,96,96,96,91,91,91,91,91,91,91,91,91,91,91,91,91,91,91,91,91,96,96,96],"card_choices":[{"not_picked":["Leap","Blizzard","Undo"],"picked":"SKIP","floor":1.0},{"not_picked":["Skim","Undo"],"picked":"Rip and Tear","floor":3.0},{"not_picked":["Beam Cell","Reinforced Body"],"picked":"Static Discharge","floor":5.0},{"not_picked":["Compile Driver","Beam Cell"],"picked":"Sweeping Beam","floor":6.0},{"not_picked":["Go for the Eyes","Compile Driver"],"picked":"Hyperbeam","floor":7.0},{"not_picked":["Hologram","Fusion"],"picked":"Rebound","floor":10.0},{"not_picked":["Beam Cell","Leap"],"picked":"Auto Shields","floor":14.0},{"not_picked":["Fission","All For One"],"picked":"Hyperbeam","floor":16.0},{"not_picked":["Hologram","Redo","Ball Lightning"],"picked":"SKIP","floor":18.0},{"not_picked":["Leap","Redo","Stack+1"],"picked":"SKIP","floor":19.0},{"not_picked":["Skim","Compile Driver","Glacier"],"picked":"SKIP","floor":21.0},{"not_picked":["Compile Driver","Static Discharge+1"],"picked":"Beam Cell","floor":23.0},{"not_picked":["Fusion","Chaos"],"picked":"Rebound+1","floor":25.0},{"not_picked":["Stack+1","Undo"],"picked":"Sunder","floor":27.0},{"not_picked":["Steam","Gash+1"],"picked":"Reprogram+1","floor":29.0},{"not_picked":["Electrodynamics","Streamline","Gash+1"],"picked":"SKIP","floor":31.0},{"not_picked":["Amplify","Creative AI"],"picked":"Echo Form","floor":33.0},{"not_picked":["Hologram","Barrage+1","Compile Driver+1"],"picked":"SKIP","floor":35.0},{"not_picked":["Chaos","Streamline","Redo"],"picked":"SKIP","floor":38.0},{"not_picked":["Streamline+1","Sunder+1"],"picked":"Recycle","floor":40.0},{"not_picked":["Conserve Battery+1","Thunder Strike"],"picked":"Beam Cell+1","floor":46.0},{"not_picked":["Self Repair","Rebound","Hello World"],"picked":"SKIP","floor":48},{"not_picked":["Beam Cell","Stack+1"],"picked":"Sunder+1","floor":54}],"player_experience":522205,"relics_obtained":[{"floor":7.0,"key":"Matryoshka"},{"floor":9.0,"key":"Anchor"},{"floor":9.0,"key":"CaptainsWheel"},{"floor":23.0,"key":"Lizard Tail"},{"floor":26.0,"key":"MealTicket"},{"floor":26.0,"key":"Mango"},{"floor":28.0,"key":"Red Mask"},{"floor":30.0,"key":"Gambling Chip"},{"floor":40.0,"key":"Juzu Bracelet"},{"floor":43.0,"key":"Mercury Hourglass"},{"floor":48,"key":"Dream Catcher"},{"floor":54,"key":"Akabeko"}],"event_choices":[{"damage_healed":0.0,"max_hp_gain":0.0,"max_hp_loss":0.0,"gold_gain":0.0,"event_name":"Shining Light","player_choice":"Ignored","floor":2.0,"gold_loss":0.0,"damage_taken":0.0},{"damage_healed":0.0,"max_hp_gain":0.0,"max_hp_loss":0.0,"gold_gain":0.0,"event_name":"The Woman in Blue","player_choice":"Bought 0 Potions","floor":4.0,"gold_loss":0.0,"damage_taken":0.0},{"damage_healed":0.0,"max_hp_gain":0.0,"max_hp_loss":0.0,"gold_gain":0.0,"event_name":"Lab","player_choice":"Got Potions","floor":20.0,"gold_loss":0.0,"damage_taken":0.0},{"damage_healed":0.0,"max_hp_gain":0.0,"max_hp_loss":0.0,"gold_gain":0.0,"event_name":"Masked Bandits","player_choice":"Fought Bandits","floor":28.0,"gold_loss":0.0,"damage_taken":0.0},{"damage_healed":0.0,"max_hp_gain":0.0,"max_hp_loss":5.0,"gold_gain":0.0,"event_name":"Winding Halls","player_choice":"Max HP","floor":36.0,"gold_loss":0.0,"damage_taken":0.0},{"damage_healed":0.0,"max_hp_gain":0.0,"max_hp_loss":0.0,"gold_gain":0.0,"event_name":"SensoryStone","player_choice":"Memory 1","floor":37.0,"gold_loss":0.0,"damage_taken":0.0},{"damage_healed":0.0,"max_hp_gain":0.0,"max_hp_loss":0.0,"gold_gain":222.0,"event_name":"Tomb of Lord Red Mask","player_choice":"Wore Mask","floor":45.0,"gold_loss":0.0,"damage_taken":0.0}],"is_beta":true,"boss_relics":[{"not_picked":["FrozenCore","Cursed Key"],"picked":"Coffee Dripper"},{"not_picked":["Busted Crown","Black Star"],"picked":"Snecko Eye"}],"items_purged_floors":[12,22,42,53],"is_endless":false,"potions_floor_spawned":[3,5,6,18,25,27,29,31,40,46,54],"killed_by":"The Heart","ascension_level":0}