{"gold_per_floor":[115,190,209,209,6,37,37,71,94,269,269,295,309,374,374,374],"floor_reached":16,"playtime":898,"items_purged":[],"score":183,"play_id":"eb301ede-acc7-4523-857f-031f4f136963","local_time":"20180712163015","is_ascension_mode":true,"campfire_choices":[{"data":"Zap","floor":7,"key":"SMITH"},{"data":"Dualcast","floor":11,"key":"SMITH"},{"data":"Heatsinks","floor":15,"key":"SMITH"}],"neow_cost":"NONE","seed_source_timestamp":15614804775945,"circlet_count":0,"master_deck":["Strike_B","Strike_B","Strike_B","Strike_B","Defend_B","Defend_B","Defend_B","Zap+1","Dualcast+1","Gash","Sweeping Beam","Tempest","Self Repair","Doubt","Leap","Heatsinks+1","FTL"],"relics":["Cracked Core","NeowsBlessing","ClockworkSouvenir","Happy Flower","Anchor","Juzu Bracelet","Mummified Hand","Bottled Flame"],"potions_floor_usage":[8],"damage_taken":[{"damage":0,"enemies":"Jaw Worm","floor":1,"turns":1},{"damage":0,"enemies":"Small Slimes","floor":3,"turns":1},{"damage":0,"enemies":"3 Sentries","floor":6,"turns":1},{"damage":15,"enemies":"Lagavulin","floor":8,"turns":5},{"damage":17,"enemies":"3 Sentries","floor":12,"turns":4},{"damage":0,"enemies":"Cultist","floor":13,"turns":3},{"damage":20,"enemies":"Gremlin Nob","floor":14,"turns":4},{"damage":27,"enemies":"Hexaghost","floor":16,"turns":6}],"seed_played":"8271254910046973164","potions_obtained":[{"floor":1,"key":"SpeedPotion"},{"floor":12,"key":"Explosive Potion"}],"is_trial":false,"path_per_floor":["M","?","M","?","$","E","R","E","T","?","R","E","M","?","R"],"character_chosen":"DEFECT","items_purchased":["ClockworkSouvenir"],"campfire_rested":0,"item_purchase_floors":[5],"current_hp_per_floor":[68,57,57,57,57,57,57,42,42,42,42,32,39,26,26,0],"gold":374,"neow_bonus":"THREE_ENEMY_KILL","is_prod":false,"is_daily":false,"chose_seed":false,"campfire_upgraded":3,"win_rate":0,"timestamp":1531405815,"path_taken":["M","?","M","?","$","E","R","E","T","?","R","E","M","?","R","BOSS"],"build_version":"2018-07-11","purchased_purges":0,"victory":false,"max_hp_per_floor":[75,75,75,75,75,75,75,75,75,75,75,75,75,75,75,75],"card_choices":[{"not_picked":["Leap","Chill"],"picked":"Gash","floor":1},{"not_picked":["Coolheaded","Sunder"],"picked":"Sweeping Beam","floor":3},{"not_picked":["Undo","Aggregate"],"picked":"Tempest","floor":6},{"not_picked":["Hologram","Leap"],"picked":"Self Repair","floor":8},{"not_picked":["Coolheaded","Double Energy"],"picked":"Leap","floor":12},{"not_picked":["Ball Lightning","Undo"],"picked":"Heatsinks","floor":13},{"not_picked":["Genetic Algorithm","Doom and Gloom"],"picked":"FTL","floor":14}],"player_experience":379478,"relics_obtained":[{"floor":6,"key":"Happy Flower"},{"floor":8,"key":"Anchor"},{"floor":9,"key":"Juzu Bracelet"},{"floor":12,"key":"Mummified Hand"},{"floor":14,"key":"Bottled Flame"}],"event_choices":[{"event_name":"World of Goop","player_choice":"Gather Gold","floor":2,"damage_taken":0},{"event_name":"Purifier","player_choice":"One Purge","floor":4,"damage_taken":0},{"event_name":"Liars Game","player_choice":"agreed","floor":10,"damage_taken":0},{"event_name":"Dead Adventurer","player_choice":"Searched \u00273\u0027 times","floor":14,"damage_taken":0}],"boss_relics":[],"items_purged_floors":[],"is_endless":false,"potions_floor_spawned":[1,12],"killed_by":"Hexaghost","ascension_level":6}