{"gold_per_floor":[114,114,14,28,42,42,67,67,94,129,142,157,122,22,22,22],"floor_reached":16,"playtime":335,"items_purged":["Strike_R","Strike_R"],"score":220,"play_id":"1d0bb18e-5dd2-4377-b1e7-f1af240f673d","local_time":"20181028181254","is_ascension_mode":true,"campfire_choices":[{"data":"Flame Barrier","floor":6.0,"key":"SMITH"},{"data":"Body Slam","floor":8.0,"key":"SMITH"},{"data":"Dual Wield","floor":15.0,"key":"SMITH"}],"neow_cost":"NONE","seed_source_timestamp":29468748031820,"circlet_count":0,"master_deck":["Strike_R","Strike_R","Strike_R","Defend_R","Defend_R","Defend_R","Defend_R","Bash","AscendersBane","Flame Barrier+1","Shrug It Off","Body Slam+1","Rage","Dual Wield+1"],"special_seed":0,"relics":["Burning Blood","NeowsBlessing","Art of War","PreservedInsect","Centennial Puzzle"],"potions_floor_usage":[16,16],"damage_taken":[{"damage":0.0,"enemies":"Small Slimes","floor":1.0,"turns":1.0},{"damage":0.0,"enemies":"Cultist","floor":4.0,"turns":1.0},{"damage":0.0,"enemies":"Jaw Worm","floor":5.0,"turns":1.0},{"damage":48.0,"enemies":"Gremlin Nob","floor":7.0,"turns":6.0},{"damage":15.0,"enemies":"Lagavulin","floor":10.0,"turns":8.0},{"damage":1.0,"enemies":"2 Fungi Beasts","floor":11.0,"turns":4.0},{"damage":8.0,"enemies":"3 Louse","floor":12.0,"turns":3.0},{"damage":48,"enemies":"Slime Boss","floor":16,"turns":9}],"seed_played":"1437929739658041650","potions_obtained":[{"floor":1.0,"key":"Explosive Potion"},{"floor":7.0,"key":"Fire Potion"}],"is_trial":false,"path_per_floor":["M","?","$","M","M","R","E","R","T","E","M","M","?","$","R"],"character_chosen":"IRONCLAD","items_purchased":["Shrug It Off"],"campfire_rested":0,"item_purchase_floors":[3],"current_hp_per_floor":[74,79,79,80,80,80,38,38,38,29,34,32,52,52,52,4],"gold":22,"neow_bonus":"THREE_ENEMY_KILL","is_prod":false,"is_daily":false,"chose_seed":false,"campfire_upgraded":3,"win_rate":0,"timestamp":1540746774,"path_taken":["M","?","$","?","M","R","E","R","T","E","M","M","?","$","R","BOSS"],"build_version":"2018-10-25v2","purchased_purges":2,"victory":false,"max_hp_per_floor":[75,80,80,80,80,80,80,80,80,80,80,80,80,80,80,80],"card_choices":[{"not_picked":["Second Wind","Power Through"],"picked":"Flame Barrier","floor":1.0},{"not_picked":["Reckless Charge","Headbutt","Burning Pact"],"picked":"SKIP","floor":4.0},{"not_picked":["Clash","Heavy Blade","Warcry"],"picked":"SKIP","floor":5.0},{"not_picked":["Thunderclap","Cleave"],"picked":"Body Slam","floor":7.0},{"not_picked":["Bloodletting","Hemokinesis"],"picked":"Rage","floor":10.0},{"not_picked":["Thunderclap","Pommel Strike","Reckless Charge"],"picked":"SKIP","floor":11.0},{"not_picked":["Whirlwind","Seeing Red"],"picked":"Dual Wield","floor":12.0}],"player_experience":713031,"relics_obtained":[{"floor":7.0,"key":"Art of War"},{"floor":9.0,"key":"PreservedInsect"},{"floor":10.0,"key":"Centennial Puzzle"}],"event_choices":[{"damage_healed":0.0,"max_hp_gain":5.0,"max_hp_loss":0.0,"gold_gain":0.0,"event_name":"Big Fish","player_choice":"Donut","floor":2.0,"gold_loss":0.0,"damage_taken":0.0},{"damage_healed":20.0,"max_hp_gain":0.0,"max_hp_loss":0.0,"gold_gain":0.0,"event_name":"The Cleric","player_choice":"Healed","floor":13.0,"gold_loss":35.0,"damage_taken":0.0}],"is_beta":true,"boss_relics":[],"items_purged_floors":[3,14],"is_endless":false,"potions_floor_spawned":[1,7,12],"killed_by":"Slime Boss","ascension_level":20}