{"gold_per_floor":[118,193,193,211,211,246,262,262,287,37,37,69,69,89,89,164,164,180,180,198,98,98,98,40,54,105,105,118,134,134,154,154,233,233,250,200,200,214,233,233,246,246,246,346,359,369,45,75,75,75,75,75,75,25,52,52],"floor_reached":56,"playtime":2105,"items_purged":["Defend_R","Defend_R","Defend_R","Flex","Strike_R"],"score":1874,"play_id":"0916b598-5687-4712-9d2f-e878d5a5e5fd","local_time":"20191011191407","is_ascension_mode":true,"campfire_choices":[{"data":"Heavy Blade","floor":8.0,"key":"SMITH"},{"data":"Feed","floor":11.0,"key":"SMITH"},{"data":"Inflame","floor":15.0,"key":"SMITH"},{"data":"Offering","floor":23.0,"key":"SMITH"},{"data":"Inflame","floor":27.0,"key":"SMITH"},{"floor":32.0,"key":"REST"},{"data":"Double Tap","floor":40.0,"key":"SMITH"},{"data":"Decay","floor":42.0,"key":"PURGE"},{"floor":49.0,"key":"RECALL"},{"floor":53,"key":"REST"}],"neow_cost":"NONE","seed_source_timestamp":111529317873520,"circlet_count":0,"master_deck":["AscendersBane","Strike_R","Strike_R","Strike_R","Strike_R+1","Bash+1","Twin Strike","Heavy Blade+1","Flame Barrier+1","Feed+1","Inflame+1","Offering+1","Thunderclap","Inflame+1","Spot Weakness+1","Double Tap+1","Reaper","Heavy Blade+1"],"special_seed":0,"relics":["Burning Blood","NeowsBlessing","Bag of Marbles","Bag of Preparation","Peace Pipe","Velvet Choker","Smiling Mask","Black Star","Torii","Strawberry","PreservedInsect","FossilizedHelix","Dead Branch","Oddly Smooth Stone"],"potions_floor_usage":[50,51],"damage_taken":[{"damage":0.0,"enemies":"Small Slimes","floor":1.0,"turns":2.0},{"damage":0.0,"enemies":"Jaw Worm","floor":4.0,"turns":1.0},{"damage":0.0,"enemies":"Gremlin Nob","floor":6.0,"turns":1.0},{"damage":0.0,"enemies":"Cultist","floor":7.0,"turns":2.0},{"damage":28.0,"enemies":"Lagavulin","floor":12.0,"turns":4.0},{"damage":14.0,"enemies":"Exordium Wildlife","floor":14.0,"turns":5.0},{"damage":18.0,"enemies":"Slime Boss","floor":16.0,"turns":7.0},{"damage":12.0,"enemies":"2 Thieves","floor":18.0,"turns":3.0},{"damage":23.0,"enemies":"Shell Parasite","floor":20.0,"turns":3.0},{"damage":14.0,"enemies":"Snake Plant","floor":25.0,"turns":2.0},{"damage":6.0,"enemies":"Centurion and Healer","floor":28.0,"turns":3.0},{"damage":21.0,"enemies":"Shelled Parasite and Fungi","floor":29.0,"turns":2.0},{"damage":39.0,"enemies":"Sentry and Sphere","floor":31.0,"turns":4.0},{"damage":53.0,"enemies":"Champ","floor":33.0,"turns":6.0},{"damage":23.0,"enemies":"3 Darklings","floor":35.0,"turns":4.0},{"damage":24.0,"enemies":"Orb Walker","floor":38.0,"turns":3.0},{"damage":36.0,"enemies":"3 Darklings","floor":39.0,"turns":3.0},{"damage":48.0,"enemies":"Maw","floor":41.0,"turns":6.0},{"damage":6.0,"enemies":"Mind Bloom Boss Battle","floor":44.0,"turns":3.0},{"damage":38.0,"enemies":"4 Shapes","floor":45.0,"turns":3.0},{"damage":45.0,"enemies":"3 Darklings","floor":46.0,"turns":4.0},{"damage":59.0,"enemies":"Reptomancer","floor":48.0,"turns":5.0},{"damage":75,"enemies":"Time Eater","floor":50,"turns":5},{"damage":89,"enemies":"Awakened One","floor":51,"turns":8},{"damage":46,"enemies":"Shield and Spear","floor":55,"turns":4},{"damage":122,"enemies":"The Heart","floor":56,"turns":5}],"seed_played":"-2847845244401288895","potions_obtained":[{"floor":1.0,"key":"Regen Potion"},{"floor":7.0,"key":"DuplicationPotion"},{"floor":12.0,"key":"Regen Potion"},{"floor":18.0,"key":"SteroidPotion"},{"floor":28.0,"key":"BloodPotion"},{"floor":31.0,"key":"BloodPotion"},{"floor":45.0,"key":"AttackPotion"},{"floor":48.0,"key":"BloodPotion"}],"is_trial":false,"path_per_floor":["M","?","?","M","?","E","M","R","T","$","R","E","?","M","R","B",null,"M","?","M","$","?","R","$","M","T","R","M","M","?","M","R","B",null,"M","$","?","M","M","R","M","R","T","?","M","M","$","E","R","B","B",null,"R","$","E","B"],"character_chosen":"IRONCLAD","items_purchased":["Feed","Thunderclap","HeartOfIron","Strawberry"],"campfire_rested":2,"item_purchase_floors":[10,24,47,47],"current_hp_per_floor":[74,63,63,69,46,52,58,58,58,58,58,40,40,36,36,28,72,70,70,58,58,58,58,58,54,54,54,77,66,66,58,90,47,95,102,102,102,84,94,94,82,82,82,86,107,100,107,70,70,43,36,110,134,134,106,0],"gold":52,"neow_bonus":"THREE_ENEMY_KILL","is_prod":false,"is_daily":false,"chose_seed":false,"campfire_upgraded":6,"win_rate":0,"timestamp":1570814047,"path_taken":["M","?","?","?","?","E","M","R","T","$","R","E","?","M","R","BOSS","M","?","M","$","?","R","$","M","T","R","M","M","?","M","R","BOSS","M","$","?","?","M","R","M","R","T","?","M","M","$","E","R","BOSS","BOSS","R","$","E","BOSS"],"build_version":"2019-10-10","purchased_purges":5,"victory":false,"max_hp_per_floor":[75,75,75,75,75,75,75,75,75,75,75,79,79,83,83,87,87,91,91,91,91,91,91,91,95,95,95,99,103,103,107,107,111,111,111,111,111,111,111,111,111,111,111,115,119,123,130,130,130,130,134,134,134,134,134,134],"card_choices":[{"not_picked":["Burning Pact","Intimidate"],"picked":"Twin Strike","floor":1.0},{"not_picked":["Body Slam","Ghostly Armor"],"picked":"Heavy Blade","floor":4.0},{"not_picked":["Infernal Blade","Hemokinesis"],"picked":"Flame Barrier","floor":6.0},{"not_picked":["Perfected Strike","Metallicize","Iron Wave"],"picked":"SKIP","floor":7.0},{"not_picked":["Warcry","Perfected Strike","Rage"],"picked":"SKIP","floor":12.0},{"not_picked":["Feel No Pain","Clothesline"],"picked":"Inflame","floor":14.0},{"not_picked":["Impervious","Fiend Fire"],"picked":"Offering","floor":16.0},{"not_picked":["Pommel Strike","Clothesline","Rupture"],"picked":"SKIP","floor":18.0},{"not_picked":["Shrug It Off","Iron Wave+1","Ghostly Armor"],"picked":"SKIP","floor":20.0},{"not_picked":["Shrug It Off+1","Rupture"],"picked":"Inflame","floor":25.0},{"not_picked":["Searing Blow","Thunderclap","Ghostly Armor+1"],"picked":"SKIP","floor":28.0},{"not_picked":["Rampage","Second Wind"],"picked":"Spot Weakness+1","floor":29.0},{"not_picked":["Evolve","Metallicize"],"picked":"Double Tap","floor":31.0},{"not_picked":["Offering","Bludgeon"],"picked":"Reaper","floor":33.0},{"not_picked":["Iron Wave","Corruption"],"picked":"Heavy Blade","floor":35.0},{"not_picked":["Blood for Blood","Shockwave","Pommel Strike"],"picked":"SKIP","floor":38.0},{"not_picked":["Anger","Reckless Charge+1","Havoc"],"picked":"SKIP","floor":39.0},{"not_picked":["Perfected Strike","Wild Strike"],"picked":"Flex","floor":41.0},{"not_picked":["Headbutt","Spot Weakness","Power Through"],"picked":"SKIP","floor":45.0},{"not_picked":["Havoc","Evolve","Sword Boomerang"],"picked":"SKIP","floor":46.0},{"not_picked":["Reckless Charge","Shrug It Off","Armaments"],"picked":"SKIP","floor":48.0},{"not_picked":["Power Through","Uppercut","Heavy Blade"],"picked":"SKIP","floor":55}],"player_experience":841112,"relics_obtained":[{"floor":6.0,"key":"Bag of Marbles"},{"floor":9.0,"key":"Bag of Preparation"},{"floor":12.0,"key":"Peace Pipe"},{"floor":26.0,"key":"Smiling Mask"},{"floor":44.0,"key":"Torii"},{"floor":48.0,"key":"PreservedInsect"},{"floor":48.0,"key":"FossilizedHelix"},{"floor":55,"key":"Dead Branch"},{"floor":55,"key":"Oddly Smooth Stone"}],"event_choices":[{"damage_healed":0.0,"max_hp_gain":0.0,"max_hp_loss":0.0,"gold_gain":75.0,"event_name":"World of Goop","player_choice":"Gather Gold","floor":2.0,"gold_loss":0.0,"damage_taken":11.0},{"cards_removed":["Defend_R"],"damage_healed":0.0,"max_hp_gain":0.0,"max_hp_loss":0.0,"gold_gain":0.0,"event_name":"Bonfire Elementals","player_choice":"Offered Basic","floor":3.0,"gold_loss":0.0,"damage_taken":0.0},{"damage_healed":0.0,"max_hp_gain":0.0,"max_hp_loss":0.0,"gold_gain":0.0,"event_name":"Shining Light","player_choice":"Entered Light","floor":5.0,"gold_loss":0.0,"damage_taken":23.0,"cards_upgraded":["Bash","Strike_R"]},{"damage_healed":0.0,"max_hp_gain":0.0,"max_hp_loss":0.0,"gold_gain":0.0,"event_name":"Living Wall","player_choice":"Grow","floor":13.0,"gold_loss":0.0,"damage_taken":0.0,"cards_upgraded":["Flame Barrier"]},{"damage_healed":0.0,"max_hp_gain":0.0,"max_hp_loss":0.0,"gold_gain":0.0,"event_name":"Ghosts","player_choice":"Ignored","floor":19.0,"gold_loss":0.0,"damage_taken":0.0},{"damage_healed":0.0,"max_hp_gain":0.0,"max_hp_loss":0.0,"gold_gain":0.0,"event_name":"Vampires","player_choice":"Ignored","floor":22.0,"gold_loss":0.0,"damage_taken":0.0},{"damage_healed":0.0,"max_hp_gain":0.0,"max_hp_loss":0.0,"gold_gain":0.0,"event_name":"Forgotten Altar","player_choice":"Smashed Altar","floor":30.0,"gold_loss":0.0,"damage_taken":0.0,"cards_obtained":["Decay"]},{"damage_healed":0.0,"max_hp_gain":0.0,"max_hp_loss":0.0,"gold_gain":0.0,"event_name":"Upgrade Shrine","player_choice":"Upgraded","floor":37.0,"gold_loss":0.0,"damage_taken":0.0,"cards_upgraded":["Heavy Blade"]},{"damage_healed":0.0,"max_hp_gain":0.0,"max_hp_loss":0.0,"gold_gain":0.0,"event_name":"MindBloom","player_choice":"Fight","floor":44.0,"gold_loss":0.0,"damage_taken":0.0}],"is_beta":true,"boss_relics":[{"not_picked":["Calling Bell","SacredBark"],"picked":"Velvet Choker"},{"not_picked":["Pandora\u0027s Box","Astrolabe"],"picked":"Black Star"}],"items_purged_floors":[10,21,36,47,54],"is_endless":false,"potions_floor_spawned":[1,7,12,14,18,28,31,45,46,48],"killed_by":"The Heart","ascension_level":20}