{"gold_per_floor":[118,44,119,44,61,87,87,412,492,503,503,503,521,537,537,537],"floor_reached":16,"playtime":530,"items_purged":[],"score":270,"play_id":"fa4e5dae-3f22-44b3-a610-87c9336c3cf4","local_time":"20190507024304","is_ascension_mode":true,"campfire_choices":[{"data":"Barricade","floor":7,"key":"SMITH"},{"data":"Flame Barrier","floor":11,"key":"SMITH"},{"floor":15,"key":"REST"}],"neow_cost":"NONE","seed_source_timestamp":488286309699368,"circlet_count":0,"master_deck":["AscendersBane","Strike_R","Strike_R","Strike_R","Defend_R","Defend_R","Defend_R","Defend_R","Bash","Battle Trance","Ghostly Armor","Barricade+1","Flame Barrier+1","Armaments"],"relics":["Burning Blood","NeowsBlessing","Centennial Puzzle","Old Coin","Pantograph"],"potions_floor_usage":[8,16],"damage_taken":[{"damage":0,"enemies":"Cultist","floor":1,"turns":1},{"damage":0,"enemies":"Small Slimes","floor":5,"turns":1},{"damage":0,"enemies":"3 Sentries","floor":6,"turns":2},{"damage":42,"enemies":"Gremlin Nob","floor":8,"turns":5},{"damage":3,"enemies":"Jaw Worm","floor":10,"turns":6},{"damage":28,"enemies":"Gremlin Gang","floor":13,"turns":7},{"damage":0,"enemies":"3 Louse","floor":14,"turns":6},{"damage":17,"enemies":"Slime Boss","floor":16,"turns":22}],"seed_played":"1184935258123676944","potions_obtained":[{"floor":6,"key":"Weak Potion"},{"floor":13,"key":"Regen Potion"},{"floor":14,"key":"EssenceOfSteel"}],"is_trial":false,"path_per_floor":["M","$","?","?","M","E","R","E","T","M","R","?","M","M","R","B"],"character_chosen":"IRONCLAD","items_purchased":["Ghostly Armor"],"campfire_rested":1,"item_purchase_floors":[2],"current_hp_per_floor":[74,74,63,63,69,75,75,39,39,42,42,42,20,26,48,56],"gold":537,"neow_bonus":"THREE_ENEMY_KILL","is_prod":false,"is_daily":false,"chose_seed":false,"campfire_upgraded":2,"win_rate":0,"timestamp":1557189784,"path_taken":["M","$","?","?","M","E","R","E","T","M","R","?","M","?","R","BOSS"],"build_version":"2019-01-23","purchased_purges":0,"victory":false,"max_hp_per_floor":[75,75,75,75,75,75,75,75,75,75,75,75,75,75,75,75],"card_choices":[{"not_picked":["Twin Strike","Thunderclap"],"picked":"Battle Trance","floor":1},{"not_picked":["Sword Boomerang","Havoc","Clash"],"picked":"SKIP","floor":5},{"not_picked":["Rage","Twin Strike"],"picked":"Barricade","floor":6},{"not_picked":["Burning Pact","Pommel Strike","Wild Strike"],"picked":"SKIP","floor":8},{"not_picked":["Headbutt","Wild Strike"],"picked":"Flame Barrier","floor":10},{"not_picked":["Hemokinesis","Perfected Strike"],"picked":"Armaments","floor":13},{"not_picked":["Iron Wave","Ghostly Armor","Clash"],"picked":"SKIP","floor":14}],"player_experience":867802,"relics_obtained":[{"floor":6,"key":"Centennial Puzzle"},{"floor":8,"key":"Old Coin"},{"floor":9,"key":"Pantograph"}],"event_choices":[{"damage_healed":0,"gold_gain":75,"player_choice":"Gather Gold","damage_taken":11,"max_hp_gain":0,"max_hp_loss":0,"event_name":"World of Goop","floor":3,"gold_loss":0},{"cards_removed":["Strike_R"],"damage_healed":0,"gold_gain":0,"player_choice":"Card Removal","damage_taken":0,"max_hp_gain":0,"max_hp_loss":0,"event_name":"The Cleric","floor":4,"gold_loss":75},{"cards_removed":["Strike_R"],"damage_healed":0,"gold_gain":0,"player_choice":"Offered Basic","damage_taken":0,"max_hp_gain":0,"max_hp_loss":0,"event_name":"Bonfire Elementals","floor":12,"gold_loss":0}],"is_beta":false,"boss_relics":[],"items_purged_floors":[],"is_endless":false,"potions_floor_spawned":[6,13,14],"killed_by":"Slime Boss","ascension_level":20}