{"gold_per_floor":[114,124,26,42,42,42,69,69,69,69],"floor_reached":10,"playtime":166,"items_purged":[],"score":132,"play_id":"6ac044b2-8dd7-4dde-939b-b39389aa2b97","local_time":"20181125205649","is_ascension_mode":true,"campfire_choices":[{"data":"Crippling Poison","floor":6,"key":"SMITH"},{"floor":8,"key":"REST"}],"neow_cost":"NONE","seed_source_timestamp":9400995567354,"circlet_count":0,"master_deck":["AscendersBane","Defend_G","Defend_G","Defend_G","Defend_G","Defend_G","Strike_G","Strike_G","Strike_G","Strike_G","Strike_G","Survivor","Neutralize","Blade Dance","Crippling Poison+1","Flying Knee"],"relics":["Ring of the Snake","NeowsBlessing","Darkstone Periapt","Singing Bowl","Juzu Bracelet","Regal Pillow"],"potions_floor_usage":[7],"damage_taken":[{"damage":0,"enemies":"Jaw Worm","floor":1,"turns":1},{"damage":0,"enemies":"Cultist","floor":2,"turns":1},{"damage":0,"enemies":"2 Louse","floor":4,"turns":1},{"damage":33,"enemies":"Lagavulin","floor":7,"turns":9},{"damage":57,"enemies":"Gremlin Nob","floor":10,"turns":4}],"seed_played":"-711448828905618271","potions_obtained":[{"floor":4,"key":"SteroidPotion"}],"is_trial":false,"path_per_floor":["M","M","?","M","?","R","E","R","T","E"],"character_chosen":"THE_SILENT","items_purchased":[],"campfire_rested":1,"item_purchase_floors":[],"current_hp_per_floor":[59,59,59,59,41,41,10,30,30,0],"gold":69,"neow_bonus":"THREE_ENEMY_KILL","is_prod":false,"is_daily":false,"chose_seed":false,"campfire_upgraded":1,"win_rate":0,"timestamp":1543175809,"path_taken":["M","M","?","?","?","R","E","R","T","E"],"build_version":"2018-11-15","purchased_purges":0,"victory":false,"max_hp_per_floor":[66,66,66,66,66,66,68,68,68,68],"card_choices":[{"not_picked":["Escape Plan","Deflect"],"picked":"Blade Dance","floor":1},{"not_picked":["Slice","Underhanded Strike"],"picked":"Crippling Poison","floor":2},{"not_picked":["Slice","Deflect"],"picked":"Flying Knee","floor":4},{"not_picked":["Bane","Predator","Deflect"],"picked":"Singing Bowl","floor":7}],"player_experience":774964,"relics_obtained":[{"floor":7,"key":"Juzu Bracelet"},{"floor":9,"key":"Regal Pillow"}],"event_choices":[{"damage_healed":0,"gold_gain":0,"player_choice":"Paid Gold","damage_taken":0,"relics_obtained":["Darkstone Periapt"],"max_hp_gain":0,"max_hp_loss":0,"event_name":"WeMeetAgain","floor":3,"gold_loss":98},{"damage_healed":0,"gold_gain":0,"player_choice":"Success","damage_taken":18,"relics_obtained":["Singing Bowl"],"max_hp_gain":0,"max_hp_loss":0,"event_name":"Scrap Ooze","floor":5,"gold_loss":0}],"is_beta":true,"boss_relics":[],"items_purged_floors":[],"is_endless":false,"potions_floor_spawned":[4],"killed_by":"Gremlin Nob","ascension_level":20}