{"gold_per_floor":[111,127,202,202,202,233,233,233,233,265,265,5,5,19,19,93,93,108,8],"floor_reached":19,"playtime":326,"items_purged":[],"score":366,"play_id":"0a4eda01-0a55-4c7b-8efc-ec8fe82a34e2","local_time":"20181029150746","is_ascension_mode":true,"campfire_choices":[{"data":"Defragment","floor":7.0,"key":"SMITH"},{"floor":15,"key":"REST"}],"neow_cost":"NONE","seed_source_timestamp":104811815600914,"circlet_count":0,"master_deck":["Strike_B","Strike_B","Strike_B","Defend_B","Defend_B","Defend_B","Defend_B","Zap","Dualcast","AscendersBane","Consume","Capacitor","Defragment+1","Turbo","Loop","Steam","Gash+1","Seek","Parasite","Shame","Clumsy","Ball Lightning+1"],"special_seed":0,"relics":["Cracked Core","NeowsBlessing","Ornamental Fan","Pantograph","Molten Egg 2","Blue Candle","Happy Flower","Calling Bell","Bag of Marbles","Matryoshka","Pocketwatch"],"potions_floor_usage":[10],"damage_taken":[{"damage":0.0,"enemies":"Jaw Worm","floor":1.0,"turns":1.0},{"damage":0.0,"enemies":"Small Slimes","floor":2.0,"turns":1.0},{"damage":0.0,"enemies":"3 Sentries","floor":6.0,"turns":1.0},{"damage":23,"enemies":"Gremlin Nob","floor":10,"turns":4},{"damage":0,"enemies":"Cultist","floor":14,"turns":3},{"damage":53,"enemies":"The Guardian","floor":16,"turns":9},{"damage":27,"enemies":"Spheric Guardian","floor":18,"turns":5},{"damage":33,"enemies":"2 Thieves","floor":19,"turns":3}],"seed_played":"4018659785372254142","potions_obtained":[{"floor":1.0,"key":"GamblersBrew"}],"is_trial":false,"path_per_floor":["M","M","?","?","$","E","R","?","T","E","T","$","?","M","R","B",null,"M"],"character_chosen":"DEFECT","items_purchased":["Loop","Happy Flower","Steam"],"campfire_rested":1,"item_purchase_floors":[12,12,12],"current_hp_per_floor":[64,64,53,53,53,53,53,53,53,30,30,30,23,23,44,16,57,30,0],"gold":8,"neow_bonus":"THREE_ENEMY_KILL","is_prod":false,"is_daily":false,"chose_seed":false,"campfire_upgraded":1,"win_rate":0,"timestamp":1540822066,"path_taken":["M","M","?","?","$","E","R","?","T","E","?","$","?","M","R","BOSS","M","M"],"build_version":"2018-10-25v2","purchased_purges":0,"victory":false,"max_hp_per_floor":[71,71,71,71,71,71,71,71,71,71,71,71,71,71,71,71,71,71,71],"card_choices":[{"not_picked":["Genetic Algorithm","Ball Lightning"],"picked":"Consume","floor":1.0},{"not_picked":["Steam","Turbo"],"picked":"Capacitor","floor":2.0},{"not_picked":["Sunder","Coolheaded"],"picked":"Defragment","floor":6.0},{"not_picked":["Go for the Eyes","Hologram"],"picked":"Turbo","floor":10},{"not_picked":["Sweeping Beam+1","Rebound+1"],"picked":"Gash+1","floor":14},{"not_picked":["Core Surge+1","Meteor Strike+1"],"picked":"Seek","floor":16},{"not_picked":["Steam","Rip and Tear+1"],"picked":"Ball Lightning+1","floor":18}],"player_experience":718617,"relics_obtained":[{"floor":6.0,"key":"Ornamental Fan"},{"floor":9.0,"key":"Pantograph"},{"floor":10,"key":"Molten Egg 2"},{"floor":11,"key":"Blue Candle"},{"floor":17,"key":"Bag of Marbles"},{"floor":17,"key":"Matryoshka"},{"floor":17,"key":"Pocketwatch"}],"event_choices":[{"damage_healed":0.0,"max_hp_gain":0.0,"max_hp_loss":0.0,"gold_gain":75.0,"event_name":"World of Goop","player_choice":"Gather Gold","floor":3.0,"gold_loss":0.0,"damage_taken":11.0},{"damage_healed":0.0,"max_hp_gain":0.0,"max_hp_loss":0.0,"gold_gain":0.0,"event_name":"The Cleric","player_choice":"Leave","floor":4.0,"gold_loss":0.0,"damage_taken":0.0},{"damage_healed":0.0,"max_hp_gain":0.0,"max_hp_loss":0.0,"gold_gain":0.0,"event_name":"Liars Game","player_choice":"Ignored","floor":8.0,"gold_loss":0.0,"damage_taken":0.0},{"cards_removed":["Strike_B"],"damage_healed":0,"gold_gain":0,"player_choice":"Card Removal","damage_taken":7,"max_hp_gain":0,"max_hp_loss":0,"event_name":"Golden Wing","floor":13,"gold_loss":0}],"is_beta":true,"boss_relics":[{"not_picked":["White Beast Statue","Snecko Eye"],"picked":"Calling Bell"}],"items_purged_floors":[],"is_endless":false,"potions_floor_spawned":[1],"killed_by":"2 Thieves","ascension_level":17}