{"gold_per_floor":[114,132,148,160,160,160,180,105,105,124,138,88,88,43,43,43],"floor_reached":16,"playtime":970,"items_purged":["Defend_G"],"score":94,"play_id":"964caaae-8ea3-433b-813e-7ea7c67b9e2d","local_time":"20180726085923","is_ascension_mode":false,"campfire_choices":[{"data":"Prepared","floor":6,"key":"SMITH"},{"data":"After Image","floor":13,"key":"SMITH"},{"data":"Neutralize","floor":15,"key":"SMITH"}],"neow_cost":"NONE","seed_source_timestamp":570034462830,"circlet_count":0,"master_deck":["Defend_G","Defend_G","Defend_G","Strike_G","Strike_G","Strike_G","Survivor","Neutralize+1","Reflex","Prepared+1","Tactician","After Image+1"],"special_seed":0,"relics":["Empty Cage"],"potions_floor_usage":[7,16],"damage_taken":[{"damage":2.0,"enemies":"Jaw Worm","floor":1.0,"turns":7.0},{"damage":0.0,"enemies":"2 Louse","floor":2.0,"turns":2.0},{"damage":4.0,"enemies":"Cultist","floor":3.0,"turns":6.0},{"damage":0.0,"enemies":"Exordium Thugs","floor":4.0,"turns":4.0},{"damage":1,"enemies":"2 Fungi Beasts","floor":7,"turns":3},{"damage":0,"enemies":"Blue Slaver","floor":10,"turns":6},{"damage":0,"enemies":"Large Slime","floor":11,"turns":7},{"damage":0,"enemies":"Looter","floor":14,"turns":5},{"damage":66,"enemies":"Hexaghost","floor":16,"turns":16}],"seed_played":"-4201232126691896757","potions_obtained":[{"floor":1.0,"key":"GhostInAJar"},{"floor":3.0,"key":"Explosive Potion"},{"floor":4.0,"key":"Explosive Potion"}],"is_trial":false,"path_per_floor":["M","M","M","M","?","R","M","$","T","M","M","?","R","M","R"],"character_chosen":"THE_SILENT","items_purchased":[],"campfire_rested":0,"item_purchase_floors":[],"current_hp_per_floor":[68,68,64,64,64,64,63,63,63,63,63,63,63,63,63,0],"gold":43,"neow_bonus":"BOSS_RELIC","is_prod":false,"is_daily":false,"chose_seed":false,"campfire_upgraded":3,"win_rate":0,"timestamp":1532566763,"path_taken":["M","M","M","M","?","R","M","?","T","M","M","?","R","M","R","BOSS"],"build_version":"2018-07-19v2","purchased_purges":1,"victory":false,"max_hp_per_floor":[70,70,70,70,70,70,70,70,70,70,70,70,70,70,70,70],"card_choices":[{"not_picked":["Dagger Spray","Backstab"],"picked":"Reflex","floor":1.0},{"not_picked":["Dodge and Roll","Outmaneuver","Eviscerate"],"picked":"SKIP","floor":2.0},{"not_picked":["PiercingWail","Predator"],"picked":"Prepared","floor":3.0},{"not_picked":["Deflect","Terror"],"picked":"Tactician","floor":4.0},{"not_picked":["Setup","Crippling Poison"],"picked":"After Image","floor":7},{"not_picked":["Dodge and Roll","Bane","Blur"],"picked":"SKIP","floor":10},{"not_picked":["Caltrops","Sucker Punch","A Thousand Cuts"],"picked":"SKIP","floor":11},{"not_picked":["Riddle With Holes","Leg Sweep","Sucker Punch"],"picked":"SKIP","floor":14}],"player_experience":212125,"relics_obtained":[],"event_choices":[{"event_name":"Scrap Ooze","player_choice":"unsuccessful","floor":5,"damage_taken":0},{"event_name":"The Cleric","player_choice":"Card Removal","floor":12,"damage_taken":0}],"is_beta":false,"boss_relics":[],"items_purged_floors":[8],"is_endless":false,"potions_floor_spawned":[1,3,4],"killed_by":"Hexaghost","ascension_level":0}