{"path_per_floor":["M","M","?","$","M","E","R","?","T","R","E","M","M","E","R","B",null,"M","M","M","$","?","R","E","?","T","M","M","T","E","M","R","B",null,"M","?","M","$","M","R","?","R","T","R","M","R","E","$","R","B"],"character_chosen":"DEFECT","items_purchased":["Reboot","Gambling Chip","Conserve Battery","Capacitor","Pen Nib"],"gold_per_floor":[114,128,128,51,63,95,95,125,152,152,184,204,224,254,254,357,357,370,387,403,59,59,59,92,92,92,106,123,123,148,158,158,255,255,273,273,289,44,60,60,60,60,60,60,74,74,109,9,9,9],"floor_reached":51,"campfire_rested":4,"playtime":3155,"current_hp_per_floor":[75,75,75,75,75,56,56,49,49,49,33,22,22,22,44,15,80,69,69,56,56,56,66,59,59,59,57,45,45,33,14,50,7,80,80,70,41,41,4,42,42,56,56,70,65,79,43,43,80,35],"items_purged":["Defend_B","Defend_B"],"gold":9,"score":867,"play_id":"ecfabdb6-e671-456b-8296-d0816b6d6d7b","local_time":"20180508182321","is_prod":false,"is_daily":false,"chose_seed":false,"is_ascension_mode":true,"campfire_upgraded":6,"timestamp":1525796601,"path_taken":["M","M","?","?","M","E","R","?","T","R","E","M","M","E","R","BOSS","M","?","M","$","?","R","E","?","T","M","?","?","E","M","R","BOSS","M","?","M","$","M","R","?","R","T","R","?","R","E","?","R","BOSS"],"build_version":"2018-05-07","seed_source_timestamp":3268851177347,"purchased_purges":2,"victory":true,"master_deck":["Strike_B","Strike_B+1","Strike_B","Strike_B","Defend_B","Defend_B+1","Zap+1","Dualcast+1","Biased Cognition","Leap","Tempest+1","Reboot","Cold Snap+1","Nova","Blizzard","Ball Lightning","Beam Cell","Static Discharge+1","Cold Snap","Machine Learning+1","Sweeping Beam","Defragment+1","Beam Cell","Conserve Battery","Go for the Eyes+1","Coolheaded","Leap","Cold Snap","Go for the Eyes","Echo Form","Leap","Panache","Bandage Up","Static Discharge+1","Capacitor","Impulse+1","Nova"],"max_hp_per_floor":[75,75,75,75,75,75,75,75,75,75,75,75,75,75,75,80,80,80,80,80,80,80,80,80,80,80,80,80,80,80,80,80,80,80,80,80,80,80,80,80,80,80,80,80,80,80,80,80,80,80],"relics":["Cracked Core","Whetstone","Odd Mushroom","Anchor","Vajra","Bottled Flame","Eternal Feather","Gambling Chip","War Paint","Dodecahedron","Bronze Scales","Orichalcum","Inserter","Pen Nib","Darkstone Periapt","DataDisk"],"card_choices":[{"not_picked":["Rip and Tear","Stack"],"picked":"Leap","floor":1},{"not_picked":["Coolheaded","Storm"],"picked":"Tempest","floor":2},{"not_picked":["Hologram","Reinforced Body"],"picked":"Cold Snap","floor":5},{"not_picked":["Heatsinks","Rip and Tear"],"picked":"Nova","floor":6},{"not_picked":["Rip and Tear","Cold Snap"],"picked":"Blizzard","floor":8},{"not_picked":["Coolheaded","Reprogram"],"picked":"Ball Lightning","floor":11},{"not_picked":["Darkness","Axe Kick"],"picked":"Beam Cell","floor":12},{"not_picked":["Turbo","Consume"],"picked":"Static Discharge","floor":13},{"not_picked":["Barrage","Chill"],"picked":"Cold Snap","floor":14},{"not_picked":["Multi-Cast","Fission"],"picked":"Machine Learning","floor":16},{"not_picked":["Axe Kick","Hologram"],"picked":"Sweeping Beam","floor":18},{"not_picked":["Go for the Eyes","Axe Kick"],"picked":"Defragment","floor":19},{"not_picked":["Skim","Meteor Strike"],"picked":"Beam Cell","floor":20},{"not_picked":["Lockon","Streamline"],"picked":"Go for the Eyes","floor":24},{"not_picked":["Consume","Hologram"],"picked":"Coolheaded","floor":27},{"not_picked":["Sweeping Beam","Reprogram"],"picked":"Leap","floor":28},{"not_picked":["Meteor Strike","Conserve Battery"],"picked":"Cold Snap","floor":30},{"not_picked":["Rip and Tear","Conserve Battery"],"picked":"Go for the Eyes","floor":31},{"not_picked":["Multi-Cast","Prime"],"picked":"Echo Form","floor":33},{"not_picked":["Barrage","Ball Lightning"],"picked":"Leap","floor":35},{"not_picked":["Mind Blast","Trip"],"picked":"Panache","floor":36},{"not_picked":["Madness","Mind Blast"],"picked":"Bandage Up","floor":36},{"not_picked":["Streamline","Beam Cell"],"picked":"Static Discharge","floor":37},{"not_picked":["Genetic Algorithm","Go for the Eyes"],"picked":"Impulse","floor":39}],"player_experience":92377,"potions_floor_usage":[8,14,14,14,16,20,24,24,24,30,33,39,50],"damage_taken":[{"damage":0,"enemies":"Small Slimes","floor":1,"turns":3},{"damage":0,"enemies":"2 Louse","floor":2,"turns":2},{"damage":0,"enemies":"Cultist","floor":5,"turns":2},{"damage":19,"enemies":"Gremlin Nob","floor":6,"turns":4},{"damage":7,"enemies":"The Mushroom Lair","floor":8,"turns":3},{"damage":16,"enemies":"Lagavulin","floor":11,"turns":5},{"damage":11,"enemies":"Exordium Thugs","floor":12,"turns":3},{"damage":0,"enemies":"Blue Slaver","floor":13,"turns":2},{"damage":0,"enemies":"Gremlin Nob","floor":14,"turns":2},{"damage":34,"enemies":"The Guardian","floor":16,"turns":7},{"damage":11,"enemies":"Spheric Guardian","floor":18,"turns":4},{"damage":0,"enemies":"Chosen","floor":19,"turns":2},{"damage":13,"enemies":"Snake Plant","floor":20,"turns":3},{"damage":7,"enemies":"Slavers","floor":24,"turns":4},{"damage":2,"enemies":"Snecko","floor":27,"turns":4},{"damage":12,"enemies":"Centurion and Healer","floor":28,"turns":4},{"damage":12,"enemies":"Book of Stabbing","floor":30,"turns":5},{"damage":19,"enemies":"Sentry and Sphere","floor":31,"turns":5},{"damage":43,"enemies":"Collector","floor":33,"turns":11},{"damage":0,"enemies":"Orb Walker","floor":35,"turns":3},{"damage":29,"enemies":"3 Darklings","floor":37,"turns":5},{"damage":37,"enemies":"Sphere and 2 Shapes","floor":39,"turns":5},{"damage":9,"enemies":"4 Shapes","floor":45,"turns":5},{"damage":44,"enemies":"Nemesis","floor":47,"turns":7},{"damage":64,"enemies":"Time Eater","floor":50,"turns":8}],"event_choices":[{"event_name":"Golden Wing","player_choice":"Ignored","floor":3,"damage_taken":0},{"event_name":"Mushrooms","player_choice":"Fought Mushrooms","floor":8,"damage_taken":0},{"event_name":"The Lab","player_choice":"Got Potions","floor":22,"damage_taken":0},{"event_name":"Ghosts","player_choice":"Ignored","floor":25,"damage_taken":0},{"event_name":"SensoryStone","player_choice":"Memory 3","floor":36,"damage_taken":0},{"event_name":"Duplicator","player_choice":"One dupe","floor":41,"damage_taken":0}],"boss_relics":[{"not_picked":["Philosopher\u0027s Stone","Runic Dome"],"picked":"Eternal Feather"},{"not_picked":["Nuclear Battery","Tiny House"],"picked":"Inserter"}],"potions_floor_spawned":[1,8,11,12,14,19,24,31,37,47],"seed_played":"-4794648851031500039","ascension_level":3,"is_trial":false}