{"gold_per_floor":[215,140,140,140,140,140,40,40,64,74,74,94,129,143,143,243,243,263,138,154,4,17,17,31,31,57,83,83,93,93,109,109,211,211,225,50,50,101,113,113,113,113,113,113,131,148,163,163,163,163],"floor_reached":51,"playtime":3156,"items_purged":["Strike_R","Defend_R","Strike_R","Strike_R","Strike_R"],"score":869,"play_id":"ebeb2cfd-98a8-4d7f-889e-95a7df23b36a","local_time":"20181025011200","is_ascension_mode":true,"campfire_choices":[{"data":"Iron Wave","floor":6,"key":"SMITH"},{"data":"Bash","floor":8,"key":"SMITH"},{"data":"Iron Wave","floor":11,"key":"SMITH"},{"data":"Inflame","floor":15,"key":"SMITH"},{"data":"Feed","floor":23,"key":"SMITH"},{"data":"Iron Wave","floor":25,"key":"SMITH"},{"data":"Defend_R","floor":28,"key":"SMITH"},{"data":"Defend_R","floor":30,"key":"SMITH"},{"floor":32,"key":"REST"},{"data":"Clash","floor":40,"key":"SMITH"},{"floor":42,"key":"REST"},{"floor":44,"key":"REST"},{"data":"Twin Strike","floor":49,"key":"SMITH"}],"neow_cost":"NONE","seed_source_timestamp":40063510059234,"circlet_count":0,"master_deck":["Defend_R+1","Defend_R+1","Bash+1","Iron Wave+1","Iron Wave+1","Inflame+1","Feed+1","Rampage+1","Iron Wave+1","Inflame+1","Clash+1","Iron Wave+1","Parasite","Twin Strike+1","Madness","Madness"],"special_seed":0,"relics":["Burning Blood","Lantern","Self Forming Clay","Velvet Choker","Orichalcum","Regal Pillow","Runic Pyramid","Incense Burner","Charon\u0027s Ashes","Frozen Egg 2"],"potions_floor_usage":[16,16,27,33,35,50,50,50,50,50,50],"damage_taken":[{"damage":7,"enemies":"Jaw Worm","floor":1,"turns":3},{"damage":0,"enemies":"Small Slimes","floor":10,"turns":3},{"damage":0,"enemies":"Cultist","floor":12,"turns":2},{"damage":25,"enemies":"Gremlin Nob","floor":13,"turns":4},{"damage":0,"enemies":"Blue Slaver","floor":14,"turns":3},{"damage":37,"enemies":"Hexaghost","floor":16,"turns":8},{"damage":1,"enemies":"3 Byrds","floor":18,"turns":5},{"damage":5,"enemies":"Shell Parasite","floor":20,"turns":5},{"damage":15,"enemies":"Centurion and Healer","floor":22,"turns":6},{"damage":24,"enemies":"Snake Plant","floor":24,"turns":4},{"damage":16,"enemies":"Slavers","floor":27,"turns":4},{"damage":6,"enemies":"Snecko","floor":29,"turns":4},{"damage":11,"enemies":"Centurion and Healer","floor":31,"turns":4},{"damage":78,"enemies":"Champ","floor":33,"turns":8},{"damage":17,"enemies":"3 Darklings","floor":35,"turns":4},{"damage":1,"enemies":"Mind Bloom Boss Battle","floor":37,"turns":6},{"damage":37,"enemies":"2 Orb Walkers","floor":38,"turns":5},{"damage":0,"enemies":"Orb Walker","floor":39,"turns":2},{"damage":18,"enemies":"Writhing Mass","floor":45,"turns":5},{"damage":0,"enemies":"Transient","floor":46,"turns":5},{"damage":42,"enemies":"Maw","floor":47,"turns":7},{"damage":90,"enemies":"Awakened One","floor":50,"turns":9}],"seed_played":"706963366611337062","potions_obtained":[{"floor":12,"key":"LiquidBronze"},{"floor":13,"key":"LiquidBronze"},{"floor":22,"key":"SneckoOil"},{"floor":24,"key":"FearPotion"},{"floor":31,"key":"Poison Potion"},{"floor":33,"key":"SkillPotion"},{"floor":38,"key":"Regen Potion"},{"floor":45,"key":"EntropicBrew"},{"floor":47,"key":"BloodPotion"}],"is_trial":false,"path_per_floor":["M","$","?","?","?","R","$","R","T","M","R","M","E","M","R","B",null,"M","$","M","$","M","R","M","R","T","E","R","M","R","M","R","B",null,"M","$","?","?","M","R","?","R","T","R","M","M","M","?","R","B"],"character_chosen":"IRONCLAD","items_purchased":[],"campfire_rested":3,"item_purchase_floors":[],"current_hp_per_floor":[79,79,79,79,79,79,79,79,79,80,80,80,61,67,67,36,69,77,77,81,81,75,75,57,57,57,51,51,55,55,54,99,31,87,80,80,89,62,68,68,68,117,117,117,109,115,79,64,64,11],"gold":163,"neow_bonus":"HUNDRED_GOLD","is_prod":false,"is_daily":false,"chose_seed":false,"campfire_upgraded":10,"win_rate":0,"timestamp":1540401120,"path_taken":["M","$","?","?","?","R","$","R","T","M","R","?","E","M","R","BOSS","M","$","M","$","?","R","M","R","T","E","R","M","R","M","R","BOSS","M","$","?","?","M","R","?","R","T","R","M","?","M","?","R","BOSS"],"build_version":"2018-10-18","purchased_purges":5,"victory":true,"max_hp_per_floor":[80,80,80,80,80,80,80,80,80,80,80,80,80,80,80,80,80,83,83,86,86,89,89,89,89,89,93,93,97,97,101,101,105,105,109,109,113,117,117,117,117,117,117,117,121,121,121,121,121,125],"card_choices":[{"not_picked":["Whirlwind","Sword Boomerang"],"picked":"Iron Wave","floor":1},{"not_picked":["Uppercut","Wild Strike"],"picked":"Iron Wave","floor":10},{"not_picked":["Flex","Perfected Strike","Clothesline"],"picked":"SKIP","floor":12},{"not_picked":["Clothesline","Blood for Blood","Inflame"],"picked":"SKIP","floor":13},{"not_picked":["Clothesline","Blood for Blood"],"picked":"Inflame","floor":13},{"not_picked":["Armaments","Wild Strike","Exhume"],"picked":"SKIP","floor":14},{"not_picked":["Exhume","Reaper"],"picked":"Feed","floor":16},{"not_picked":["Disarm+1","Searing Blow"],"picked":"Rampage+1","floor":18},{"not_picked":["Entrench","Havoc"],"picked":"Iron Wave","floor":20},{"not_picked":["Sever Soul","Pommel Strike+1","Heavy Blade"],"picked":"SKIP","floor":22},{"not_picked":["Body Slam","Wild Strike+1","Iron Wave"],"picked":"SKIP","floor":24},{"not_picked":["Thunderclap","Bloodletting"],"picked":"Inflame+1","floor":27},{"not_picked":["Twin Strike","Combust","Clothesline"],"picked":"SKIP","floor":29},{"not_picked":["Barricade","Heavy Blade"],"picked":"Clash","floor":31},{"not_picked":["Heavy Blade","Dual Wield+1","Corruption"],"picked":"SKIP","floor":35},{"not_picked":["Metallicize+1","Burning Pact","Disarm+1"],"picked":"SKIP","floor":39},{"not_picked":["Headbutt","Entrench+1","Twin Strike"],"picked":"SKIP","floor":45},{"not_picked":["Headbutt","Entrench+1"],"picked":"Twin Strike","floor":45},{"not_picked":["Dual Wield+1","Pommel Strike+1","True Grit+1"],"picked":"SKIP","floor":46},{"not_picked":["Anger","Iron Wave","Power Through+1"],"picked":"SKIP","floor":47}],"player_experience":338919,"relics_obtained":[{"floor":9,"key":"Lantern"},{"floor":13,"key":"Self Forming Clay"},{"floor":26,"key":"Orichalcum"},{"floor":27,"key":"Regal Pillow"},{"floor":37,"key":"Incense Burner"},{"floor":38,"key":"Charon\u0027s Ashes"},{"floor":43,"key":"Frozen Egg 2"}],"event_choices":[{"cards_removed":["Defend_R"],"damage_healed":0,"gold_gain":0,"player_choice":"Forget","damage_taken":0,"max_hp_gain":0,"max_hp_loss":0,"event_name":"Living Wall","floor":3,"gold_loss":0},{"cards_removed":["Strike_R"],"damage_healed":0,"gold_gain":0,"player_choice":"Purged","damage_taken":0,"max_hp_gain":0,"max_hp_loss":0,"event_name":"Purifier","floor":4,"gold_loss":0},{"damage_healed":0,"gold_gain":0,"player_choice":"Bought 0 Potions","damage_taken":0,"max_hp_gain":0,"max_hp_loss":0,"event_name":"The Woman in Blue","floor":5,"gold_loss":0},{"damage_healed":0,"gold_gain":0,"player_choice":"Fight","damage_taken":0,"max_hp_gain":0,"max_hp_loss":0,"event_name":"MindBloom","floor":37,"gold_loss":0},{"damage_healed":0,"gold_gain":0,"player_choice":"Fight","damage_taken":0,"max_hp_gain":0,"max_hp_loss":0,"event_name":"Mysterious Sphere","floor":38,"gold_loss":0},{"damage_healed":0,"gold_gain":0,"player_choice":"Copied","damage_taken":0,"max_hp_gain":0,"max_hp_loss":0,"event_name":"Duplicator","floor":41,"gold_loss":0,"cards_obtained":["Iron Wave"]},{"damage_healed":0,"gold_gain":0,"player_choice":"Embrace Madness","damage_taken":15,"max_hp_gain":0,"max_hp_loss":0,"event_name":"Winding Halls","floor":48,"gold_loss":0,"cards_obtained":["Madness","Madness"]}],"is_beta":false,"boss_relics":[{"not_picked":["White Beast Statue","Fusion Hammer"],"picked":"Velvet Choker"},{"not_picked":["Mark of Pain","Runic Dome"],"picked":"Runic Pyramid"}],"items_purged_floors":[2,7,19,21,36],"is_endless":false,"potions_floor_spawned":[12,13,22,24,31,33,38,45,47],"ascension_level":5}