{"gold_per_floor":[116,116,127,141,161,190,190,218,266,341,370,370,390,405,405,507,507,517,442,542,553,568,568,595,595,595,595,614,644,644,663,663,759,759,776,788,808,822,822,852,852,870,925,941,414,9,9,19,19,19],"floor_reached":51,"playtime":4459,"items_purged":["Defend_B","Strike_B","Strike_B"],"score":879,"play_id":"f0703405-f251-4e6e-a7c9-2beaef641b37","local_time":"20180910194319","is_ascension_mode":true,"campfire_choices":[{"data":"Rebound","floor":7.0,"key":"SMITH"},{"floor":15.0,"key":"REST"},{"floor":23.0,"key":"REST"},{"floor":27.0,"key":"REST"},{"floor":30.0,"key":"REST"},{"floor":32,"key":"REST"},{"floor":41,"key":"REST"},{"data":"Apotheosis","floor":47,"key":"SMITH"},{"data":"Machine Learning","floor":49,"key":"SMITH"}],"neow_cost":"NONE","seed_source_timestamp":0,"circlet_count":0,"master_deck":["Strike_B","Defend_B","Defend_B","Zap+1","Dualcast+1","Rebound+1","FTL","Leap","Cold Snap","FTL","Scrape","Capacitor","Coolheaded","Core Surge","Lockon","Defragment","Machine Learning+1","Sweeping Beam","Coolheaded+1","Conserve Battery","Leap+1","Conserve Battery+1","Barrage","Core Surge","White Noise","Fission","Compile Driver","Sweeping Beam","Beam Cell","Compile Driver","Ball Lightning+1","Barrage+1","Skim","Defragment","Apotheosis+1","Mayhem","Hologram+1"],"special_seed":0,"relics":["Cracked Core","Orichalcum","Pear","Vajra","Dream Catcher","Nuclear Battery","Mango","Matryoshka","Ancient Tea Set","MutagenicStrength","Boot","Kunai","Happy Flower","Empty Cage","Art of War","Bag of Marbles","Potion Belt","Lee\u0027s Waffle"],"potions_floor_usage":[33,38,40,50,50,50,50],"damage_taken":[{"damage":0.0,"enemies":"Small Slimes","floor":1.0,"turns":3.0},{"damage":0.0,"enemies":"2 Louse","floor":3.0,"turns":1.0},{"damage":0.0,"enemies":"Cultist","floor":4.0,"turns":3.0},{"damage":0.0,"enemies":"Gremlin Gang","floor":5.0,"turns":3.0},{"damage":28.0,"enemies":"Gremlin Nob","floor":6.0,"turns":4.0},{"damage":3.0,"enemies":"3 Sentries","floor":8.0,"turns":6.0},{"damage":25.0,"enemies":"Lagavulin","floor":11.0,"turns":4.0},{"damage":0.0,"enemies":"Large Slime","floor":13.0,"turns":3.0},{"damage":0.0,"enemies":"2 Fungi Beasts","floor":14.0,"turns":2.0},{"damage":17.0,"enemies":"The Guardian","floor":16.0,"turns":12.0},{"damage":4.0,"enemies":"3 Byrds","floor":18.0,"turns":5.0},{"damage":21.0,"enemies":"Colosseum Slavers","floor":20.0,"turns":4.0},{"damage":26.0,"enemies":"Colosseum Nobs","floor":20.0,"turns":5.0},{"damage":14.0,"enemies":"2 Thieves","floor":21.0,"turns":3.0},{"damage":18.0,"enemies":"Snecko","floor":22.0,"turns":5.0},{"damage":38.0,"enemies":"Gremlin Leader","floor":24.0,"turns":7.0},{"damage":25.0,"enemies":"Snake Plant","floor":28.0,"turns":4.0},{"damage":10.0,"enemies":"Book of Stabbing","floor":29.0,"turns":7.0},{"damage":2.0,"enemies":"3 Cultists","floor":31.0,"turns":4.0},{"damage":54,"enemies":"Automaton","floor":33,"turns":11},{"damage":5,"enemies":"Orb Walker","floor":35,"turns":2},{"damage":7,"enemies":"3 Darklings","floor":36,"turns":5},{"damage":46,"enemies":"Transient","floor":37,"turns":5},{"damage":42,"enemies":"4 Shapes","floor":38,"turns":5},{"damage":89,"enemies":"Nemesis","floor":40,"turns":7},{"damage":6,"enemies":"Maw","floor":42,"turns":6},{"damage":18,"enemies":"Transient","floor":44,"turns":5},{"damage":5,"enemies":"Reptomancer","floor":48,"turns":4},{"damage":25,"enemies":"Awakened One","floor":50,"turns":8}],"seed_played":"-2787566846015877362","potions_obtained":[{"floor":3.0,"key":"SkillPotion"},{"floor":5.0,"key":"SpeedPotion"},{"floor":8.0,"key":"Swift Potion"},{"floor":11.0,"key":"Swift Potion"},{"floor":13.0,"key":"Regen Potion"},{"floor":16.0,"key":"EssenceOfSteel"},{"floor":18.0,"key":"SteroidPotion"},{"floor":24.0,"key":"GamblersBrew"},{"floor":31.0,"key":"Poison Potion"},{"floor":36,"key":"GamblersBrew"},{"floor":38,"key":"GamblersBrew"},{"floor":40,"key":"Weak Potion"},{"floor":44,"key":"Poison Potion"}],"is_trial":false,"path_per_floor":["M","?","M","M","M","E","R","E","T","?","E","?","M","M","R","B",null,"M","$","?","M","M","R","E","?","T","R","M","E","R","M","R","B",null,"M","M","M","M","?","E","R","M","T","M","$","$","R","M","R","B"],"character_chosen":"DEFECT","items_purchased":["Lee\u0027s Waffle","Defragment","Apotheosis","Mayhem","FocusPotion"],"campfire_rested":6,"item_purchase_floors":[45,45,45,46,46],"current_hp_per_floor":[75,75,75,75,75,47,47,54,54,43,18,23,23,23,50,33,90,86,86,53,39,21,52,14,14,14,45,20,10,41,39,70,23,104,99,92,46,4,91,2,29,23,23,5,98,98,98,93,93,83],"gold":19,"neow_bonus":"UPGRADE_CARD","is_prod":false,"is_daily":false,"chose_seed":false,"campfire_upgraded":3,"win_rate":0,"timestamp":1536579799,"path_taken":["M","?","M","M","?","E","R","E","T","?","E","?","?","M","R","BOSS","M","?","?","?","M","R","E","?","T","R","M","E","R","M","R","BOSS","M","M","M","M","?","E","R","M","T","?","?","$","R","M","R","BOSS"],"build_version":"2018-09-06","purchased_purges":3,"victory":true,"max_hp_per_floor":[75,75,75,75,75,75,75,85,85,85,85,90,90,90,90,90,90,90,90,104,104,104,104,104,104,104,104,104,104,104,104,104,104,104,104,104,104,104,91,91,91,91,91,91,98,98,98,98,98,98],"card_choices":[{"not_picked":["Redo","Coolheaded","Rebound"],"picked":"SKIP","floor":1.0},{"not_picked":["Redo","Coolheaded"],"picked":"Rebound","floor":1.0},{"not_picked":["Streamline","Loop"],"picked":"FTL","floor":3.0},{"not_picked":["Compile Driver","Self Repair"],"picked":"Leap","floor":4.0},{"not_picked":["Hyperbeam","Coolheaded"],"picked":"Cold Snap","floor":5.0},{"not_picked":["Redo","Cold Snap"],"picked":"FTL","floor":6.0},{"not_picked":["Chill","Steam","Hello World"],"picked":"SKIP","floor":8.0},{"not_picked":["Meteor Strike","Reprogram"],"picked":"Scrape","floor":11.0},{"not_picked":["Stack","Force Field","Auto Shields"],"picked":"SKIP","floor":13.0},{"not_picked":["Storm","Streamline"],"picked":"Capacitor","floor":14.0},{"not_picked":["Genetic Algorithm","Static Discharge"],"picked":"Coolheaded","floor":15.0},{"not_picked":["Hyperbeam","Meteor Strike"],"picked":"Core Surge","floor":16.0},{"not_picked":["Heatsinks","Undo+1"],"picked":"Lockon","floor":18.0},{"not_picked":["Coolheaded","Go for the Eyes"],"picked":"Defragment","floor":20.0},{"not_picked":["Sweeping Beam","Reinforced Body"],"picked":"Machine Learning","floor":21.0},{"not_picked":["Steam","Gash"],"picked":"Sweeping Beam","floor":22.0},{"not_picked":["Melter","Chill+1"],"picked":"Coolheaded+1","floor":23.0},{"not_picked":["Cold Snap","Consume"],"picked":"Conserve Battery","floor":24.0},{"not_picked":["Coolheaded","Cold Snap"],"picked":"Leap+1","floor":27.0},{"not_picked":["Skim","Redo","Streamline"],"picked":"SKIP","floor":28.0},{"not_picked":["Cold Snap+1","Compile Driver+1"],"picked":"Conserve Battery+1","floor":29.0},{"not_picked":["Conserve Battery","Go for the Eyes"],"picked":"Barrage","floor":30.0},{"not_picked":["BootSequence","Cold Snap+1"],"picked":"Core Surge","floor":31.0},{"not_picked":["Scrape+1","Gash+1"],"picked":"White Noise","floor":32},{"not_picked":["Multi-Cast","Machine Learning"],"picked":"Fission","floor":33},{"not_picked":["Turbo+1","Leap+1"],"picked":"Compile Driver","floor":35},{"not_picked":["Chill+1","Coolheaded+1","BootSequence"],"picked":"SKIP","floor":36},{"not_picked":["Steam+1","Heatsinks+1"],"picked":"Sweeping Beam","floor":37},{"not_picked":["Turbo+1","White Noise"],"picked":"Beam Cell","floor":38},{"not_picked":["Double Energy+1","Gash+1"],"picked":"Compile Driver","floor":40},{"not_picked":["Streamline","Genetic Algorithm+1"],"picked":"Ball Lightning+1","floor":41},{"not_picked":["Buffer","Steam"],"picked":"Barrage+1","floor":42},{"not_picked":["Reinforced Body+1","Reprogram+1"],"picked":"Skim","floor":44},{"not_picked":["Reprogram","Self Repair"],"picked":"Hologram+1","floor":48}],"player_experience":280295,"relics_obtained":[{"floor":6.0,"key":"Orichalcum"},{"floor":8.0,"key":"Pear"},{"floor":9.0,"key":"Vajra"},{"floor":11.0,"key":"Dream Catcher"},{"floor":20.0,"key":"Mango"},{"floor":20.0,"key":"Matryoshka"},{"floor":24.0,"key":"Ancient Tea Set"},{"floor":26.0,"key":"Boot"},{"floor":26.0,"key":"Kunai"},{"floor":29.0,"key":"Happy Flower"},{"floor":40,"key":"Art of War"},{"floor":43,"key":"Bag of Marbles"},{"floor":43,"key":"Potion Belt"}],"event_choices":[{"event_name":"Living Wall","player_choice":"Grow","floor":2.0,"damage_taken":0.0},{"event_name":"World of Goop","player_choice":"Gather Gold","floor":10.0,"damage_taken":0.0},{"event_name":"Big Fish","player_choice":"Donut","floor":12.0,"damage_taken":0.0},{"event_name":"Colosseum","player_choice":"Fight","floor":20.0,"damage_taken":0.0},{"event_name":"Colosseum","player_choice":"Fought Nobs","floor":20.0,"damage_taken":0.0},{"event_name":"Drug Dealer","player_choice":"Inject Mutagens","floor":25.0,"damage_taken":0.0},{"event_name":"The Moai Head","player_choice":"Heal","floor":39,"damage_taken":0}],"is_beta":false,"boss_relics":[{"not_picked":["Runic Dome","Philosopher\u0027s Stone"],"picked":"Nuclear Battery"},{"not_picked":["Fusion Hammer","Lizard Tail"],"picked":"Empty Cage"}],"items_purged_floors":[19,45,46],"is_endless":false,"potions_floor_spawned":[3,5,8,11,13,16,18,24,28,31,36,38,40,44],"ascension_level":4}