{"gold_per_floor":[211,221,34,51,201,201,214,224,224,204,204,239,15,15,15,15],"floor_reached":16,"playtime":370,"items_purged":["Defend_R"],"score":200,"play_id":"89f8b830-bd52-4295-9f6a-36bdc27b8deb","local_time":"20181028140038","is_ascension_mode":true,"campfire_choices":[{"data":"Flex","floor":6,"key":"SMITH"},{"data":"Cleave","floor":11,"key":"SMITH"},{"data":"Bash","floor":15,"key":"SMITH"}],"neow_cost":"NONE","seed_source_timestamp":14372943103579,"circlet_count":0,"master_deck":["Strike_R","Strike_R","Strike_R","Strike_R","Strike_R","Defend_R","Defend_R+1","Defend_R+1","Bash+1","AscendersBane","Cleave+1","Pommel Strike","Flex+1","Pommel Strike","Pommel Strike","Doubt","Headbutt"],"relics":["Burning Blood","War Paint","Boot","Lee\u0027s Waffle","Golden Idol"],"potions_floor_usage":[7,12,12,16],"damage_taken":[{"damage":23,"enemies":"Jaw Worm","floor":1,"turns":6},{"damage":10,"enemies":"Small Slimes","floor":2,"turns":3},{"damage":1,"enemies":"Cultist","floor":4,"turns":3},{"damage":1,"enemies":"Large Slime","floor":7,"turns":3},{"damage":10,"enemies":"2 Fungi Beasts","floor":8,"turns":3},{"damage":25,"enemies":"3 Sentries","floor":12,"turns":9},{"damage":91,"enemies":"The Guardian","floor":16,"turns":10}],"seed_played":"6077188026323881752","potions_obtained":[{"floor":1,"key":"Block Potion"},{"floor":4,"key":"Dexterity Potion"},{"floor":10,"key":"Block Potion"},{"floor":12,"key":"Regen Potion"}],"is_trial":false,"path_per_floor":["M","M","$","M","?","R","M","M","T","?","R","E","$","?","R"],"character_chosen":"IRONCLAD","items_purchased":["Flex","Pommel Strike","Lee\u0027s Waffle"],"campfire_rested":0,"item_purchase_floors":[3,3,13],"current_hp_per_floor":[51,47,47,52,52,52,57,53,53,53,53,34,82,54,54,0],"gold":15,"neow_bonus":"HUNDRED_GOLD","is_prod":false,"is_daily":false,"chose_seed":false,"campfire_upgraded":3,"win_rate":0,"timestamp":1540731638,"path_taken":["M","M","$","M","?","R","M","M","T","?","R","E","$","?","R","BOSS"],"build_version":"2018-10-25v2","purchased_purges":1,"victory":false,"max_hp_per_floor":[75,75,75,75,75,75,75,75,75,75,75,75,82,82,82,82],"card_choices":[{"not_picked":["Dropkick","Anger"],"picked":"Cleave","floor":1},{"not_picked":["Clash","Hemokinesis"],"picked":"Pommel Strike","floor":2},{"not_picked":["Dual Wield","Armaments"],"picked":"Pommel Strike","floor":4},{"not_picked":["Armaments","Wild Strike","True Grit"],"picked":"SKIP","floor":7},{"not_picked":["True Grit","Corruption"],"picked":"Headbutt","floor":8},{"not_picked":["Rupture","Metallicize","Corruption"],"picked":"SKIP","floor":12}],"player_experience":710600,"relics_obtained":[{"floor":9,"key":"War Paint"},{"floor":12,"key":"Boot"}],"event_choices":[{"damage_healed":0,"gold_gain":150,"player_choice":"AGREE","damage_taken":0,"max_hp_gain":0,"max_hp_loss":0,"event_name":"Liars Game","floor":5,"gold_loss":0,"cards_obtained":["Doubt"]},{"damage_healed":0,"gold_gain":0,"player_choice":"Bought 1 Potion","damage_taken":0,"max_hp_gain":0,"max_hp_loss":0,"event_name":"The Woman in Blue","floor":10,"gold_loss":0},{"damage_healed":0,"gold_gain":0,"player_choice":"Take Damage","damage_taken":28,"relics_obtained":["Golden Idol"],"max_hp_gain":0,"max_hp_loss":0,"event_name":"Golden Idol","floor":14,"gold_loss":0}],"is_beta":true,"boss_relics":[],"items_purged_floors":[3],"is_endless":false,"potions_floor_spawned":[1,4,12],"killed_by":"The Guardian","ascension_level":20}