{"gold_per_floor":[113,128,144,162,16,16,44,44,44,44,63,63,63,73,73,169,169,187,187,102,27,39,39,64,80,159,159,1,13,13,33,33,138,138,148,30,40,56,56,81,81,93,119,119],"floor_reached":44,"playtime":2117,"items_purged":["Defend_R","Defend_R"],"score":776,"play_id":"3464058f-00b5-4016-888e-6bfaaf0442ab","local_time":"20180901140900","is_ascension_mode":true,"campfire_choices":[{"data":"Heavy Blade","floor":6.0,"key":"SMITH"},{"data":"Inflame","floor":10.0,"key":"SMITH"},{"floor":15.0,"key":"REST"},{"data":"Flex","floor":23.0,"key":"SMITH"},{"floor":32.0,"key":"REST"},{"floor":41.0,"key":"REST"}],"neow_cost":"NONE","seed_source_timestamp":535074123748970,"circlet_count":0,"master_deck":["Strike_R","Strike_R","Strike_R","Strike_R","Strike_R","Defend_R","Bash","AscendersBane","Fiend Fire+1","Heavy Blade+1","Spot Weakness","Flex+1","Heavy Blade+1","Spot Weakness","Inflame+1","Perfected Strike","Thunderclap","Immolate","Perfected Strike","Sword Boomerang+1","Reaper","Reaper","Flex+1","Feed"],"special_seed":0,"relics":["Burning Blood","Orichalcum","Kunai","Black Star","Gambling Chip","Happy Flower","Dream Catcher","The Courier","Turnip","Lantern","Whetstone","Ancient Tea Set","Bag of Preparation"],"potions_floor_usage":[],"damage_taken":[{"damage":0.0,"enemies":"Small Slimes","floor":1.0,"turns":4.0},{"damage":0.0,"enemies":"Cultist","floor":2.0,"turns":2.0},{"damage":9.0,"enemies":"2 Louse","floor":3.0,"turns":5.0},{"damage":20.0,"enemies":"Large Slime","floor":4.0,"turns":6.0},{"damage":30.0,"enemies":"Lagavulin","floor":7.0,"turns":6.0},{"damage":15.0,"enemies":"Lots of Slimes","floor":11.0,"turns":4.0},{"damage":10.0,"enemies":"Looter","floor":14.0,"turns":3.0},{"damage":2.0,"enemies":"Slime Boss","floor":16.0,"turns":6.0},{"damage":21.0,"enemies":"2 Thieves","floor":18.0,"turns":3.0},{"damage":12.0,"enemies":"Shell Parasite","floor":22.0,"turns":3.0},{"damage":41.0,"enemies":"Book of Stabbing","floor":24.0,"turns":4.0},{"damage":11.0,"enemies":"Centurion and Healer","floor":25.0,"turns":4.0},{"damage":0.0,"enemies":"Snake Plant","floor":29.0,"turns":2.0},{"damage":12.0,"enemies":"Chosen and Byrds","floor":31.0,"turns":3.0},{"damage":56.0,"enemies":"Champ","floor":33.0,"turns":8.0},{"damage":48.0,"enemies":"3 Darklings","floor":35.0,"turns":4.0},{"damage":18.0,"enemies":"Orb Walker","floor":37.0,"turns":3.0},{"damage":68.0,"enemies":"4 Shapes","floor":38.0,"turns":3.0},{"damage":86.0,"enemies":"2 Orb Walkers","floor":40.0,"turns":6.0},{"damage":34.0,"enemies":"Spire Growth","floor":42.0,"turns":4.0},{"damage":0,"enemies":"Nemesis","floor":44,"turns":2}],"seed_played":"4557170713802684520","potions_obtained":[{"floor":1.0,"key":"Strength Potion"},{"floor":4.0,"key":"Regen Potion"},{"floor":16.0,"key":"SteroidPotion"},{"floor":25.0,"key":"FearPotion"},{"floor":29.0,"key":"FearPotion"},{"floor":35.0,"key":"FearPotion"},{"floor":37.0,"key":"PowerPotion"},{"floor":40.0,"key":"Strength Potion"}],"is_trial":false,"path_per_floor":["M","M","M","M","$","R","E","?","T","R","M","?","$","M","R","B",null,"M","?","?","$","M","R","E","M","T","?","$","M","?","M","R","B",null,"M","$","M","M","?","E","R","M","T"],"character_chosen":"IRONCLAD","items_purchased":["Spot Weakness","Inflame","FairyPotion","Lantern"],"campfire_rested":3,"item_purchase_floors":[5,5,28,36],"current_hp_per_floor":[78,80,77,63,63,63,39,39,39,39,30,30,30,26,50,54,74,59,59,59,59,53,53,18,25,25,25,25,31,31,25,49,11,63,61,61,56,58,58,18,42,36,36,36],"gold":119,"neow_bonus":"ONE_RANDOM_RARE_CARD","is_prod":false,"is_daily":false,"chose_seed":false,"campfire_upgraded":3,"win_rate":0,"timestamp":1535803740,"path_taken":["M","M","M","M","$","R","E","?","T","R","M","?","?","M","R","BOSS","M","?","?","$","M","R","E","M","T","?","$","M","?","?","R","BOSS","M","$","M","M","?","E","R","M","T","E"],"build_version":"2018-08-30","purchased_purges":2,"victory":false,"max_hp_per_floor":[80,80,80,80,80,80,80,80,80,80,80,80,80,80,80,80,80,80,80,80,80,80,80,80,80,80,80,80,80,80,80,80,80,80,80,80,80,80,80,80,80,80,80,80],"card_choices":[{"not_picked":["Wild Strike","Thunderclap"],"picked":"Heavy Blade","floor":1.0},{"not_picked":["Headbutt","Armaments"],"picked":"Spot Weakness","floor":2.0},{"not_picked":["Heavy Blade","Carnage"],"picked":"Flex","floor":3.0},{"not_picked":["Infernal Blade","Iron Wave"],"picked":"Heavy Blade","floor":4.0},{"not_picked":["Seeing Red","Pummel"],"picked":"Perfected Strike","floor":7.0},{"not_picked":["Reckless Charge","Pommel Strike","Clash"],"picked":"SKIP","floor":11.0},{"not_picked":["Shockwave","True Grit"],"picked":"Thunderclap","floor":14.0},{"not_picked":["Double Tap","Exhume"],"picked":"Immolate","floor":16.0},{"not_picked":["Clothesline","Uppercut+1","Iron Wave+1"],"picked":"SKIP","floor":18.0},{"not_picked":["Armaments","Headbutt","Feel No Pain"],"picked":"SKIP","floor":22.0},{"not_picked":["Wild Strike","Searing Blow","Iron Wave"],"picked":"SKIP","floor":24.0},{"not_picked":["Anger","Infernal Blade","Havoc"],"picked":"SKIP","floor":25.0},{"not_picked":["Shrug It Off+1","Pummel","Entrench"],"picked":"SKIP","floor":29.0},{"not_picked":["Anger","Rupture"],"picked":"Sword Boomerang","floor":31.0},{"not_picked":["Perfected Strike","Sword Boomerang"],"picked":"Reaper","floor":32.0},{"not_picked":["Immolate","Limit Break"],"picked":"Reaper","floor":33.0},{"not_picked":["Shockwave+1","Sentinel","Warcry"],"picked":"SKIP","floor":35.0},{"not_picked":["Evolve","Entrench"],"picked":"Flex+1","floor":37.0},{"not_picked":["Shockwave","Hemokinesis","Twin Strike+1"],"picked":"SKIP","floor":38.0},{"not_picked":["Wild Strike","Whirlwind+1"],"picked":"Feed","floor":40.0},{"not_picked":["Body Slam","True Grit","Feel No Pain"],"picked":"SKIP","floor":42.0}],"player_experience":619632,"relics_obtained":[{"floor":7.0,"key":"Orichalcum"},{"floor":9.0,"key":"Kunai"},{"floor":24.0,"key":"Happy Flower"},{"floor":24.0,"key":"Dream Catcher"},{"floor":26.0,"key":"The Courier"},{"floor":40.0,"key":"Whetstone"},{"floor":40.0,"key":"Ancient Tea Set"},{"floor":43.0,"key":"Bag of Preparation"}],"event_choices":[{"event_name":"Accursed Blacksmith","player_choice":"Forge","floor":8.0,"damage_taken":0.0},{"event_name":"The Woman in Blue","player_choice":"Bought 0 Potions","floor":12.0,"damage_taken":0.0},{"event_name":"The Library","player_choice":"Read","floor":19.0,"damage_taken":0.0},{"event_name":"Addict","player_choice":"Obtained Relic","floor":20.0,"damage_taken":0.0},{"event_name":"Beggar","player_choice":"Ignored","floor":27.0,"damage_taken":0.0},{"event_name":"The Mausoleum","player_choice":"Yes","floor":30.0,"damage_taken":0.0},{"event_name":"Falling","player_choice":"Removed Skill","floor":39.0,"damage_taken":0.0}],"is_beta":true,"boss_relics":[{"not_picked":["Empty Cage","White Beast Statue"],"picked":"Black Star"},{"not_picked":["Snecko Eye","Runic Cube","Runic Pyramid"]}],"items_purged_floors":[21,28],"is_endless":false,"potions_floor_spawned":[1,4,16,25,29,35,37,40],"killed_by":"Nemesis","ascension_level":12}