{"gold_per_floor":[115,40,40,40,58,92,109,109,134,148,160,191,203,215,215,315,315,334,345,345,19,29,29,61,61,61,77,108,120,120,130,130,231,231,247,37,91,103,203,203,230,245,268,268,283,283,283,302,302,302],"floor_reached":51,"playtime":4088,"items_purged":["Clumsy","Strike_B","Defend_B"],"score":831,"play_id":"48e02394-989a-47f0-a378-4509a5c2c9b7","local_time":"20180710000538","is_ascension_mode":false,"campfire_choices":[{"data":"Dualcast","floor":8.0,"key":"SMITH"},{"data":"Scrape","floor":15.0,"key":"SMITH"},{"floor":23,"key":"REST"},{"floor":25,"key":"REST"},{"floor":30,"key":"REST"},{"floor":32,"key":"REST"},{"data":"Machine Learning","floor":40,"key":"SMITH"},{"data":"Scrape","floor":44,"key":"SMITH"},{"data":"Chill","floor":47,"key":"SMITH"},{"floor":49,"key":"REST"}],"neow_cost":"CURSE","seed_source_timestamp":8461684981680,"circlet_count":0,"master_deck":["Defend_B","Defend_B","Defend_B","Zap","Dualcast+1","Redo","Gash","Gash","White Noise","Turbo","Beam Cell","Beam Cell","Chill+1","Scrape+1","Rebound+1","White Noise","Go for the Eyes","BootSequence","White Noise","Rebound+1","Buffer","Gash","Conserve Battery","Coolheaded+1","Rebound+1","Necronomicurse","Scrape","Reinforced Body+1","Machine Learning+1","Stack","Scrape+1","Hologram+1","Seek+1","Sunder+1","FTL","Scrape","Stack+1","Leap+1","Steam+1","All For One","Hologram+1","Gash"],"special_seed":0,"relics":["Cracked Core","Prayer Wheel","Bag of Marbles","Strawberry","Orichalcum","Empty Cage","Necronomicon","Singing Bowl","Juzu Bracelet","Mercury Hourglass","Toxic Egg 2","Lizard Tail","Du-Vu Doll","Whetstone","Bag of Preparation"],"potions_floor_usage":[28,28,37,41,50,50,50],"damage_taken":[{"damage":0.0,"enemies":"2 Louse","floor":1.0,"turns":2.0},{"damage":6.0,"enemies":"Jaw Worm","floor":5.0,"turns":2.0},{"damage":0.0,"enemies":"Lagavulin","floor":6.0,"turns":6.0},{"damage":0.0,"enemies":"Small Slimes","floor":7.0,"turns":3.0},{"damage":5.0,"enemies":"3 Louse","floor":10.0,"turns":3.0},{"damage":5.0,"enemies":"Looter","floor":11.0,"turns":3.0},{"damage":18.0,"enemies":"Gremlin Nob","floor":12.0,"turns":4.0},{"damage":6.0,"enemies":"Large Slime","floor":13.0,"turns":4.0},{"damage":2.0,"enemies":"Exordium Thugs","floor":14.0,"turns":3.0},{"damage":27.0,"enemies":"Hexaghost","floor":16.0,"turns":6.0},{"damage":0.0,"enemies":"3 Byrds","floor":18.0,"turns":5.0},{"damage":20,"enemies":"Spheric Guardian","floor":19,"turns":6},{"damage":24,"enemies":"Snake Plant","floor":22,"turns":4},{"damage":53,"enemies":"Slavers","floor":24,"turns":6},{"damage":10,"enemies":"3 Cultists","floor":27,"turns":5},{"damage":13,"enemies":"Book of Stabbing","floor":28,"turns":5},{"damage":2,"enemies":"Centurion and Healer","floor":29,"turns":9},{"damage":28,"enemies":"Snake Plant","floor":31,"turns":5},{"damage":59,"enemies":"Automaton","floor":33,"turns":9},{"damage":5,"enemies":"Orb Walker","floor":35,"turns":4},{"damage":45,"floor":37,"turns":6},{"damage":2,"enemies":"3 Shapes","floor":38,"turns":3},{"damage":78,"enemies":"Giant Head","floor":41,"turns":10},{"damage":4,"enemies":"Sphere and 2 Shapes","floor":42,"turns":4},{"damage":5,"enemies":"3 Darklings","floor":45,"turns":3},{"damage":0,"enemies":"4 Shapes","floor":48,"turns":3},{"damage":18,"enemies":"Awakened One","floor":50,"turns":10}],"seed_played":"2503062872400221160","potions_obtained":[{"floor":1.0,"key":"FearPotion"},{"floor":6.0,"key":"FearPotion"},{"floor":7.0,"key":"Dexterity Potion"},{"floor":13.0,"key":"FocusPotion"},{"floor":14.0,"key":"FearPotion"},{"floor":22,"key":"SneckoOil"},{"floor":27,"key":"Regen Potion"},{"floor":28,"key":"SneckoOil"},{"floor":35,"key":"SkillPotion"},{"floor":37,"key":"LiquidBronze"},{"floor":45,"key":"FocusPotion"}],"is_trial":false,"path_per_floor":["M","$","?","?","M","E","M","R","T","M","M","E","M","M","R","B",null,"M","M","?","$","M","R","E","R","T","M","E","M","R","M","R","B",null,"M","$","?","M","?","R","E","M","T","R","M","?","R","M","R","B"],"character_chosen":"DEFECT","items_purchased":["Singing Bowl","Scrape","Scrape","Stack+1"],"campfire_rested":5,"item_purchase_floors":[21,21,36,36],"current_hp_per_floor":[75,75,80,80,74,74,74,74,81,76,71,60,54,52,52,25,87,87,67,51,51,34,60,7,33,33,25,26,28,55,36,64,12,95,90,90,52,52,52,52,48,55,55,55,50,50,50,54,85,67],"gold":302,"neow_bonus":"ONE_RARE_RELIC","is_prod":false,"is_daily":false,"chose_seed":false,"campfire_upgraded":5,"win_rate":0,"timestamp":1531152338,"path_taken":["M","$","?","?","M","E","M","R","T","M","M","E","M","M","R","BOSS","M","M","?","$","M","R","E","R","T","M","E","M","R","M","R","BOSS","M","$","?","M","?","R","E","M","T","R","M","?","R","M","R","BOSS"],"build_version":"2018-07-05","purchased_purges":3,"victory":true,"max_hp_per_floor":[75,75,80,80,80,80,80,80,87,87,87,87,87,87,87,87,87,87,87,87,87,87,87,87,87,87,89,89,93,93,95,95,95,95,95,95,95,97,97,97,97,101,101,101,101,101,101,105,105,105],"card_choices":[{"not_picked":["Stack","Undo"],"picked":"Redo","floor":1.0},{"not_picked":["Go for the Eyes","Heatsinks"],"picked":"Gash","floor":1.0},{"not_picked":["Sweeping Beam","Hologram"],"picked":"Gash","floor":5.0},{"not_picked":["Cold Snap","Steam"],"picked":"White Noise","floor":5.0},{"not_picked":["Cold Snap","Rebound"],"picked":"Turbo","floor":6.0},{"not_picked":["Ball Lightning","Barrage"],"picked":"Beam Cell","floor":7.0},{"not_picked":["Electrodynamics","Rebound"],"picked":"Beam Cell","floor":7.0},{"not_picked":["Redo","Coolheaded"],"picked":"Chill","floor":10.0},{"not_picked":["Reprogram","Compile Driver","Loop"],"picked":"SKIP","floor":10.0},{"not_picked":["Coolheaded","Stack"],"picked":"Scrape","floor":11.0},{"not_picked":["Ball Lightning","Turbo"],"picked":"Rebound","floor":11.0},{"not_picked":["Sunder","Rainbow"],"picked":"White Noise","floor":12.0},{"not_picked":["Hologram","Blizzard"],"picked":"Go for the Eyes","floor":13.0},{"not_picked":["Cold Snap","Glacier"],"picked":"BootSequence","floor":13.0},{"not_picked":["Sunder","Sweeping Beam"],"picked":"White Noise","floor":14.0},{"not_picked":["Ball Lightning","Turbo"],"picked":"Rebound","floor":14.0},{"not_picked":["Creative AI","Rainbow"],"picked":"Buffer","floor":16.0},{"not_picked":["Sweeping Beam","Cold Snap"],"picked":"Gash","floor":18.0},{"not_picked":["Ball Lightning+1","Self Repair"],"picked":"Conserve Battery","floor":18.0},{"not_picked":["Blizzard","Turbo+1"],"picked":"Coolheaded+1","floor":19},{"not_picked":["Genetic Algorithm","Turbo"],"picked":"Rebound+1","floor":19},{"not_picked":["Leap","Streamline"],"picked":"Reinforced Body+1","floor":22},{"not_picked":["Ball Lightning+1","Turbo+1"],"picked":"Machine Learning","floor":22},{"not_picked":["Static Discharge","Rebound"],"picked":"Stack","floor":24},{"not_picked":["Chill","Sunder","Compile Driver"],"picked":"Singing Bowl","floor":27},{"not_picked":["Lockon","Glacier"],"picked":"Scrape","floor":27},{"not_picked":["Darkness","BootSequence"],"picked":"Hologram+1","floor":28},{"not_picked":["Ball Lightning","White Noise+1","Beam Cell"],"picked":"Singing Bowl","floor":29},{"not_picked":["Consume+1","Sweeping Beam","Cold Snap"],"picked":"Singing Bowl","floor":29},{"not_picked":["Glacier+1","Beam Cell","Capacitor"],"picked":"Singing Bowl","floor":31},{"not_picked":["Rebound","White Noise+1"],"picked":"Seek+1","floor":31},{"not_picked":["Thunder Strike","Amplify+1"],"picked":"Creative AI","floor":33},{"not_picked":["Cold Snap+1","Ball Lightning+1"],"picked":"Sunder+1","floor":35},{"not_picked":["Blizzard","Turbo+1"],"picked":"FTL","floor":35},{"not_picked":["Compile Driver+1","Barrage"],"picked":"Leap+1","floor":37},{"not_picked":["Scrape+1","Ball Lightning+1"],"picked":"Steam+1","floor":38},{"not_picked":["Coolheaded+1","Blizzard","Loop+1"],"picked":"Singing Bowl","floor":38},{"not_picked":["Rebound","Undo+1"],"picked":"All For One","floor":41},{"not_picked":["Darkness+1","Melter","Glacier+1"],"picked":"Singing Bowl","floor":42},{"not_picked":["Recycle+1","Sweeping Beam","Turbo+1"],"picked":"Singing Bowl","floor":42},{"not_picked":["Leap+1","Recycle+1"],"picked":"Hologram+1","floor":45},{"not_picked":["Skim+1","Compile Driver+1"],"picked":"Gash","floor":45},{"not_picked":["Stack+1","Leap+1","Doom and Gloom+1"],"picked":"Singing Bowl","floor":48},{"not_picked":["Sunder","Capacitor+1","Turbo+1"],"picked":"Singing Bowl","floor":48}],"player_experience":118509,"relics_obtained":[{"floor":6.0,"key":"Bag of Marbles"},{"floor":9.0,"key":"Strawberry"},{"floor":12.0,"key":"Orichalcum"},{"floor":20,"key":"Necronomicon"},{"floor":24,"key":"Juzu Bracelet"},{"floor":26,"key":"Mercury Hourglass"},{"floor":28,"key":"Toxic Egg 2"},{"floor":37,"key":"Du-Vu Doll"},{"floor":41,"key":"Whetstone"},{"floor":43,"key":"Bag of Preparation"}],"event_choices":[{"event_name":"Big Fish","player_choice":"Donut","floor":3.0,"damage_taken":0.0},{"event_name":"Living Wall","player_choice":"Forget","floor":4.0,"damage_taken":0.0},{"event_name":"Cursed Tome","player_choice":"Obtained Book","floor":20,"damage_taken":0},{"event_name":"Mysterious Sphere","player_choice":"Fight","floor":37,"damage_taken":0},{"event_name":"Golden Shrine","player_choice":"Pray","floor":39,"damage_taken":0},{"event_name":"Falling","player_choice":"Removed Power","floor":46,"damage_taken":0}],"boss_relics":[{"not_picked":["Tiny House","Ectoplasm"],"picked":"Empty Cage"},{"not_picked":["Calling Bell","Pandora\u0027s Box"],"picked":"Lizard Tail"}],"items_purged_floors":[2,21,36],"is_endless":false,"potions_floor_spawned":[1,6,7,13,14,22,27,28,35,37,45,48],"ascension_level":0}