{"gold_per_floor":[113,63,63,79,96,122,122,148,148,173,191,206,268,282,282,382,382,392,392,133,133,58,88,88,115,160,192,203,203,103,113,113,225,225,243,118,132,132,156,189,205,249,249,265,277,288,321,321,321,321],"floor_reached":51,"playtime":2502,"items_purged":["Strike_R","Flex","Flex"],"score":1343,"play_id":"26d4cc6c-cc0a-41f0-b8f2-25d316726128","local_time":"20191011222826","is_ascension_mode":true,"campfire_choices":[{"data":"Enlightenment","floor":7.0,"key":"SMITH"},{"data":"Bash","floor":15.0,"key":"SMITH"},{"data":"Bludgeon","floor":29.0,"key":"SMITH"},{"data":"Heavy Blade","floor":32.0,"key":"SMITH"},{"data":"Iron Wave","floor":49,"key":"SMITH"}],"neow_cost":"PERCENT_DAMAGE","seed_source_timestamp":401795282842,"circlet_count":0,"master_deck":["Defend_R","Defend_R","Defend_R","Bash+1","Iron Wave+1","Bludgeon+1","Enlightenment+1","Heavy Blade+1","Immolate","Clothesline","Demon Form+1","Mayhem+1","Clothesline","Flame Barrier+1","Demon Form+1"],"special_seed":0,"relics":["Burning Blood","Pen Nib","Blue Candle","Art of War","Frozen Egg 2","Regal Pillow","Snecko Eye","Akabeko","CeramicFish","Juzu Bracelet","Bronze Scales","Black Star","Centennial Puzzle","Meat on the Bone","Mummified Hand","Happy Flower","Question Card","Dream Catcher","Toxic Egg 2"],"potions_floor_usage":[50],"damage_taken":[{"damage":1.0,"enemies":"Cultist","floor":1.0,"turns":3.0},{"damage":0.0,"enemies":"Small Slimes","floor":4.0,"turns":2.0},{"damage":6.0,"enemies":"2 Louse","floor":5.0,"turns":3.0},{"damage":10.0,"enemies":"Gremlin Nob","floor":6.0,"turns":3.0},{"damage":40.0,"enemies":"Lagavulin","floor":8.0,"turns":4.0},{"damage":0.0,"enemies":"Gremlin Nob","floor":10.0,"turns":2.0},{"damage":0.0,"enemies":"2 Fungi Beasts","floor":11.0,"turns":2.0},{"damage":3.0,"enemies":"Looter","floor":12.0,"turns":3.0},{"damage":0.0,"enemies":"Gremlin Nob","floor":13.0,"turns":2.0},{"damage":3.0,"enemies":"3 Louse","floor":14.0,"turns":3.0},{"damage":34.0,"enemies":"The Guardian","floor":16.0,"turns":7.0},{"damage":0.0,"enemies":"Shell Parasite","floor":18.0,"turns":2.0},{"damage":13.0,"enemies":"Slavers","floor":23.0,"turns":2.0},{"damage":0.0,"enemies":"Gremlin Leader","floor":25.0,"turns":3.0},{"damage":0.0,"enemies":"Slavers","floor":27.0,"turns":1.0},{"damage":3.0,"enemies":"Chosen","floor":28.0,"turns":3.0},{"damage":24.0,"enemies":"Snake Plant","floor":31.0,"turns":2.0},{"damage":31.0,"enemies":"Automaton","floor":33.0,"turns":6.0},{"damage":1.0,"enemies":"3 Shapes","floor":35.0,"turns":3.0},{"damage":1.0,"enemies":"Orb Walker","floor":37.0,"turns":2.0},{"damage":0.0,"enemies":"Transient","floor":39.0,"turns":5.0},{"damage":9.0,"enemies":"Nemesis","floor":40.0,"turns":5.0},{"damage":12.0,"enemies":"Writhing Mass","floor":41.0,"turns":3.0},{"damage":0.0,"enemies":"Giant Head","floor":42.0,"turns":5.0},{"damage":6.0,"enemies":"Jaw Worm Horde","floor":44.0,"turns":2.0},{"damage":1.0,"enemies":"3 Darklings","floor":45.0,"turns":2.0},{"damage":10,"enemies":"4 Shapes","floor":46,"turns":2},{"damage":5,"enemies":"Nemesis","floor":47,"turns":3},{"damage":41,"enemies":"Awakened One","floor":50,"turns":6}],"seed_played":"-3582904177547822728","potions_obtained":[{"floor":6.0,"key":"SteroidPotion"},{"floor":10.0,"key":"PowerPotion"},{"floor":11.0,"key":"Strength Potion"},{"floor":12.0,"key":"Block Potion"},{"floor":31.0,"key":"Block Potion"},{"floor":33.0,"key":"BloodPotion"},{"floor":35.0,"key":"SteroidPotion"},{"floor":44.0,"key":"Swift Potion"},{"floor":47,"key":"SneckoOil"},{"floor":48,"key":"EntropicBrew"}],"is_trial":false,"path_per_floor":["M","?","?","M","M","E","R","E","T","E","M","M","?","M","R","B",null,"M","?","$","?","?","E","$","E","T","E","M","R","$","M","R","B",null,"M","$","M","?","M","E","M","E","T","M","M","M","E","?","R","B",null],"character_chosen":"IRONCLAD","items_purchased":["Mayhem+1"],"campfire_rested":0,"item_purchase_floors":[20],"current_hp_per_floor":[56,56,56,62,62,58,58,24,24,30,36,39,45,48,48,20,65,71,71,71,71,71,64,64,70,70,76,79,79,79,61,61,36,69,74,74,79,79,80,77,71,77,77,77,80,76,77,77,77,58],"gold":321,"neow_bonus":"REMOVE_TWO","is_prod":false,"is_daily":false,"chose_seed":false,"campfire_upgraded":5,"win_rate":0,"timestamp":1570800506,"path_taken":["M","?","?","M","?","E","R","E","T","E","M","?","?","M","R","BOSS","M","?","$","?","?","E","?","E","T","E","M","R","$","M","R","BOSS","M","$","M","?","M","E","M","E","T","M","M","M","E","?","R","BOSS"],"build_version":"2019-10-10","purchased_purges":3,"victory":true,"max_hp_per_floor":[80,80,80,80,80,80,80,80,80,80,80,80,80,80,80,80,80,80,80,80,80,80,80,80,80,80,80,80,80,80,80,80,80,80,80,80,80,80,80,80,80,80,80,80,80,80,80,80,80,80],"card_choices":[{"not_picked":["Pommel Strike","Second Wind"],"picked":"Iron Wave","floor":1.0},{"not_picked":["Twin Strike","Power Through","Wild Strike"],"picked":"SKIP","floor":4.0},{"not_picked":["Blood for Blood","Anger"],"picked":"Heavy Blade","floor":5.0},{"not_picked":["Disarm","Warcry"],"picked":"Flex","floor":6.0},{"not_picked":["Dual Wield","Perfected Strike"],"picked":"Immolate","floor":8.0},{"not_picked":["Cleave","Thunderclap"],"picked":"Clothesline","floor":10.0},{"not_picked":["Sword Boomerang","Dual Wield","Iron Wave"],"picked":"SKIP","floor":11.0},{"not_picked":["Whirlwind","Body Slam","Twin Strike"],"picked":"SKIP","floor":12.0},{"not_picked":["Dual Wield","Brutality+1"],"picked":"Flex","floor":13.0},{"not_picked":["Flex","Thunderclap","Anger"],"picked":"SKIP","floor":14.0},{"not_picked":["Juggernaut+1","Immolate"],"picked":"Demon Form+1","floor":16.0},{"not_picked":["Burning Pact+1","Twin Strike","Corruption+1"],"picked":"SKIP","floor":18.0},{"not_picked":["Twin Strike","Sword Boomerang","Metallicize+1"],"picked":"SKIP","floor":23.0},{"not_picked":["Twin Strike","Sword Boomerang","Metallicize+1"],"picked":"SKIP","floor":23.0},{"not_picked":["Twin Strike","Sword Boomerang","Metallicize+1"],"picked":"SKIP","floor":23.0},{"not_picked":["Thunderclap","Spot Weakness+1","Seeing Red"],"picked":"SKIP","floor":25.0},{"not_picked":["Pummel","Sword Boomerang","Thunderclap"],"picked":"SKIP","floor":27.0},{"not_picked":["Wild Strike","Anger","Havoc"],"picked":"SKIP","floor":28.0},{"not_picked":["Flex+1","Entrench","Twin Strike"],"picked":"SKIP","floor":31.0},{"not_picked":["Immolate","Feed"],"picked":"Bludgeon","floor":33.0},{"not_picked":["Shrug It Off+1","Thunderclap","True Grit"],"picked":"SKIP","floor":35.0},{"not_picked":["Warcry","Cleave+1","Perfected Strike+1"],"picked":"SKIP","floor":37.0},{"not_picked":["Uppercut","Twin Strike+1"],"picked":"Flame Barrier+1","floor":39.0},{"not_picked":["Perfected Strike","Spot Weakness+1","Twin Strike"],"picked":"SKIP","floor":40.0},{"not_picked":["Rage","Perfected Strike","Sentinel"],"picked":"SKIP","floor":41.0},{"not_picked":["Inflame+1","Battle Trance"],"picked":"Demon Form+1","floor":42.0},{"not_picked":["True Grit+1","Shrug It Off","Fire Breathing+1","Iron Wave+1"],"picked":"SKIP","floor":44.0},{"not_picked":["Wild Strike","Dropkick+1","Dual Wield","Entrench+1"],"picked":"SKIP","floor":45.0},{"not_picked":["Berserk+1","Flex","Seeing Red","Headbutt"],"picked":"SKIP","floor":46},{"not_picked":["Rampage+1","Armaments+1","Combust+1","Clothesline+1"],"picked":"SKIP","floor":47}],"player_experience":583665,"relics_obtained":[{"floor":6.0,"key":"Pen Nib"},{"floor":8.0,"key":"Blue Candle"},{"floor":9.0,"key":"Art of War"},{"floor":10.0,"key":"Frozen Egg 2"},{"floor":13.0,"key":"Regal Pillow"},{"floor":23.0,"key":"Akabeko"},{"floor":25.0,"key":"CeramicFish"},{"floor":26.0,"key":"Juzu Bracelet"},{"floor":27.0,"key":"Bronze Scales"},{"floor":40.0,"key":"Centennial Puzzle"},{"floor":40.0,"key":"Meat on the Bone"},{"floor":42.0,"key":"Mummified Hand"},{"floor":42.0,"key":"Happy Flower"},{"floor":43.0,"key":"Question Card"},{"floor":47,"key":"Dream Catcher"},{"floor":47,"key":"Toxic Egg 2"}],"event_choices":[{"cards_removed":["Strike_R"],"damage_healed":0.0,"max_hp_gain":0.0,"max_hp_loss":0.0,"gold_gain":0.0,"event_name":"The Cleric","player_choice":"Card Removal","floor":2.0,"gold_loss":50.0,"damage_taken":0.0},{"damage_healed":0.0,"max_hp_gain":0.0,"max_hp_loss":0.0,"gold_gain":0.0,"event_name":"Match and Keep!","player_choice":"2 cards matched","floor":3.0,"gold_loss":0.0,"damage_taken":0.0,"cards_obtained":["Bludgeon","Enlightenment"]},{"damage_healed":0.0,"max_hp_gain":0.0,"max_hp_loss":0.0,"gold_gain":0.0,"event_name":"Dead Adventurer","player_choice":"Searched \u00271\u0027 times","floor":13.0,"gold_loss":0.0,"damage_taken":0.0},{"cards_removed":["Strike_R"],"damage_healed":0.0,"max_hp_gain":0.0,"max_hp_loss":0.0,"gold_gain":0.0,"event_name":"Back to Basics","player_choice":"Elegance","floor":19.0,"gold_loss":0.0,"damage_taken":0.0},{"damage_healed":0.0,"max_hp_gain":0.0,"max_hp_loss":0.0,"gold_gain":0.0,"event_name":"The Library","player_choice":"Read","floor":21.0,"gold_loss":0.0,"damage_taken":0.0,"cards_obtained":["Clothesline"]},{"cards_removed":["Strike_R"],"damage_healed":0.0,"max_hp_gain":0.0,"max_hp_loss":0.0,"gold_gain":0.0,"event_name":"Beggar","player_choice":"Gave Gold","floor":22.0,"gold_loss":75.0,"damage_taken":0.0},{"cards_removed":["Bludgeon"],"damage_healed":0.0,"max_hp_gain":0.0,"max_hp_loss":0.0,"gold_gain":0.0,"event_name":"Falling","player_choice":"Removed Attack","floor":38.0,"gold_loss":0.0,"damage_taken":0.0},{"damage_healed":0,"gold_gain":0,"player_choice":"Got Potions","damage_taken":0,"max_hp_gain":0,"max_hp_loss":0,"event_name":"Lab","floor":48,"gold_loss":0}],"is_beta":true,"boss_relics":[{"not_picked":["Fusion Hammer","Sozu"],"picked":"Snecko Eye"},{"not_picked":["Runic Pyramid","Pandora\u0027s Box"],"picked":"Black Star"}],"items_purged_floors":[20,30,36],"is_endless":false,"potions_floor_spawned":[6,10,11,12,14,31,33,35,44,47],"ascension_level":9}