{"gold_per_floor":[111,127,137,153,8,8,8,73,73,402,402,413,413,427,427,427],"floor_reached":16,"playtime":603,"items_purged":[],"score":153,"play_id":"5f1dd061-e865-4214-a442-bfd6790b8eaa","local_time":"20180802011952","is_ascension_mode":true,"campfire_choices":[{"data":"Gash","floor":7,"key":"SMITH"},{"floor":11,"key":"REST"},{"floor":15,"key":"REST"}],"neow_cost":"NONE","seed_source_timestamp":226975121708397,"circlet_count":0,"master_deck":["Strike_B","Strike_B","Strike_B","Strike_B","Defend_B","Defend_B","Defend_B","Defend_B","Zap","Dualcast","AscendersBane","Go for the Eyes+1","Gash+1","Turbo","Conserve Battery","Streamline","Electrodynamics","Go for the Eyes","Gash"],"relics":["Cracked Core","Juzu Bracelet","StoneCalendar","Unceasing Top","Old Coin","NlothsMask"],"potions_floor_usage":[4,10,12,16],"damage_taken":[{"damage":0,"enemies":"2 Louse","floor":1,"turns":2},{"damage":6,"enemies":"Jaw Worm","floor":2,"turns":4},{"damage":10,"enemies":"Small Slimes","floor":3,"turns":4},{"damage":0,"enemies":"Gremlin Gang","floor":4,"turns":5},{"damage":40,"enemies":"Lagavulin Event","floor":8,"turns":7},{"damage":18,"enemies":"Lagavulin","floor":10,"turns":7},{"damage":8,"enemies":"Large Slime","floor":12,"turns":3},{"damage":16,"enemies":"3 Louse","floor":14,"turns":2},{"damage":26,"enemies":"The Guardian","floor":16,"turns":2}],"seed_played":"-5777472551611289300","potions_obtained":[{"floor":1,"key":"Fire Potion"},{"floor":8,"key":"Swift Potion"},{"floor":10,"key":"FocusPotion"},{"floor":12,"key":"LiquidBronze"}],"is_trial":false,"path_per_floor":["M","M","M","M","$","?","R","?","T","E","R","M","?","M","R"],"character_chosen":"DEFECT","items_purchased":["Juzu Bracelet"],"campfire_rested":2,"item_purchase_floors":[5],"current_hp_per_floor":[75,69,59,59,59,59,59,19,19,1,25,17,17,1,25,0],"gold":427,"neow_bonus":"TEN_PERCENT_HP_BONUS","is_prod":false,"is_daily":false,"chose_seed":false,"campfire_upgraded":1,"win_rate":0,"timestamp":1533165592,"path_taken":["M","M","M","M","$","?","R","?","T","E","R","M","?","M","R","BOSS"],"build_version":"2018-07-31","purchased_purges":0,"victory":false,"max_hp_per_floor":[82,82,82,82,82,82,82,82,82,82,82,82,82,82,82,82],"card_choices":[{"not_picked":["Fusion","Compile Driver"],"picked":"Go for the Eyes","floor":1},{"not_picked":["Genetic Algorithm","Rebound"],"picked":"Gash","floor":2},{"not_picked":["Redo","Skim"],"picked":"Turbo","floor":3},{"not_picked":["Compile Driver","Coolheaded"],"picked":"Conserve Battery","floor":4},{"not_picked":["Skim","Reprogram"],"picked":"Streamline","floor":8},{"not_picked":["Storm","Hologram"],"picked":"Electrodynamics","floor":10},{"not_picked":["Streamline","Redo"],"picked":"Go for the Eyes","floor":12},{"not_picked":["Cold Snap","Ball Lightning"],"picked":"Gash","floor":14}],"player_experience":479519,"relics_obtained":[{"floor":8,"key":"StoneCalendar"},{"floor":9,"key":"Unceasing Top"},{"floor":10,"key":"Old Coin"}],"event_choices":[{"event_name":"Living Wall","player_choice":"Grow","floor":6,"damage_taken":0},{"event_name":"Dead Adventurer","player_choice":"Searched \u00272\u0027 times","floor":8,"damage_taken":0},{"event_name":"FaceTrader","player_choice":"Trade","floor":13,"damage_taken":0}],"is_beta":true,"boss_relics":[],"items_purged_floors":[],"is_endless":false,"potions_floor_spawned":[1,8,10,12],"killed_by":"The Guardian","ascension_level":10}