{"gold_per_floor":[114,189,189,208,208,208,237,237,313,324,324,338,372,386,386,481,481,492,492,592,605,530,563,563,593,593,622,622,622,640,540,540,639,639,655,530,546,546,566,566,416,416,443,443,490,508,508,120,120,120],"floor_reached":51,"playtime":3598,"items_purged":["Strike_G","Decay","Clumsy","Strike_G","Doubt"],"score":812,"play_id":"ad46d095-5ab4-448b-aaf1-5df6da2d3627","local_time":"20180721190150","is_ascension_mode":true,"campfire_choices":[{"data":"Terror","floor":6.0,"key":"SMITH"},{"data":"Neutralize","floor":8.0,"key":"SMITH"},{"data":"Eviscerate","floor":11.0,"key":"SMITH"},{"data":"Backflip","floor":15.0,"key":"SMITH"},{"data":"Tactician","floor":24.0,"key":"SMITH"},{"floor":29,"key":"REST"},{"data":"Tools of the Trade","floor":32,"key":"SMITH"},{"data":"Reflex","floor":40,"key":"SMITH"},{"data":"Acrobatics","floor":42,"key":"SMITH"},{"floor":49,"key":"REST"}],"neow_cost":"NONE","seed_source_timestamp":30307817275761,"circlet_count":0,"master_deck":["Defend_G","Defend_G","Defend_G","Defend_G","Strike_G","Strike_G","Strike_G","Survivor","Neutralize+1","Backflip+1","Terror+1","Eviscerate+1","Dagger Throw","Underhanded Strike","Tools of the Trade+1","Dagger Throw","Dagger Spray","Tactician+1","Heel Hook+1","Acrobatics","Acrobatics+1","Escape Plan","Well Laid Plans+1","All Out Attack","Tools of the Trade+1","Reflex+1","Backflip+1","Reflex+1","Backflip+1","Choke+1","Sucker Punch+1","Dagger Throw","Escape Plan"],"special_seed":0,"relics":["Ring of the Snake","NeowsBlessing","Ornamental Fan","Prayer Wheel","Pear","Centennial Puzzle","Cursed Key","Happy Flower","Ancient Tea Set","Oddly Smooth Stone","Regal Pillow","HoveringKite","Juzu Bracelet","Thread and Needle","Vajra"],"potions_floor_usage":[30,30,46,50,50],"damage_taken":[{"damage":0.0,"enemies":"Small Slimes","floor":1.0,"turns":1.0},{"damage":0.0,"enemies":"2 Louse","floor":4.0,"turns":1.0},{"damage":0.0,"enemies":"3 Sentries","floor":7.0,"turns":1.0},{"damage":0.0,"enemies":"Jaw Worm","floor":10.0,"turns":4.0},{"damage":0.0,"enemies":"3 Louse","floor":12.0,"turns":3.0},{"damage":15.0,"enemies":"Lagavulin","floor":13.0,"turns":6.0},{"damage":1.0,"enemies":"2 Fungi Beasts","floor":14.0,"turns":3.0},{"damage":16.0,"enemies":"The Guardian","floor":16.0,"turns":14.0},{"damage":13.0,"enemies":"2 Thieves","floor":18.0,"turns":5.0},{"damage":6.0,"enemies":"Spheric Guardian","floor":21.0,"turns":3.0},{"damage":4.0,"enemies":"Slavers","floor":23.0,"turns":4.0},{"damage":33.0,"enemies":"Book of Stabbing","floor":25.0,"turns":5.0},{"damage":18,"enemies":"Slavers","floor":27,"turns":7},{"damage":7,"enemies":"Snecko","floor":30,"turns":4},{"damage":36,"enemies":"Collector","floor":33,"turns":7},{"damage":8,"enemies":"Orb Walker","floor":35,"turns":3},{"damage":4,"enemies":"3 Darklings","floor":37,"turns":4},{"damage":8,"enemies":"4 Shapes","floor":39,"turns":5},{"damage":22,"floor":45,"turns":3},{"damage":14,"enemies":"Flame Bruiser 2 Orb","floor":46,"turns":4},{"damage":16,"enemies":"Time Eater","floor":50,"turns":10}],"seed_played":"8766483076054579985","potions_obtained":[{"floor":10.0,"key":"GhostInAJar"},{"floor":12.0,"key":"Fire Potion"},{"floor":14.0,"key":"Fire Potion"},{"floor":25.0,"key":"Regen Potion"},{"floor":27,"key":"Poison Potion"},{"floor":33,"key":"GhostInAJar"},{"floor":45,"key":"SteroidPotion"},{"floor":46,"key":"Energy Potion"}],"is_trial":false,"path_per_floor":["M","?","T","M","?","R","E","R","T","M","R","M","E","M","R","B",null,"M","?","?","M","$","E","R","E","T","E","?","R","M","$","R","B",null,"M","$","M","?","M","R","$","R","T","?","?","M","?","$","R","B"],"character_chosen":"THE_SILENT","items_purchased":["Vajra","Escape Plan"],"campfire_rested":2,"item_purchase_floors":[48,48],"current_hp_per_floor":[70,59,59,59,59,59,59,59,69,69,69,69,54,53,53,37,80,67,67,67,61,61,57,57,24,24,6,6,45,50,50,50,14,80,72,72,68,68,60,60,60,60,60,60,38,24,24,24,63,47],"gold":120,"neow_bonus":"THREE_ENEMY_KILL","is_prod":false,"is_daily":false,"chose_seed":false,"campfire_upgraded":8,"win_rate":0,"timestamp":1532170910,"path_taken":["M","?","?","M","?","R","E","R","T","M","R","M","E","M","R","BOSS","M","?","?","M","$","E","R","E","T","E","?","R","?","$","R","BOSS","M","$","M","?","M","R","$","R","T","?","?","M","?","$","R","BOSS"],"build_version":"2018-07-19v2","purchased_purges":5,"victory":true,"max_hp_per_floor":[70,70,70,70,70,70,70,70,80,80,80,80,80,80,80,80,80,80,80,80,80,80,80,80,80,80,80,80,80,80,80,80,80,80,80,80,80,80,80,80,80,80,80,80,80,80,80,80,80,80],"card_choices":[{"not_picked":["Flying Knee","Deflect"],"picked":"Backflip","floor":1.0},{"not_picked":["Backflip","Dodge and Roll"],"picked":"Terror","floor":4.0},{"not_picked":["Choke","Quick Slash"],"picked":"Eviscerate","floor":7.0},{"not_picked":["Underhanded Strike","Burst"],"picked":"Dagger Throw","floor":10.0},{"not_picked":["Flying Knee","Dodge and Roll"],"picked":"Underhanded Strike","floor":10.0},{"not_picked":["Flying Knee","Backflip","Predator"],"picked":"SKIP","floor":12.0},{"not_picked":["Cloak And Dagger","Bouncing Flask","Caltrops"],"picked":"SKIP","floor":12.0},{"not_picked":["Setup","Bane","Predator"],"picked":"SKIP","floor":13.0},{"not_picked":["Bouncing Flask","Outmaneuver","Footwork"],"picked":"SKIP","floor":14.0},{"not_picked":["Blade Dance","Deflect","Quick Slash"],"picked":"SKIP","floor":14.0},{"not_picked":["Glass Knife","Night Terror"],"picked":"Tools of the Trade","floor":16.0},{"not_picked":["Dagger Spray","Deadly Poison"],"picked":"Dagger Throw","floor":18.0},{"not_picked":["Flying Knee","Leg Sweep"],"picked":"Dagger Spray","floor":18.0},{"not_picked":["Terror","Flying Knee+1"],"picked":"Heel Hook+1","floor":21.0},{"not_picked":["Riddle With Holes","PiercingWail"],"picked":"Acrobatics","floor":21.0},{"not_picked":["Terror","Infinite Blades","Heel Hook"],"picked":"SKIP","floor":23.0},{"not_picked":["Noxious Fumes","Acrobatics","Bane"],"picked":"SKIP","floor":25.0},{"not_picked":["Noxious Fumes","Bane"],"picked":"Acrobatics","floor":25.0},{"not_picked":["Terror","Finisher"],"picked":"Escape Plan","floor":27},{"not_picked":["Outmaneuver","Deflect+1"],"picked":"Well Laid Plans+1","floor":30},{"not_picked":["Storm of Steel","Outmaneuver"],"picked":"All Out Attack","floor":30},{"not_picked":["Burst","Glass Knife"],"picked":"Tools of the Trade","floor":33},{"not_picked":["Bane","Sucker Punch"],"picked":"Reflex","floor":35},{"not_picked":["Dagger Spray","Flying Knee"],"picked":"Backflip+1","floor":35},{"not_picked":["Caltrops","Poisoned Stab"],"picked":"Reflex+1","floor":37},{"not_picked":["Cloak And Dagger+1","Leg Sweep+1"],"picked":"Backflip+1","floor":37},{"not_picked":["Backstab+1","Slice"],"picked":"Choke+1","floor":39},{"not_picked":["Finisher","Heel Hook+1","Well Laid Plans+1"],"picked":"SKIP","floor":39},{"not_picked":["Finisher","Heel Hook+1","Well Laid Plans+1"],"picked":"SKIP","floor":39},{"not_picked":["Concentrate","Catalyst"],"picked":"Sucker Punch+1","floor":45},{"not_picked":["Slice+1","Flying Knee"],"picked":"Dagger Throw","floor":46},{"not_picked":["Flying Knee","Leg Sweep","Masterful Stab+1"],"picked":"SKIP","floor":46}],"player_experience":174533,"relics_obtained":[{"floor":3.0,"key":"Ornamental Fan"},{"floor":7.0,"key":"Prayer Wheel"},{"floor":9.0,"key":"Pear"},{"floor":13.0,"key":"Centennial Puzzle"},{"floor":23.0,"key":"Happy Flower"},{"floor":25.0,"key":"Ancient Tea Set"},{"floor":26.0,"key":"Oddly Smooth Stone"},{"floor":27,"key":"Regal Pillow"},{"floor":43,"key":"Juzu Bracelet"},{"floor":45,"key":"Thread and Needle"}],"event_choices":[{"event_name":"World of Goop","player_choice":"Gather Gold","floor":2.0,"damage_taken":0.0},{"event_name":"Shining Light","player_choice":"Ignored","floor":5.0,"damage_taken":0.0},{"event_name":"The Library","player_choice":"Read","floor":19.0,"damage_taken":0.0},{"event_name":"Golden Shrine","player_choice":"Pray","floor":20.0,"damage_taken":0.0},{"event_name":"Forgotten Altar","player_choice":"Smashed Altar","floor":28,"damage_taken":0},{"event_name":"Falling","player_choice":"Removed Skill","floor":38,"damage_taken":0},{"event_name":"Tomb of Lord Red Mask","player_choice":"Ignored","floor":44,"damage_taken":0},{"event_name":"Mysterious Sphere","player_choice":"Fight","floor":45,"damage_taken":0},{"event_name":"Upgrade Shrine","player_choice":"Upgraded","floor":47,"damage_taken":0}],"is_beta":false,"boss_relics":[{"not_picked":["Philosopher\u0027s Stone","Ectoplasm"],"picked":"Cursed Key"},{"not_picked":["WristBlade","Fusion Hammer"],"picked":"HoveringKite"}],"items_purged_floors":[22,31,36,41,48],"is_endless":false,"potions_floor_spawned":[10,12,14,25,27,33,45,46],"ascension_level":3}