{"gold_per_floor":[109,121,140,153,5,5,15,45,68,68,88,88,88,104,104,233,233,247,286,311,165,178,178,178,217,296,296,0,0,0,14,14,137,137,160,160,160,0,20,20,20,20,20,39,83,83,104,127,127,127],"floor_reached":51,"playtime":3245,"items_purged":["Strike_B"],"score":1137,"play_id":"9ce564c3-6711-4849-b120-45578bbe1e93","local_time":"20180806003831","is_ascension_mode":true,"campfire_choices":[{"data":"Defragment","floor":6,"key":"SMITH"},{"data":"Sweeping Beam","floor":10,"key":"SMITH"},{"floor":13,"key":"REST"},{"data":"Defragment","floor":15,"key":"SMITH"},{"data":"Self Repair","floor":24,"key":"SMITH"},{"data":"Loop","floor":27,"key":"SMITH"},{"data":"Coolheaded","floor":32,"key":"SMITH"},{"data":"Thunder Strike","floor":40,"key":"SMITH"},{"data":"Seek","floor":42,"key":"SMITH"},{"data":"Conserve Battery","floor":46,"key":"SMITH"},{"data":"Conserve Battery","floor":49,"key":"SMITH"}],"neow_cost":"","seed_source_timestamp":198855158207022,"circlet_count":0,"master_deck":["Strike_B","Strike_B","Strike_B","Defend_B","Defend_B","Defend_B","Defend_B","Zap","Dualcast","AscendersBane","Conserve Battery+1","Compile Driver","Go for the Eyes","Compile Driver","Defragment+1","Glacier","Sweeping Beam+1","Self Repair+1","Go for the Eyes","Defragment+1","Coolheaded+1","Thunder Strike+1","Conserve Battery+1","Loop+1","Conserve Battery","Tempest","Capacitor","Capacitor","Beam Cell+1","Reboot+1","Steam","Coolheaded+1","Sweeping Beam+1","Electrodynamics","Chill+1","Madness","Madness","Seek+1","Leap+1","Compile Driver+1","Leap+1","Compile Driver+1","Defragment+1","Cold Snap+1","Conserve Battery+1","Heatsinks+1"],"relics":["Cracked Core","Prayer Wheel","Art of War","Golden Idol","Coffee Dripper","Red Mask","Blood Vial","Mummified Hand","Runic Capacitor","Ancient Tea Set","Eternal Feather","Spirit Poop","Frozen Egg 2","Bronze Scales"],"potions_floor_usage":[7,8,20,23,33,33,50,50,50],"damage_taken":[{"damage":1,"enemies":"Cultist","floor":1,"turns":4},{"damage":1,"enemies":"2 Louse","floor":2,"turns":2},{"damage":0,"enemies":"Jaw Worm","floor":3,"turns":3},{"damage":0,"enemies":"Large Slime","floor":4,"turns":6},{"damage":13,"enemies":"Exordium Thugs","floor":7,"turns":3},{"damage":23,"enemies":"Gremlin Nob","floor":8,"turns":4},{"damage":5,"enemies":"Red Slaver","floor":11,"turns":3},{"damage":0,"enemies":"Large Slime","floor":14,"turns":5},{"damage":17,"enemies":"Hexaghost","floor":16,"turns":11},{"damage":0,"enemies":"Chosen","floor":18,"turns":4},{"damage":15,"floor":19,"turns":6},{"damage":0,"enemies":"Spheric Guardian","floor":20,"turns":4},{"damage":0,"enemies":"Centurion and Healer","floor":22,"turns":8},{"damage":39,"enemies":"Gremlin Leader","floor":23,"turns":7},{"damage":44,"enemies":"Slavers","floor":25,"turns":6},{"damage":27,"enemies":"Chosen and Byrds","floor":31,"turns":5},{"damage":5,"enemies":"Collector","floor":33,"turns":10},{"damage":7,"enemies":"3 Shapes","floor":35,"turns":6},{"damage":18,"enemies":"Flame Bruiser 1 Orb","floor":39,"turns":6},{"damage":7,"enemies":"Maw","floor":44,"turns":6},{"damage":0,"enemies":"2 Orb Walkers","floor":45,"turns":5},{"damage":7,"enemies":"Spire Growth","floor":47,"turns":6},{"damage":0,"enemies":"3 Darklings","floor":48,"turns":6},{"damage":12,"enemies":"Time Eater","floor":50,"turns":12}],"seed_played":"3473336312587260436","potions_obtained":[{"floor":2,"key":"FairyPotion"},{"floor":4,"key":"SkillPotion"},{"floor":7,"key":"Block Potion"},{"floor":8,"key":"SmokeBomb"},{"floor":16,"key":"GamblersBrew"},{"floor":20,"key":"FairyPotion"},{"floor":25,"key":"Energy Potion"},{"floor":33,"key":"GamblersBrew"},{"floor":35,"key":"FearPotion"},{"floor":47,"key":"Weak Potion"}],"is_trial":false,"path_per_floor":["M","M","M","M","$","R","M","E","T","R","M","?","R","M","R","B",null,"M","?","M","$","M","E","R","E","T","R","$","?","?","M","R","B",null,"M","?","?","$","M","R","$","R","T","M","E","R","M","M","R","B"],"character_chosen":"DEFECT","items_purchased":["Defragment","Glacier","Capacitor","Runic Capacitor","Steam","AttackPotion","Seek"],"campfire_rested":1,"item_purchase_floors":[5,5,21,28,28,28,38],"current_hp_per_floor":[67,66,66,66,66,66,53,30,30,30,25,7,29,36,36,26,63,70,62,69,69,75,43,43,17,17,17,17,17,17,17,17,14,60,65,65,56,56,50,74,74,75,75,75,75,75,75,75,75,73],"gold":127,"neow_bonus":"","is_prod":false,"is_daily":false,"chose_seed":false,"campfire_upgraded":10,"win_rate":0,"timestamp":1533508711,"path_taken":["M","M","M","?","$","R","M","E","T","R","M","?","R","M","R","BOSS","M","?","M","$","?","E","R","E","T","R","$","?","?","M","R","BOSS","M","?","?","$","M","R","$","R","T","M","E","R","M","M","R","BOSS"],"build_version":"2018-08-01","purchased_purges":1,"victory":true,"max_hp_per_floor":[75,75,75,75,75,75,75,75,75,75,75,75,75,75,75,75,75,75,75,75,75,75,75,75,75,75,75,75,75,75,75,75,75,75,75,75,75,75,75,75,75,75,75,75,75,75,75,75,75,75],"card_choices":[{"not_picked":["Turbo","Ball Lightning"],"picked":"Conserve Battery","floor":1},{"not_picked":["Barrage","Hologram"],"picked":"Compile Driver","floor":2},{"not_picked":["Steam Power","Steam"],"picked":"Go for the Eyes","floor":3},{"not_picked":["Blizzard","Hello World"],"picked":"Compile Driver","floor":4},{"not_picked":["Blizzard","Steam"],"picked":"Sweeping Beam","floor":7},{"not_picked":["Redo","Hologram","All For One"],"picked":"SKIP","floor":8},{"not_picked":["Go for the Eyes","Compile Driver"],"picked":"Self Repair","floor":11},{"not_picked":["Gash","Chaos"],"picked":"Go for the Eyes","floor":11},{"not_picked":["Barrage","Beam Cell"],"picked":"Defragment","floor":14},{"not_picked":["Cold Snap","Stack"],"picked":"Coolheaded","floor":14},{"not_picked":["Meteor Strike","Buffer"],"picked":"Thunder Strike","floor":16},{"not_picked":["Hologram","Fusion"],"picked":"Conserve Battery","floor":18},{"not_picked":["Gash+1","Aggregate+1"],"picked":"Loop","floor":18},{"not_picked":["Rebound","Coolheaded"],"picked":"Conserve Battery","floor":20},{"not_picked":["Gash","Compile Driver"],"picked":"Tempest","floor":20},{"not_picked":["Conserve Battery","Multi-Cast"],"picked":"Capacitor","floor":22},{"not_picked":["Barrage","Ball Lightning"],"picked":"Beam Cell+1","floor":22},{"not_picked":["Darkness","Scrape"],"picked":"Reboot","floor":25},{"not_picked":["Compile Driver","Conserve Battery"],"picked":"Coolheaded+1","floor":31},{"not_picked":["Rebound","Turbo+1"],"picked":"Sweeping Beam+1","floor":31},{"not_picked":["Buffer","Reboot"],"picked":"Electrodynamics","floor":33},{"not_picked":["Chaos","Reinforced Body+1"],"picked":"Chill+1","floor":35},{"not_picked":["Sweeping Beam","Barrage+1","Beam Cell+1"],"picked":"SKIP","floor":35},{"not_picked":["Hologram+1","Scrape+1"],"picked":"Leap+1","floor":39},{"not_picked":["Recycle","Coolheaded"],"picked":"Compile Driver+1","floor":39},{"not_picked":["Storm+1","FTL+1"],"picked":"Leap+1","floor":44},{"not_picked":["Redo+1","Streamline","Turbo"],"picked":"SKIP","floor":44},{"not_picked":["Ball Lightning+1","Tempest"],"picked":"Compile Driver+1","floor":45},{"not_picked":["Leap+1","Streamline"],"picked":"Defragment+1","floor":47},{"not_picked":["Rebound+1","Sweeping Beam"],"picked":"Cold Snap+1","floor":47},{"not_picked":["Melter","Fusion"],"picked":"Conserve Battery+1","floor":48},{"not_picked":["Beam Cell","Fission"],"picked":"Heatsinks+1","floor":48}],"player_experience":495181,"relics_obtained":[{"floor":8,"key":"Prayer Wheel"},{"floor":9,"key":"Art of War"},{"floor":19,"key":"Red Mask"},{"floor":25,"key":"Blood Vial"},{"floor":26,"key":"Mummified Hand"},{"floor":43,"key":"Frozen Egg 2"},{"floor":45,"key":"Bronze Scales"}],"event_choices":[{"event_name":"Golden Idol","player_choice":"Take Damage","floor":12,"damage_taken":0},{"event_name":"Accursed Blacksmith","player_choice":"Forge","floor":29,"damage_taken":0},{"event_name":"The Mausoleum","player_choice":"Yes","floor":30,"damage_taken":0},{"event_name":"Bonfire Elementals","player_choice":"CURSE","floor":36,"damage_taken":0},{"event_name":"Winding Halls","player_choice":"Embrace Madness","floor":37,"damage_taken":0}],"is_beta":true,"boss_relics":[{"not_picked":["Fusion Hammer","Lizard Tail"],"picked":"Coffee Dripper"},{"not_picked":["Empty Cage","Snecko Eye"],"picked":"Eternal Feather"}],"items_purged_floors":[21],"is_endless":false,"potions_floor_spawned":[2,4,7,8,16,19,20,25,33,35,47],"ascension_level":10}