{"gold_per_floor":[119,130,305,230,245,276,335,335,335,335,360,360,360,380,380,491,491,504,404,404,404],"floor_reached":21,"playtime":723,"items_purged":["Doubt","Defend_R"],"score":185,"play_id":"8467f0a0-d89e-4842-9aba-56bb50c8c685","local_time":"20190928225057","is_ascension_mode":false,"campfire_choices":[{"data":"Bash","floor":8,"key":"SMITH"},{"data":"Twin Strike","floor":10,"key":"SMITH"},{"data":"Twin Strike","floor":12,"key":"SMITH"},{"floor":15,"key":"REST"}],"neow_cost":"NONE","seed_source_timestamp":1820846365345,"circlet_count":0,"master_deck":["Strike_R+1","Strike_R+1","Strike_R+1","Bash+1","Sentinel+1","Havoc+1","Perfected Strike+1","Twin Strike+1","Twin Strike+1","Twin Strike","Feed"],"relics":["Astrolabe","Gremlin Horn","Pear","Orichalcum","CeramicFish","Empty Cage"],"potions_floor_usage":[11,14],"damage_taken":[{"damage":0,"enemies":"2 Louse","floor":1,"turns":2},{"damage":5,"enemies":"Small Slimes","floor":2,"turns":2},{"damage":6,"enemies":"Jaw Worm","floor":5,"turns":2},{"damage":36,"enemies":"Lagavulin","floor":6,"turns":5},{"damage":5,"enemies":"3 Sentries","floor":7,"turns":6},{"damage":5,"enemies":"3 Sentries","floor":11,"turns":5},{"damage":4,"enemies":"Large Slime","floor":14,"turns":3},{"damage":52,"enemies":"The Guardian","floor":16,"turns":10},{"damage":33,"enemies":"Shell Parasite","floor":18,"turns":6}],"seed_played":"-4079724748944127045","potions_obtained":[{"floor":1,"key":"Explosive Potion"},{"floor":6,"key":"Block Potion"},{"floor":11,"key":"EssenceOfSteel"},{"floor":14,"key":"Block Potion"},{"floor":18,"key":"Block Potion"}],"is_trial":false,"path_per_floor":["M","M","?","$","M","E","?","R","T","R","E","R","?","M","R","B",null,"M","$","?","?"],"character_chosen":"IRONCLAD","items_purchased":[],"campfire_rested":1,"item_purchase_floors":[],"current_hp_per_floor":[80,75,75,75,69,33,38,38,38,38,33,33,33,29,56,4,90,60,60,60,60],"gold":404,"neow_bonus":"BOSS_RELIC","is_prod":false,"is_daily":false,"chose_seed":false,"campfire_upgraded":3,"win_rate":0,"timestamp":1569678657,"path_taken":["M","M","?","$","M","E","?","R","T","R","E","R","?","M","R","BOSS","M","$","?","?"],"build_version":"2019-09-27","purchased_purges":2,"victory":false,"max_hp_per_floor":[80,80,80,80,80,80,90,90,90,90,90,90,90,90,90,90,90,93,93,93,93],"card_choices":[{"not_picked":["Dropkick","Warcry","Armaments"],"picked":"SKIP","floor":1},{"not_picked":["Headbutt","Warcry"],"picked":"Twin Strike","floor":2},{"not_picked":["Heavy Blade","Intimidate","Sword Boomerang"],"picked":"SKIP","floor":5},{"not_picked":["Brutality","Flame Barrier"],"picked":"Twin Strike","floor":6},{"not_picked":["Combust","Wild Strike","Pummel"],"picked":"SKIP","floor":11},{"not_picked":["True Grit","Warcry"],"picked":"Twin Strike","floor":14},{"not_picked":["Berserk","Double Tap"],"picked":"Feed","floor":16},{"not_picked":["Uppercut","Clothesline","Armaments"],"picked":"SKIP","floor":18}],"player_experience":559514,"relics_obtained":[{"floor":6,"key":"Gremlin Horn"},{"floor":7,"key":"Pear"},{"floor":9,"key":"Orichalcum"},{"floor":11,"key":"CeramicFish"}],"event_choices":[{"damage_healed":0,"gold_gain":175,"player_choice":"AGREE","damage_taken":0,"max_hp_gain":0,"max_hp_loss":0,"event_name":"Liars Game","floor":3,"gold_loss":0,"cards_obtained":["Doubt"]},{"damage_healed":0,"gold_gain":30,"player_choice":"Searched \u00272\u0027 times","damage_taken":0,"max_hp_gain":0,"max_hp_loss":0,"event_name":"Dead Adventurer","floor":7,"gold_loss":0},{"damage_healed":0,"gold_gain":0,"player_choice":"Ignored","damage_taken":0,"max_hp_gain":0,"max_hp_loss":0,"event_name":"Shining Light","floor":13,"gold_loss":0},{"damage_healed":0,"gold_gain":0,"player_choice":"Simplicity","damage_taken":0,"max_hp_gain":0,"max_hp_loss":0,"event_name":"Back to Basics","floor":20,"gold_loss":0,"cards_upgraded":["Strike_R","Strike_R","Strike_R"]}],"is_beta":true,"boss_relics":[{"not_picked":["Pandora\u0027s Box","Runic Dome"],"picked":"Empty Cage"}],"items_purged_floors":[4,19],"is_endless":false,"potions_floor_spawned":[1,6,11,14,18],"ascension_level":0}