{"gold_per_floor":[368,368,13,113,126,126,152,152,222,222,240,255,274,288,288,386,386,406,406,353,353,353,353,367,367,367,400,197,197,51,80,92,203,215,241,253,312,342,369,410,422,469,481,522,135,135,0,19,19,19],"floor_reached":51,"playtime":2213,"items_purged":["Defend_R"],"score":801,"play_id":"def98730-5e60-4d3e-b8b9-01726a84aa14","local_time":"20180731224416","is_ascension_mode":false,"campfire_choices":[{"data":"Perfected Strike","floor":6.0,"key":"SMITH"},{"data":"Perfected Strike","floor":8.0,"key":"SMITH"},{"data":"Bash","floor":10.0,"key":"SMITH"},{"data":"Perfected Strike","floor":15.0,"key":"SMITH"},{"data":"Clash","floor":23,"key":"SMITH"},{"data":"Twin Strike","floor":29,"key":"SMITH"},{"data":"Ghostly Armor","floor":32,"key":"SMITH"},{"data":"Clothesline","floor":41,"key":"SMITH"},{"data":"Fiend Fire","floor":46,"key":"SMITH"},{"data":"Searing Blow+1","floor":49,"key":"SMITH"}],"neow_cost":"TEN_PERCENT_HP_LOSS","seed_source_timestamp":244066808614,"circlet_count":0,"master_deck":["Strike_R+1","Strike_R+1","Strike_R+1","Strike_R+1","Strike_R+1","Defend_R+1","Defend_R+1","Bash+1","Clash","Perfected Strike+1","Perfected Strike+1","Perfected Strike+1","Clash+1","Ghostly Armor+1","Seeing Red+1","Twin Strike+1","Pommel Strike+1","Feed","Searing Blow+2","Pommel Strike+1","Clothesline+1","Fiend Fire+1","Master of Strategy","Twin Strike+1"],"special_seed":0,"relics":["Burning Blood","Gremlin Horn","Dream Catcher","Letter Opener","Sozu","Darkstone Periapt","Anchor","Bag of Marbles","MawBank","Snecko Eye","Magic Flower","Bird Faced Urn","Matryoshka","Singing Bowl","Shuriken","Pear","Ornamental Fan","TheAbacus","Red Mask"],"potions_floor_usage":[40,50,50],"damage_taken":[{"damage":1.0,"enemies":"Cultist","floor":1.0,"turns":4.0},{"damage":0.0,"enemies":"Small Slimes","floor":5.0,"turns":2.0},{"damage":28.0,"enemies":"Gremlin Nob","floor":7.0,"turns":4.0},{"damage":0.0,"enemies":"2 Louse","floor":11.0,"turns":1.0},{"damage":10.0,"enemies":"Exordium Thugs","floor":12.0,"turns":3.0},{"damage":8.0,"enemies":"Red Slaver","floor":13.0,"turns":2.0},{"damage":2.0,"enemies":"3 Louse","floor":14.0,"turns":2.0},{"damage":54.0,"enemies":"Hexaghost","floor":16.0,"turns":7.0},{"damage":5,"enemies":"Chosen","floor":18,"turns":2},{"damage":20,"enemies":"3 Byrds","floor":24,"turns":4},{"damage":12,"enemies":"Book of Stabbing","floor":27,"turns":3},{"damage":0,"enemies":"Snake Plant","floor":31,"turns":1},{"damage":21,"enemies":"Collector","floor":33,"turns":6},{"damage":0,"enemies":"3 Darklings","floor":35,"turns":3},{"damage":0,"floor":36,"turns":1},{"damage":0,"floor":37,"turns":2},{"damage":0,"enemies":"Orb Walker","floor":38,"turns":1},{"damage":0,"enemies":"Flame Bruiser 2 Orb","floor":39,"turns":1},{"damage":32,"enemies":"Nemesis","floor":40,"turns":5},{"damage":9,"enemies":"Giant Head","floor":42,"turns":5},{"damage":7,"enemies":"2 Orb Walkers","floor":44,"turns":2},{"damage":30,"enemies":"4 Shapes","floor":48,"turns":3},{"damage":49,"enemies":"Awakened One","floor":50,"turns":8}],"seed_played":"7084333792715745984","potions_obtained":[{"floor":12.0,"key":"GamblersBrew"},{"floor":13.0,"key":"Dexterity Potion"},{"floor":14.0,"key":"Dexterity Potion"}],"is_trial":false,"path_per_floor":["M","?","$","?","M","R","E","R","T","R","M","M","M","M","R","B",null,"M","?","$","?","?","R","M","?","T","E","$","R","$","M","R","B",null,"M","?","?","M","M","E","R","E","T","E","$","R","?","M","R","B"],"character_chosen":"IRONCLAD","items_purchased":["Perfected Strike","Gremlin Horn","Clash","Twin Strike","Bag of Marbles","MawBank","Master of Strategy","TheAbacus"],"campfire_rested":0,"item_purchase_floors":[3,3,20,28,28,30,45,45],"current_hp_per_floor":[72,77,77,77,77,77,55,55,55,55,61,57,55,59,59,11,77,77,77,77,77,77,77,63,63,63,57,57,57,57,63,63,48,77,77,77,80,80,80,57,57,62,72,81,81,81,81,65,65,25],"gold":19,"neow_bonus":"TWO_FIFTY_GOLD","is_prod":false,"is_daily":false,"chose_seed":false,"campfire_upgraded":10,"win_rate":0,"timestamp":1533048256,"path_taken":["M","?","$","?","M","R","E","R","T","R","M","M","M","M","R","BOSS","M","?","$","?","?","R","?","?","T","E","$","R","?","?","R","BOSS","M","?","?","M","?","E","R","E","T","E","$","R","?","M","R","BOSS"],"build_version":"2018-07-26","purchased_purges":1,"victory":true,"max_hp_per_floor":[72,77,77,77,77,77,77,77,77,77,77,77,77,77,77,77,77,77,77,77,77,77,77,77,77,77,77,77,77,77,77,77,77,77,77,77,80,80,80,80,80,83,93,98,98,98,98,101,101,101],"card_choices":[{"not_picked":["Warcry","Sever Soul"],"picked":"Clash","floor":1.0},{"not_picked":["Corruption","Shrug It Off","Wild Strike"],"picked":"SKIP","floor":5.0},{"not_picked":["True Grit","Sword Boomerang"],"picked":"Perfected Strike","floor":7.0},{"not_picked":["Berserk","Headbutt"],"picked":"Perfected Strike","floor":11.0},{"not_picked":["Evolve","Shrug It Off","Searing Blow"],"picked":"SKIP","floor":12.0},{"not_picked":["Pummel","Second Wind","Rupture"],"picked":"SKIP","floor":13.0},{"not_picked":["Cleave","Battle Trance","Armaments"],"picked":"SKIP","floor":14.0},{"not_picked":["Fire Breathing","Feel No Pain","Carnage"],"picked":"SKIP","floor":18},{"not_picked":["Clash","Twin Strike"],"picked":"Ghostly Armor","floor":24},{"not_picked":["Entrench","Reaper"],"picked":"Seeing Red+1","floor":27},{"not_picked":["Headbutt","Armaments"],"picked":"Pommel Strike+1","floor":31},{"not_picked":["Juggernaut","Exhume"],"picked":"Feed","floor":33},{"not_picked":["Thunderclap+1","Second Wind+1"],"picked":"Searing Blow+1","floor":35},{"not_picked":["Blood for Blood","Bloodletting","Rupture+1"],"picked":"SKIP","floor":38},{"not_picked":["Havoc","Flex+1"],"picked":"Pommel Strike+1","floor":39},{"not_picked":["Brutality","True Grit"],"picked":"Clothesline","floor":40},{"not_picked":["Sword Boomerang","Fire Breathing+1"],"picked":"Fiend Fire","floor":42},{"not_picked":["Cleave","Dropkick+1","Thunderclap+1"],"picked":"Singing Bowl","floor":44},{"not_picked":["Iron Wave","Seeing Red+1"],"picked":"Twin Strike+1","floor":48}],"player_experience":254256,"relics_obtained":[{"floor":7.0,"key":"Dream Catcher"},{"floor":9.0,"key":"Letter Opener"},{"floor":26,"key":"Darkstone Periapt"},{"floor":27,"key":"Anchor"},{"floor":36,"key":"Magic Flower"},{"floor":37,"key":"Bird Faced Urn"},{"floor":40,"key":"Matryoshka"},{"floor":42,"key":"Singing Bowl"},{"floor":43,"key":"Shuriken"},{"floor":43,"key":"Pear"},{"floor":44,"key":"Ornamental Fan"}],"event_choices":[{"event_name":"Big Fish","player_choice":"Donut","floor":2.0,"damage_taken":0.0},{"event_name":"Golden Shrine","player_choice":"Pray","floor":4.0,"damage_taken":0.0},{"event_name":"Ghosts","player_choice":"Ignored","floor":19,"damage_taken":0},{"event_name":"Drug Dealer","player_choice":"Ignored","floor":21,"damage_taken":0},{"event_name":"Bonfire Elementals","player_choice":"BASIC","floor":22,"damage_taken":0},{"event_name":"Back to Basics","player_choice":"Simplicity","floor":25,"damage_taken":0},{"event_name":"MindBloom","player_choice":"Fight","floor":36,"damage_taken":0},{"event_name":"Mysterious Sphere","player_choice":"Fight","floor":37,"damage_taken":0},{"event_name":"Tomb of Lord Red Mask","player_choice":"Paid","floor":47,"damage_taken":0}],"is_beta":false,"boss_relics":[{"not_picked":["Fusion Hammer","Orrery"],"picked":"Sozu"},{"not_picked":["Lizard Tail","Runic Cube"],"picked":"Snecko Eye"}],"items_purged_floors":[3],"is_endless":false,"potions_floor_spawned":[12,13,14,18,33,35,37,40],"ascension_level":0}