{"gold_per_floor":[19,19,35,53,72,97,126,143,143,158,158,158,188,201,201,303,303,316,316,231,250,260,325,336,336,418,436,448,458,486,503,503,599,599,611,611,611,611,630,655,665,665,665,680,713,145,145,145,145,145],"floor_reached":51,"playtime":3764,"items_purged":["Writhe"],"score":763,"play_id":"17d0bd92-cbf6-429b-ade2-01059830643f","local_time":"20180709215250","is_ascension_mode":false,"campfire_choices":[{"data":"FTL","floor":12.0,"key":"SMITH"},{"data":"Dualcast","floor":15.0,"key":"SMITH"},{"floor":25.0,"key":"REST"},{"floor":32.0,"key":"REST"},{"data":"Barrage","floor":42.0,"key":"SMITH"},{"floor":47,"key":"REST"},{"floor":49,"key":"REST"}],"neow_cost":"NO_GOLD","seed_source_timestamp":840190070910,"circlet_count":0,"master_deck":["Strike_B","Defend_B","Defend_B","Defend_B","Defend_B+1","Zap","Dualcast+1","Cold Snap","Sweeping Beam","FTL+1","Leap","Barrage+1","Hello World+1","Storm+1","Conserve Battery+1","FTL","Creative AI+1","Barrage+1","Conserve Battery+1","FTL+1","Sunder+1","Conserve Battery+1","Capacitor+1","Beam Cell+1","Multi-Cast+1","Ball Lightning+1","Blizzard+1","Rainbow+1","Compile Driver+1","Double Energy+1","Chaos+1","Stack+1","Heatsinks+1"],"special_seed":0,"relics":["Cracked Core","Bird Faced Urn","Frozen Egg 2","Odd Mushroom","Matryoshka","Bottled Tornado","Black Star","Boot","Strawberry","Tiny Chest","War Paint","Potion Belt","Smiling Mask","Ornamental Fan","Mummified Hand","Astrolabe","Pen Nib","Toxic Egg 2","Torii","Ginger","Happy Flower","Art of War","Blood Vial","Runic Capacitor","Cables"],"potions_floor_usage":[50,50,50,50,50,50,50,50],"damage_taken":[{"damage":0.0,"enemies":"Small Slimes","floor":1.0,"turns":4.0},{"damage":2.0,"enemies":"2 Louse","floor":3.0,"turns":2.0},{"damage":0.0,"enemies":"Cultist","floor":4.0,"turns":3.0},{"damage":6.0,"enemies":"3 Louse","floor":5.0,"turns":2.0},{"damage":16.0,"enemies":"Lagavulin","floor":6.0,"turns":7.0},{"damage":10.0,"floor":7.0,"turns":4.0},{"damage":3.0,"enemies":"Blue Slaver","floor":8.0,"turns":4.0},{"damage":0.0,"enemies":"Large Slime","floor":10.0,"turns":4.0},{"damage":11.0,"enemies":"Gremlin Nob","floor":13.0,"turns":4.0},{"damage":18.0,"enemies":"Exordium Wildlife","floor":14.0,"turns":4.0},{"damage":18.0,"enemies":"The Guardian","floor":16.0,"turns":13.0},{"damage":9.0,"enemies":"Spheric Guardian","floor":18.0,"turns":6.0},{"damage":11.0,"enemies":"Shell Parasite","floor":21.0,"turns":6.0},{"damage":20.0,"enemies":"Centurion and Healer","floor":22.0,"turns":6.0},{"damage":71.0,"enemies":"Slavers","floor":23.0,"turns":6.0},{"damage":15.0,"enemies":"Cultist and Chosen","floor":24.0,"turns":6.0},{"damage":20.0,"enemies":"Sentry and Sphere","floor":27.0,"turns":6.0},{"damage":8.0,"enemies":"Snake Plant","floor":28.0,"turns":4.0},{"damage":3.0,"enemies":"Chosen and Byrds","floor":29.0,"turns":5.0},{"damage":24.0,"enemies":"Book of Stabbing","floor":30.0,"turns":5.0},{"damage":15.0,"enemies":"Centurion and Healer","floor":31.0,"turns":4.0},{"damage":15.0,"enemies":"Collector","floor":33.0,"turns":6.0},{"damage":1.0,"enemies":"3 Shapes","floor":35.0,"turns":4.0},{"damage":1.0,"enemies":"Orb Walker","floor":39.0,"turns":3.0},{"damage":47.0,"enemies":"2 Orb Walkers","floor":40.0,"turns":5.0},{"damage":8.0,"enemies":"Sphere and 2 Shapes","floor":41.0,"turns":4.0},{"damage":25,"enemies":"4 Shapes","floor":44,"turns":3},{"damage":14,"enemies":"Nemesis","floor":45,"turns":7},{"damage":1,"enemies":"Time Eater","floor":50,"turns":10}],"seed_played":"-6282060804501453352","potions_obtained":[{"floor":3.0,"key":"Energy Potion"},{"floor":7.0,"key":"Swift Potion"},{"floor":8.0,"key":"SkillPotion"},{"floor":13.0,"key":"Swift Potion"},{"floor":14.0,"key":"SkillPotion"},{"floor":22.0,"key":"Strength Potion"},{"floor":27.0,"key":"SpeedPotion"},{"floor":30.0,"key":"Regen Potion"},{"floor":31.0,"key":"EntropicBrew"},{"floor":35.0,"key":"Block Potion"},{"floor":44,"key":"Regen Potion"},{"floor":45,"key":"EntropicBrew"}],"is_trial":false,"path_per_floor":["M","$","M","M","M","E","?","M","T","M","?","R","E","M","R","B",null,"M","?","?","M","M","E","M","R","T","M","M","M","E","M","R","B",null,"M","?","T","?","M","E","M","R","T","M","E","$","R","?","R","B"],"character_chosen":"DEFECT","items_purchased":["Runic Capacitor","Cables","EssenceOfSteel"],"campfire_rested":4,"item_purchase_floors":[46,46,46],"current_hp_per_floor":[75,75,73,73,67,51,41,38,38,40,45,45,38,24,24,10,80,75,75,82,79,77,18,13,39,39,29,25,30,18,27,53,56,87,86,86,86,86,86,46,48,48,48,33,33,33,59,59,85,87],"gold":145,"neow_bonus":"ONE_RARE_RELIC","is_prod":false,"is_daily":false,"chose_seed":false,"campfire_upgraded":3,"win_rate":0,"timestamp":1531144370,"path_taken":["M","$","M","M","M","E","?","M","T","M","?","R","E","M","R","BOSS","M","?","?","M","M","E","M","R","T","M","M","M","E","M","R","BOSS","M","?","?","?","M","E","M","R","T","M","E","$","R","?","R","BOSS"],"build_version":"2018-07-05","purchased_purges":1,"victory":true,"max_hp_per_floor":[75,75,75,75,75,75,75,75,75,75,80,80,80,80,80,80,80,80,80,87,87,87,87,87,87,87,87,87,87,87,87,87,87,87,87,87,87,87,87,87,87,87,87,87,87,87,87,87,87,87],"card_choices":[{"not_picked":["Streamline","Recycle"],"picked":"Cold Snap","floor":1.0},{"not_picked":["Hologram","Redo"],"picked":"Sweeping Beam","floor":3.0},{"not_picked":["Gash","Skim"],"picked":"FTL","floor":4.0},{"not_picked":["Hologram","Steam"],"picked":"Leap","floor":5.0},{"not_picked":["Coolheaded","Genetic Algorithm"],"picked":"Barrage","floor":6.0},{"not_picked":["Coolheaded","Go for the Eyes"],"picked":"Hello World+1","floor":8.0},{"not_picked":["White Noise","Steam"],"picked":"Storm+1","floor":10.0},{"not_picked":["Gash","Steam Power"],"picked":"Conserve Battery","floor":13.0},{"not_picked":["Streamline","Thunder Strike"],"picked":"FTL","floor":14.0},{"not_picked":["Seek","Core Surge"],"picked":"Creative AI+1","floor":16.0},{"not_picked":["Conserve Battery","Genetic Algorithm+1","Glacier+1"],"picked":"SKIP","floor":18.0},{"not_picked":["Redo","Sweeping Beam"],"picked":"Barrage+1","floor":21.0},{"not_picked":["Doom and Gloom","Cold Snap","Coolheaded"],"picked":"SKIP","floor":22.0},{"not_picked":["Creative AI+1","Gash"],"picked":"Conserve Battery+1","floor":23.0},{"not_picked":["Leap","Doom and Gloom"],"picked":"FTL+1","floor":24.0},{"not_picked":["Tempest","Go for the Eyes+1"],"picked":"Sunder+1","floor":27.0},{"not_picked":["Coolheaded","Glacier"],"picked":"Conserve Battery+1","floor":28.0},{"not_picked":["Force Field","Cold Snap","Sweeping Beam+1"],"picked":"SKIP","floor":29.0},{"not_picked":["Beam Cell","Self Repair+1"],"picked":"Capacitor+1","floor":30.0},{"not_picked":["Hello World+1","Sweeping Beam+1"],"picked":"Beam Cell+1","floor":31.0},{"not_picked":["Hyperbeam","Rainbow"],"picked":"Multi-Cast","floor":33.0},{"not_picked":["Fusion+1","Gash+1"],"picked":"Compile Driver+1","floor":35.0},{"not_picked":["Darkness+1","Tempest+1","Barrage+1"],"picked":"SKIP","floor":39.0},{"not_picked":["Doom and Gloom+1","Rebound"],"picked":"Double Energy+1","floor":40.0},{"not_picked":["Glacier+1","Turbo+1"],"picked":"Chaos+1","floor":41.0},{"not_picked":["Conserve Battery+1","Compile Driver+1"],"picked":"Stack+1","floor":44},{"not_picked":["Streamline+1","Chaos+1"],"picked":"Heatsinks+1","floor":45}],"player_experience":114745,"relics_obtained":[{"floor":6.0,"key":"Frozen Egg 2"},{"floor":7.0,"key":"Odd Mushroom"},{"floor":9.0,"key":"Matryoshka"},{"floor":13.0,"key":"Bottled Tornado"},{"floor":23.0,"key":"Tiny Chest"},{"floor":23.0,"key":"War Paint"},{"floor":26.0,"key":"Potion Belt"},{"floor":26.0,"key":"Smiling Mask"},{"floor":30.0,"key":"Ornamental Fan"},{"floor":30.0,"key":"Mummified Hand"},{"floor":37.0,"key":"Pen Nib"},{"floor":37.0,"key":"Toxic Egg 2"},{"floor":40.0,"key":"Torii"},{"floor":40.0,"key":"Ginger"},{"floor":43.0,"key":"Happy Flower"},{"floor":45,"key":"Art of War"},{"floor":45,"key":"Blood Vial"}],"event_choices":[{"event_name":"Mushrooms","player_choice":"Fought Mushrooms","floor":7.0,"damage_taken":0.0},{"event_name":"Big Fish","player_choice":"Donut","floor":11.0,"damage_taken":0.0},{"event_name":"The Mausoleum","player_choice":"Yes","floor":19.0,"damage_taken":0.0},{"event_name":"Addict","player_choice":"Obtained Relic","floor":20.0,"damage_taken":0.0},{"event_name":"SensoryStone","player_choice":"Memory 1","floor":36.0,"damage_taken":0.0},{"event_name":"Upgrade Shrine","player_choice":"Upgraded","floor":38.0,"damage_taken":0.0},{"event_name":"SecretPortal","player_choice":"Rejected Portal.","floor":48,"damage_taken":0}],"boss_relics":[{"not_picked":["Tiny House","Sozu"],"picked":"Black Star"},{"not_picked":["Snecko Eye","Orrery"],"picked":"Astrolabe"}],"items_purged_floors":[46],"is_endless":false,"potions_floor_spawned":[3,7,8,13,14,22,27,30,31,35,44,45],"ascension_level":0}