{"gold_per_floor":[113,113,123,123,137,173,173,192,219,231,261,291,334,359,371,507,519,554,566,596,632,644,656,684,696,708,720,732,492,511,511],"floor_reached":31,"playtime":1395,"items_purged":["Injury"],"score":249,"play_id":"fd976251-e3a0-4f14-a4c3-b284ee1f8994","local_time":"20190921151545","is_ascension_mode":false,"campfire_choices":[{"data":"Eruption","floor":7.0,"key":"SMITH"},{"data":"SashWhip","floor":15.0,"key":"SMITH"},{"data":"Metaphysics","floor":23,"key":"SMITH"},{"data":"Vigilance","floor":25,"key":"SMITH"}],"neow_cost":"NONE","seed_source_timestamp":3890734252534,"circlet_count":0,"master_deck":["Strike_P","Strike_P","Strike_P","Strike_P","Defend_P","Defend_P","Defend_P","Defend_P","Eruption+1","Vigilance+1","JustLucky","FollowUp","JustLucky","FearNoEvil","EmptyFist","EmptyFist","BowlingBash","CutThroughFate","SashWhip+1","Metaphysics+1","CurseOfTheBell","FollowUp+1","Conclude+1","CarveReality+1","Weave+1","ThirdEye"],"special_seed":0,"relics":["Coffee Dripper","Pen Nib","Bloody Idol","Orichalcum","MawBank","Sundial","Calling Bell","Melange","Molten Egg 2","CaptainsWheel","Blue Candle"],"potions_floor_usage":[20],"damage_taken":[{"damage":0.0,"enemies":"Jaw Worm","floor":1.0,"turns":4.0},{"damage":0.0,"enemies":"2 Louse","floor":3.0,"turns":3.0},{"damage":2.0,"enemies":"Cultist","floor":5.0,"turns":3.0},{"damage":24.0,"enemies":"Gremlin Nob","floor":6.0,"turns":4.0},{"damage":0.0,"enemies":"3 Louse","floor":8.0,"turns":1.0},{"damage":0.0,"enemies":"Blue Slaver","floor":11.0,"turns":3.0},{"damage":0.0,"enemies":"2 Fungi Beasts","floor":12.0,"turns":2.0},{"damage":11.0,"enemies":"Lagavulin","floor":13.0,"turns":3.0},{"damage":0.0,"enemies":"Exordium Thugs","floor":14.0,"turns":2.0},{"damage":19,"enemies":"Hexaghost","floor":16,"turns":9},{"damage":0,"enemies":"Chosen","floor":18,"turns":4},{"damage":26,"enemies":"2 Thieves","floor":20,"turns":4},{"damage":8,"enemies":"Snake Plant","floor":21,"turns":4},{"damage":12,"enemies":"Centurion and Healer","floor":24,"turns":4},{"damage":24,"enemies":"Shelled Parasite and Fungi","floor":30,"turns":4},{"damage":10,"enemies":"3 Cultists","floor":31,"turns":2}],"seed_played":"-442317937486765420","potions_obtained":[{"floor":5.0,"key":"Ancient Potion"},{"floor":6.0,"key":"Dexterity Potion"},{"floor":11.0,"key":"FearPotion"},{"floor":16,"key":"Weak Potion"},{"floor":20,"key":"EntropicBrew"},{"floor":24,"key":"SteroidPotion"}],"is_trial":false,"path_per_floor":["M","?","M","?","M","E","R","M","T","?","M","M","E","M","R","B",null,"M","?","M","M","?","R","M","R","T","?","?","$","M","M"],"character_chosen":"WATCHER","items_purchased":["Weave+1","ThirdEye","StancePotion"],"campfire_rested":0,"item_purchase_floors":[29,29,29],"current_hp_per_floor":[65,47,47,47,45,21,21,21,21,42,42,42,31,31,31,12,65,65,65,39,31,31,31,19,19,19,19,24,29,10,0],"gold":511,"neow_bonus":"BOSS_RELIC","is_prod":false,"is_daily":false,"chose_seed":false,"campfire_upgraded":4,"win_rate":0.0,"timestamp":1569046545,"path_taken":["M","?","M","?","M","E","R","M","T","?","M","M","E","M","R","BOSS","M","?","?","M","?","R","M","R","T","?","?","$","M","M"],"build_version":"2019-09-20","purchased_purges":1,"victory":false,"max_hp_per_floor":[65,65,65,65,65,65,65,65,65,65,65,65,65,65,65,65,65,65,65,65,65,65,65,65,65,65,65,65,65,65,65],"card_choices":[{"not_picked":["BattleHymn","ClearTheMind"],"picked":"JustLucky","floor":1.0},{"not_picked":["ThirdEye","Evaluate"],"picked":"FollowUp","floor":3.0},{"not_picked":["Crescendo","CleanseEvil"],"picked":"JustLucky","floor":5.0},{"not_picked":["FollowUp","Wallop"],"picked":"FearNoEvil","floor":6.0},{"not_picked":["WreathOfFlame","BattleHymn"],"picked":"EmptyFist","floor":8.0},{"not_picked":["WreathOfFlame","FlyingSleeves"],"picked":"EmptyFist","floor":11.0},{"not_picked":["FollowUp","JustLucky"],"picked":"BowlingBash","floor":12.0},{"not_picked":["ReachHeaven","Omniscience"],"picked":"CutThroughFate","floor":13.0},{"not_picked":["JustLucky","Protect"],"picked":"SashWhip","floor":14.0},{"not_picked":["Omniscience","Vault"],"picked":"Metaphysics","floor":16},{"not_picked":["PathToVictory+1","Fasting"],"picked":"FollowUp+1","floor":18},{"not_picked":["CleanseEvil+1","Protect","CrushJoints+1"],"picked":"SKIP","floor":20},{"not_picked":["SandsOfTime+1","CutThroughFate+1"],"picked":"Conclude+1","floor":21},{"not_picked":["CleanseEvil+1","ThirdEye+1"],"picked":"CarveReality+1","floor":24},{"not_picked":["ClearTheMind","Tantrum+1","CrushJoints+1"],"picked":"SKIP","floor":30}],"player_experience":504881,"relics_obtained":[{"floor":6.0,"key":"Orichalcum"},{"floor":9.0,"key":"MawBank"},{"floor":13.0,"key":"Sundial"},{"floor":17,"key":"Melange"},{"floor":17,"key":"Molten Egg 2"},{"floor":17,"key":"CaptainsWheel"},{"floor":26,"key":"Blue Candle"}],"event_choices":[{"damage_healed":0.0,"max_hp_gain":0.0,"max_hp_loss":0.0,"gold_gain":0.0,"event_name":"Scrap Ooze","player_choice":"Success","floor":2.0,"gold_loss":0.0,"damage_taken":18.0,"relics_obtained":["Pen Nib"]},{"damage_healed":0.0,"max_hp_gain":0.0,"max_hp_loss":0.0,"gold_gain":0.0,"event_name":"Golden Idol","player_choice":"Take Wound","floor":4.0,"gold_loss":0.0,"damage_taken":0.0,"relics_obtained":["Golden Idol"],"cards_obtained":["Injury"]},{"damage_healed":21.0,"max_hp_gain":0.0,"max_hp_loss":0.0,"gold_gain":0.0,"event_name":"Big Fish","player_choice":"Banana","floor":10.0,"gold_loss":0.0,"damage_taken":0.0},{"damage_healed":0,"gold_gain":0,"player_choice":"Ignored","damage_taken":0,"max_hp_gain":0,"max_hp_loss":0,"event_name":"NoteForYourself","floor":19,"gold_loss":0},{"damage_healed":0,"gold_gain":0,"player_choice":"Ignored","damage_taken":0,"max_hp_gain":0,"max_hp_loss":0,"event_name":"Vampires","floor":22,"gold_loss":0},{"damage_healed":0,"gold_gain":0,"player_choice":"Gave Idol","damage_taken":0,"relics_obtained":["Bloody Idol"],"max_hp_gain":0,"max_hp_loss":0,"event_name":"Forgotten Altar","floor":27,"relics_lost":["Golden Idol"],"gold_loss":0},{"damage_healed":0,"gold_gain":0,"player_choice":"Ignored","damage_taken":0,"max_hp_gain":0,"max_hp_loss":0,"event_name":"Cursed Tome","floor":28,"gold_loss":0}],"is_beta":true,"boss_relics":[{"not_picked":["Sozu","Runic Pyramid"],"picked":"Calling Bell"}],"items_purged_floors":[29],"is_endless":false,"potions_floor_spawned":[5,6,11,16,20,24],"killed_by":"3 Cultists","ascension_level":0}