{"path_per_floor":["M","M","$","M","M","R","E","R","T","M","M","?","?","?","R","B",null,"M","?","?","$","M","E","R","M","T","R","M","$","M","M","R","B",null,"M","$","M","$","?"],"character_chosen":"DEFECT","items_purchased":["Anchor","Go for the Eyes","Apotheosis","Leap","Ball Lightning","Capacitor","Energy Potion","Stack"],"gold_per_floor":[209,221,15,34,53,53,88,88,88,99,119,119,119,294,294,393,393,412,412,412,63,74,104,104,120,120,120,140,34,47,62,62,167,167,177,77,92,45,45,45],"floor_reached":40,"campfire_rested":0,"playtime":2522,"current_hp_per_floor":[74,71,71,69,69,69,52,52,52,52,52,52,37,37,37,21,85,69,59,49,49,47,39,39,64,64,64,64,64,62,64,64,35,64,64,64,64,64,56,0],"items_purged":["Doubt","Decay"],"gold":45,"score":458,"play_id":"9a50f8e5-716e-421b-9936-4bfe88ae2d3a","local_time":"20180501143913","is_prod":false,"is_daily":false,"chose_seed":false,"is_ascension_mode":false,"campfire_upgraded":6,"timestamp":1525178353,"path_taken":["M","?","$","M","M","R","E","R","T","M","M","?","?","?","R","BOSS","M","?","?","$","M","E","R","M","T","R","?","?","M","?","R","BOSS","M","$","M","$","?","E"],"build_version":"2018-04-30","seed_source_timestamp":0,"purchased_purges":2,"victory":false,"master_deck":["Defend_B","Defend_B","Defend_B","Defend_B","Zap+1","Dualcast","Beam Cell","Streamline+1","Go for the Eyes+1","Glacier+1","Creative AI+1","Doom and Gloom+1","Buffer+1","Machine Learning+1","Injury","Injury","Consume+1","Bite+1","Bite+1","Bite+1","Bite+1","Bite+1","Apotheosis+1","Leap","Ball Lightning+1","Streamline+1","Force Field","Capacitor","Leap","Capacitor","Amplify+1","Reprieve+1","Echo Form","Leap+1","Stack","Madness","Madness"],"max_hp_per_floor":[75,75,75,75,75,75,75,75,75,75,75,75,75,75,75,75,85,85,59,64,64,64,64,64,64,64,64,64,64,64,64,64,64,64,64,64,64,64,64,64],"relics":["Cracked Core","Anchor","Whetstone","Molten Egg 2","Calling Bell","Orichalcum","Pear","Thread and Needle","Ice Cream","Bottled Lightning","Sozu"],"card_choices":[{"not_picked":["Turbo","Auto Shields"],"picked":"Beam Cell","floor":1.0},{"not_picked":["Impulse","Capacitor"],"picked":"Streamline","floor":2.0},{"not_picked":["Skim","Axe Kick"],"picked":"Glacier","floor":4.0},{"not_picked":["Rebound","Blaster"],"picked":"Creative AI","floor":5.0},{"not_picked":["Steam Power","Scrape"],"picked":"Doom and Gloom","floor":7.0},{"not_picked":["Chill","Turbo"],"picked":"Buffer","floor":10.0},{"not_picked":["Fusion","Hyperbeam"],"picked":"Machine Learning","floor":16.0},{"not_picked":["Force Field","Coolheaded"],"picked":"Consume","floor":18.0},{"not_picked":["Cold Snap","Barrage"],"picked":"Streamline","floor":22.0},{"not_picked":["Stack","Conserve Battery"],"picked":"Force Field","floor":23.0},{"not_picked":["Barrage","Beam Cell"],"picked":"Capacitor","floor":25.0},{"not_picked":["Conserve Battery","Hello World"],"picked":"Leap","floor":28.0},{"not_picked":["Impulse","Streamline"],"picked":"Amplify","floor":30.0},{"not_picked":["Coolheaded","Double Energy"],"picked":"Reprieve","floor":31.0},{"not_picked":["Thunder Strike","Hyperbeam"],"picked":"Echo Form","floor":33.0},{"not_picked":["Chaos","Capacitor"],"picked":"Leap","floor":35}],"player_experience":70469,"potions_floor_usage":[40],"damage_taken":[{"damage":1.0,"enemies":"Cultist","floor":1.0,"turns":4.0},{"damage":3.0,"enemies":"2 Louse","floor":2.0,"turns":2.0},{"damage":2.0,"enemies":"Small Slimes","floor":4.0,"turns":3.0},{"damage":0.0,"enemies":"2 Fungi Beasts","floor":5.0,"turns":2.0},{"damage":17.0,"enemies":"Gremlin Nob","floor":7.0,"turns":5.0},{"damage":0.0,"enemies":"3 Louse","floor":10.0,"turns":3.0},{"damage":0.0,"enemies":"Exordium Wildlife","floor":11.0,"turns":2.0},{"damage":16.0,"enemies":"The Guardian","floor":16.0,"turns":8.0},{"damage":16.0,"enemies":"Chosen","floor":18.0,"turns":6.0},{"damage":11.0,"enemies":"Spheric Guardian","floor":22.0,"turns":5.0},{"damage":26.0,"enemies":"Gremlin Leader","floor":23.0,"turns":9.0},{"damage":0.0,"enemies":"Centurion and Healer","floor":25.0,"turns":7.0},{"damage":4.0,"enemies":"Snake Plant","floor":28.0,"turns":5.0},{"damage":8.0,"enemies":"Chosen and Byrds","floor":30.0,"turns":6.0},{"damage":0.0,"enemies":"Centurion and Healer","floor":31.0,"turns":8.0},{"damage":41.0,"enemies":"Champ","floor":33.0,"turns":9.0},{"damage":5,"enemies":"3 Darklings","floor":35,"turns":8},{"damage":4,"enemies":"Orb Walker","floor":37,"turns":4},{"damage":59,"enemies":"2 Orb Walkers","floor":40,"turns":5}],"event_choices":[{"event_name":"The Lab","player_choice":"Got Potions","floor":12.0,"damage_taken":0.0},{"event_name":"Shining Light","player_choice":"Entered Light","floor":13.0,"damage_taken":0.0},{"event_name":"Liars Game","player_choice":"agreed","floor":14.0,"damage_taken":0.0},{"event_name":"Vampires","player_choice":"Became a vampire","floor":19.0,"damage_taken":0.0},{"event_name":"Forgotten Altar","player_choice":"Shed Blood","floor":20.0,"damage_taken":0.0},{"event_name":"Winding Halls","player_choice":"Embrace Madness","floor":39,"damage_taken":0}],"boss_relics":[{"not_picked":["White Beast Statue","Nuclear Battery"],"picked":"Sozu"}],"potions_floor_spawned":[4,7,23,30,31],"seed_played":"-4557699071925369892","killed_by":"2 Orb Walkers","ascension_level":0,"is_trial":false}