{"gold_per_floor":[110,110,110,35,52,52,14,27,82,82,82,44,64,91,91,190,190,205,224,224,224,224,224,124,143,170,199,199,215,247,262,262,359,359,374,393,116,216,216,242,242,242,297,297,313,313,328,338,338,338],"floor_reached":51,"playtime":886,"items_purged":["Defend_R","Defend_R","Burning Pact+1"],"score":811,"play_id":"d3b1b04b-bb38-453c-b3b5-0bdac55912ae","local_time":"20191020125635","is_ascension_mode":false,"campfire_choices":[{"data":"Burning Pact","floor":6.0,"key":"SMITH"},{"data":"Inflame","floor":11.0,"key":"SMITH"},{"floor":15.0,"key":"REST"},{"data":"Clash","floor":23.0,"key":"SMITH"},{"data":"Spot Weakness","floor":32.0,"key":"SMITH"},{"data":"Dropkick","floor":42,"key":"SMITH"},{"floor":44,"key":"RECALL"},{"data":"Heavy Blade","floor":46,"key":"SMITH"},{"data":"Strike_R","floor":49,"key":"SMITH"}],"neow_cost":"NONE","seed_source_timestamp":265407675361450,"circlet_count":0,"master_deck":["Strike_R+1","Strike_R+1","Strike_R","Strike_R","Strike_R","Bash+1","Inflame+1","Spot Weakness+1","Clash+1","Cleave+1","Spot Weakness+1","Clash+1","Dropkick+1","Clash+1","Heavy Blade+1","Clash+1","Heavy Blade+1"],"special_seed":0,"relics":["Black Blood","NeowsBlessing","PreservedInsect","Odd Mushroom","Bag of Preparation","Runic Dome","Shuriken","Dream Catcher","Orichalcum","Happy Flower","Whetstone","Ancient Tea Set","Juzu Bracelet","Nunchaku","Sundial","Vajra"],"potions_floor_usage":[47,50,50],"damage_taken":[{"damage":0.0,"enemies":"Cultist","floor":1.0,"turns":1.0},{"damage":0.0,"enemies":"Jaw Worm","floor":5.0,"turns":1.0},{"damage":0.0,"enemies":"2 Louse","floor":8.0,"turns":1.0},{"damage":31.0,"enemies":"The Mushroom Lair","floor":13.0,"turns":4.0},{"damage":17.0,"enemies":"3 Sentries","floor":14.0,"turns":5.0},{"damage":55.0,"enemies":"The Guardian","floor":16.0,"turns":7.0},{"damage":5.0,"enemies":"Chosen","floor":18.0,"turns":3.0},{"damage":22.0,"enemies":"Shell Parasite","floor":19.0,"turns":3.0},{"damage":14.0,"enemies":"Shelled Parasite and Fungi","floor":25.0,"turns":3.0},{"damage":9.0,"enemies":"Slavers","floor":27.0,"turns":3.0},{"damage":0.0,"enemies":"Snecko","floor":29.0,"turns":2.0},{"damage":18.0,"enemies":"Book of Stabbing","floor":30.0,"turns":3.0},{"damage":0.0,"enemies":"Snake Plant","floor":31.0,"turns":1.0},{"damage":22.0,"enemies":"Automaton","floor":33.0,"turns":5.0},{"damage":26,"enemies":"3 Darklings","floor":35,"turns":3},{"damage":3,"enemies":"3 Shapes","floor":36,"turns":2},{"damage":0,"enemies":"Mind Bloom Boss Battle","floor":38,"turns":2},{"damage":24,"enemies":"Nemesis","floor":40,"turns":3},{"damage":0,"enemies":"Writhing Mass","floor":45,"turns":1},{"damage":20,"enemies":"4 Shapes","floor":47,"turns":4},{"damage":26,"enemies":"Spire Growth","floor":48,"turns":3},{"damage":37,"enemies":"Time Eater","floor":50,"turns":3}],"seed_played":"-2113722256632294521","potions_obtained":[{"floor":13.0,"key":"Energy Potion"},{"floor":14.0,"key":"SpeedPotion"},{"floor":16.0,"key":"Explosive Potion"},{"floor":18.0,"key":"LiquidMemories"},{"floor":19.0,"key":"ElixirPotion"},{"floor":25.0,"key":"Regen Potion"},{"floor":27.0,"key":"Fruit Juice"},{"floor":36,"key":"Dexterity Potion"},{"floor":38,"key":"BloodPotion"},{"floor":47,"key":"Strength Potion"}],"is_trial":false,"path_per_floor":["M","?","?","$","M","R","$","M","T","?","R","$","?","E","R","B",null,"M","M","?","T","?","R","$","M","T","E","?","M","E","M","R","B",null,"M","M","$","?","?","E","?","R","T","R","M","R","M","M","R","B",null],"character_chosen":"IRONCLAD","items_purchased":["Inflame","Spot Weakness","Juzu Bracelet"],"campfire_rested":1,"item_purchase_floors":[7,12,37],"current_hp_per_floor":[80,85,85,85,85,85,85,85,85,78,78,78,53,42,67,18,85,85,69,69,69,69,69,69,61,61,63,63,69,57,63,63,47,90,76,85,85,90,90,78,78,78,78,78,85,85,85,71,71,51],"gold":338,"neow_bonus":"THREE_ENEMY_KILL","is_prod":false,"is_daily":false,"chose_seed":false,"campfire_upgraded":7,"win_rate":0,"timestamp":1571568995,"path_taken":["M","?","?","$","M","R","$","M","T","?","R","?","?","E","R","BOSS","M","M","?","?","?","R","$","?","T","E","?","M","E","M","R","BOSS","M","M","$","?","?","E","?","R","T","R","M","R","M","M","R","BOSS"],"build_version":"2019-10-18","purchased_purges":3,"victory":true,"max_hp_per_floor":[80,85,85,85,85,85,85,85,85,85,85,85,85,85,85,85,85,85,85,85,85,85,85,85,85,85,90,90,90,90,90,90,90,90,90,90,90,90,90,90,85,85,85,85,85,85,85,85,85,85],"card_choices":[{"not_picked":["Pommel Strike","Armaments","Seeing Red"],"picked":"SKIP","floor":1.0},{"not_picked":["Disarm","Heavy Blade"],"picked":"Burning Pact","floor":5.0},{"not_picked":["Twin Strike","Rupture","Wild Strike"],"picked":"SKIP","floor":8.0},{"not_picked":["Wild Strike","Sword Boomerang"],"picked":"Clash","floor":13.0},{"not_picked":["Dark Embrace","Reckless Charge","Sever Soul"],"picked":"SKIP","floor":14.0},{"not_picked":["Fire Breathing","Armaments","Havoc"],"picked":"SKIP","floor":18.0},{"not_picked":["Pommel Strike","Perfected Strike"],"picked":"Cleave+1","floor":19.0},{"not_picked":["Combust","Bludgeon"],"picked":"Spot Weakness+1","floor":25.0},{"not_picked":["Bludgeon","Warcry","Blood for Blood+1"],"picked":"SKIP","floor":27.0},{"not_picked":["Flex","Body Slam"],"picked":"Dropkick","floor":29.0},{"not_picked":["Burning Pact","Intimidate","Battle Trance+1"],"picked":"SKIP","floor":30.0},{"not_picked":["Armaments","Havoc","Pommel Strike+1"],"picked":"SKIP","floor":31.0},{"not_picked":["Sword Boomerang+1","Spot Weakness"],"picked":"Clash+1","floor":35},{"not_picked":["Metallicize","Pummel"],"picked":"Heavy Blade+1","floor":36},{"not_picked":["Armaments+1","Perfected Strike+1"],"picked":"Clash+1","floor":38},{"not_picked":["Reckless Charge","Flex+1","Headbutt+1"],"picked":"SKIP","floor":40},{"not_picked":["Thunderclap+1","Dropkick+1"],"picked":"Heavy Blade","floor":45},{"not_picked":["Thunderclap","Juggernaut","Clothesline+1"],"picked":"SKIP","floor":47},{"not_picked":["Corruption+1","Dropkick+1","Fire Breathing"],"picked":"SKIP","floor":48}],"player_experience":861627,"relics_obtained":[{"floor":9.0,"key":"PreservedInsect"},{"floor":13.0,"key":"Odd Mushroom"},{"floor":14.0,"key":"Bag of Preparation"},{"floor":21.0,"key":"Dream Catcher"},{"floor":26.0,"key":"Happy Flower"},{"floor":27.0,"key":"Whetstone"},{"floor":30.0,"key":"Ancient Tea Set"},{"floor":38,"key":"Nunchaku"},{"floor":40,"key":"Sundial"},{"floor":43,"key":"Vajra"}],"event_choices":[{"damage_healed":0.0,"max_hp_gain":5.0,"max_hp_loss":0.0,"gold_gain":0.0,"event_name":"Big Fish","player_choice":"Donut","floor":2.0,"gold_loss":0.0,"damage_taken":0.0},{"cards_removed":["Defend_R"],"damage_healed":0.0,"max_hp_gain":0.0,"max_hp_loss":0.0,"gold_gain":0.0,"event_name":"Living Wall","player_choice":"Forget","floor":3.0,"gold_loss":0.0,"damage_taken":0.0},{"cards_removed":["Defend_R"],"damage_healed":0.0,"max_hp_gain":0.0,"max_hp_loss":0.0,"gold_gain":0.0,"event_name":"Golden Wing","player_choice":"Card Removal","floor":10.0,"gold_loss":0.0,"damage_taken":7.0},{"damage_healed":0.0,"max_hp_gain":0.0,"max_hp_loss":0.0,"gold_gain":0.0,"event_name":"Mushrooms","player_choice":"Fought Mushrooms","floor":13.0,"gold_loss":0.0,"damage_taken":0.0},{"damage_healed":0.0,"max_hp_gain":0.0,"max_hp_loss":0.0,"gold_gain":0.0,"event_name":"The Mausoleum","player_choice":"Opened","floor":20.0,"gold_loss":0.0,"damage_taken":0.0,"relics_obtained":["Shuriken"]},{"damage_healed":0.0,"max_hp_gain":0.0,"max_hp_loss":0.0,"gold_gain":0.0,"event_name":"WeMeetAgain","player_choice":"Gave Potion","floor":22.0,"gold_loss":0.0,"damage_taken":0.0,"relics_obtained":["Orichalcum"]},{"damage_healed":0.0,"max_hp_gain":0.0,"max_hp_loss":0.0,"gold_gain":0.0,"event_name":"Duplicator","player_choice":"Copied","floor":28.0,"gold_loss":0.0,"damage_taken":0.0,"cards_obtained":["Clash"]},{"damage_healed":0,"gold_gain":0,"player_choice":"Fight","damage_taken":0,"max_hp_gain":0,"max_hp_loss":0,"event_name":"MindBloom","floor":38,"gold_loss":0},{"damage_healed":0,"gold_gain":0,"player_choice":"Memory 1","damage_taken":0,"max_hp_gain":0,"max_hp_loss":0,"event_name":"SensoryStone","floor":39,"gold_loss":0},{"damage_healed":0,"gold_gain":0,"player_choice":"Max HP","damage_taken":0,"max_hp_gain":0,"max_hp_loss":5,"event_name":"Winding Halls","floor":41,"gold_loss":0}],"is_beta":true,"boss_relics":[{"not_picked":["Pandora\u0027s Box","Fusion Hammer"],"picked":"Runic Dome"},{"not_picked":["Mark of Pain","Tiny House"],"picked":"Black Blood"}],"items_purged_floors":[4,24,37],"is_endless":false,"potions_floor_spawned":[13,14,16,18,19,25,27,36,38,47],"ascension_level":0}