{"gold_per_floor":[111,286,286,299,319,319,344,153,206,221,221,296,314,314,314,409,409,429,448,61,61,61,94,94,124,149,149,166,67,82,82,82,179,179,197,214,114,131,131],"floor_reached":39,"playtime":1346,"items_purged":["Strike_B","Strike_B"],"score":440,"play_id":"dc5714d2-2bf6-4a25-83e7-050795e4323a","local_time":"20181206123422","is_ascension_mode":true,"campfire_choices":[{"data":"Fusion","floor":6.0,"key":"SMITH"},{"data":"Apotheosis","floor":11.0,"key":"SMITH"},{"floor":15.0,"key":"REST"},{"floor":24.0,"key":"REST"},{"floor":27.0,"key":"REST"},{"floor":32.0,"key":"REST"}],"neow_cost":"NONE","seed_source_timestamp":63790435932436,"circlet_count":0,"master_deck":["Strike_B","Defend_B","Defend_B","Defend_B","Defend_B","Zap","Dualcast","Undo+1","Hologram","Fusion+1","Meteor Strike","Apotheosis+1","Redo","Hologram","Fusion","Fission","Loop","Electrodynamics","Redo","Redo"],"special_seed":0,"relics":["Cracked Core","NeowsBlessing","Dream Catcher","Anchor","Inserter","Bottled Lightning","Nilry\u0027s Codex","Pantograph","PreservedInsect","Bronze Scales","MutagenicStrength","Philosopher\u0027s Stone"],"potions_floor_usage":[39],"damage_taken":[{"damage":0.0,"enemies":"Jaw Worm","floor":1.0,"turns":1.0},{"damage":0.0,"enemies":"2 Louse","floor":4.0,"turns":1.0},{"damage":0.0,"enemies":"Cultist","floor":5.0,"turns":1.0},{"damage":35.0,"enemies":"3 Sentries","floor":7.0,"turns":10.0},{"damage":0.0,"enemies":"Blue Slaver","floor":10.0,"turns":4.0},{"damage":3.0,"enemies":"Red Slaver","floor":13.0,"turns":4.0},{"damage":42.0,"enemies":"Hexaghost","floor":16.0,"turns":13.0},{"damage":10.0,"enemies":"Shell Parasite","floor":18.0,"turns":5.0},{"damage":5.0,"enemies":"Chosen","floor":19.0,"turns":6.0},{"damage":18.0,"enemies":"Book of Stabbing","floor":23.0,"turns":7.0},{"damage":14.0,"enemies":"Slavers","floor":25.0,"turns":3.0},{"damage":5.0,"enemies":"Shelled Parasite and Fungi","floor":28.0,"turns":5.0},{"damage":4.0,"enemies":"Snecko","floor":30.0,"turns":5.0},{"damage":54.0,"enemies":"Automaton","floor":33.0,"turns":9.0},{"damage":2.0,"enemies":"3 Shapes","floor":35.0,"turns":9.0},{"damage":0.0,"enemies":"Orb Walker","floor":36.0,"turns":2.0},{"damage":15.0,"enemies":"Spire Growth","floor":38.0,"turns":5.0},{"damage":0,"enemies":"2 Orb Walkers","floor":39,"turns":1}],"seed_played":"8376071774803656246","potions_obtained":[{"floor":1.0,"key":"Block Potion"},{"floor":4.0,"key":"Ancient Potion"},{"floor":16.0,"key":"PowerPotion"},{"floor":23.0,"key":"Energy Potion"},{"floor":25.0,"key":"SkillPotion"},{"floor":33.0,"key":"Ancient Potion"}],"is_trial":false,"path_per_floor":["M","?","?","M","M","R","E","$","T","M","R","?","M","?","R","B",null,"M","M","$","?","?","E","R","E","T","R","M","$","M","?","R","B",null,"M","M","$","M","?"],"character_chosen":"DEFECT","items_purchased":["Apotheosis","Bottled Lightning","Electrodynamics","Redo"],"campfire_rested":4,"item_purchase_floors":[8,20,20,29],"current_hp_per_floor":[75,75,75,75,75,75,40,40,40,40,40,29,26,26,48,6,75,65,60,60,44,44,26,48,34,34,56,51,51,47,47,69,21,75,73,73,73,58,58],"gold":131,"neow_bonus":"THREE_ENEMY_KILL","is_prod":false,"is_daily":false,"chose_seed":false,"campfire_upgraded":2,"win_rate":0,"timestamp":1544096062,"path_taken":["M","?","?","?","M","R","E","$","T","M","R","?","M","?","R","BOSS","M","M","$","?","?","E","R","E","T","R","M","$","?","?","R","BOSS","M","M","$","M","?"],"build_version":"2018-12-06","purchased_purges":2,"victory":false,"max_hp_per_floor":[75,75,75,75,75,75,75,75,75,75,75,75,75,75,75,75,75,75,75,75,75,75,75,75,75,75,75,75,75,75,75,75,75,75,75,75,75,75,75],"card_choices":[{"not_picked":["Static Discharge","Coolheaded"],"picked":"Undo","floor":1.0},{"not_picked":["Cold Snap","Barrage"],"picked":"Hologram","floor":4.0},{"not_picked":["Go for the Eyes","Hologram"],"picked":"Fusion","floor":5.0},{"not_picked":["Electrodynamics","Leap"],"picked":"Meteor Strike","floor":7.0},{"not_picked":["Leap","Scrape"],"picked":"Redo","floor":10.0},{"not_picked":["Rip and Tear","Turbo"],"picked":"Hologram","floor":13.0},{"not_picked":["Undo","BootSequence"],"picked":"Fusion","floor":15.0},{"not_picked":["Biased Cognition","All For One"],"picked":"Fission","floor":16.0},{"not_picked":["Hello World","Rebound"],"picked":"Loop","floor":18.0},{"not_picked":["Genetic Algorithm","Go for the Eyes+1","Cold Snap"],"picked":"SKIP","floor":19.0},{"not_picked":["Lockon","Force Field","FTL"],"picked":"SKIP","floor":23.0},{"not_picked":["Defragment","Sweeping Beam","Redo"],"picked":"SKIP","floor":25.0},{"not_picked":["Sweeping Beam","Compile Driver","Ball Lightning+1"],"picked":"SKIP","floor":28.0},{"not_picked":["Compile Driver+1","Redo","FTL"],"picked":"SKIP","floor":30.0},{"not_picked":["Rebound+1","Barrage","Loop+1"],"picked":"SKIP","floor":35.0},{"not_picked":["Turbo+1","Beam Cell+1"],"picked":"Redo","floor":36.0},{"not_picked":["Conserve Battery","Streamline","Blizzard+1"],"picked":"SKIP","floor":38.0}],"player_experience":797380,"relics_obtained":[{"floor":7.0,"key":"Dream Catcher"},{"floor":9.0,"key":"Anchor"},{"floor":21.0,"key":"Nilry\u0027s Codex"},{"floor":23.0,"key":"Pantograph"},{"floor":25.0,"key":"PreservedInsect"},{"floor":26.0,"key":"Bronze Scales"}],"event_choices":[{"damage_healed":0.0,"max_hp_gain":0.0,"max_hp_loss":0.0,"gold_gain":175.0,"event_name":"Liars Game","player_choice":"AGREE","floor":2.0,"gold_loss":0.0,"damage_taken":0.0,"cards_obtained":["Doubt"]},{"damage_healed":0.0,"max_hp_gain":0.0,"max_hp_loss":0.0,"gold_gain":0.0,"event_name":"Accursed Blacksmith","player_choice":"Forge","floor":3.0,"gold_loss":0.0,"damage_taken":0.0,"cards_upgraded":["Undo"]},{"damage_healed":0.0,"max_hp_gain":0.0,"max_hp_loss":0.0,"gold_gain":75.0,"event_name":"World of Goop","player_choice":"Gather Gold","floor":12.0,"gold_loss":0.0,"damage_taken":11.0},{"cards_removed":["Doubt"],"damage_healed":0.0,"max_hp_gain":0.0,"max_hp_loss":0.0,"gold_gain":0.0,"event_name":"Purifier","player_choice":"Purged","floor":14.0,"gold_loss":0.0,"damage_taken":0.0},{"damage_healed":0.0,"max_hp_gain":0.0,"max_hp_loss":0.0,"gold_gain":0.0,"event_name":"Cursed Tome","player_choice":"Obtained Book","floor":21.0,"gold_loss":0.0,"damage_taken":16.0},{"cards_removed":["Strike_B"],"damage_healed":0.0,"max_hp_gain":0.0,"max_hp_loss":0.0,"gold_gain":0.0,"event_name":"Bonfire Elementals","player_choice":"Offered Basic","floor":22.0,"gold_loss":0.0,"damage_taken":0.0},{"damage_healed":0.0,"max_hp_gain":0.0,"max_hp_loss":0.0,"gold_gain":0.0,"event_name":"Drug Dealer","player_choice":"Inject Mutagens","floor":31.0,"gold_loss":0.0,"damage_taken":0.0,"relics_obtained":["MutagenicStrength"]},{"damage_healed":0,"gold_gain":0,"player_choice":"Fight","damage_taken":0,"max_hp_gain":0,"max_hp_loss":0,"event_name":"Mysterious Sphere","floor":39,"gold_loss":0}],"is_beta":true,"boss_relics":[{"not_picked":["Black Star","FrozenCore"],"picked":"Inserter"},{"not_picked":["Runic Dome","Runic Pyramid"],"picked":"Philosopher\u0027s Stone"}],"items_purged_floors":[29,37],"is_endless":false,"potions_floor_spawned":[1,4,16,23,25,28,33,35],"killed_by":"2 Orb Walkers","ascension_level":1}