{"gold_per_floor":[118,118,132,57,7,22,22,53,53,79,93,125,125,138,138,238,238,258,258,258,93,104,137,157,183,183,216,216,166,166,176,176,273,273,293,348,18,28,48,48,74,74,74,74,86,106,106,106,106,106],"floor_reached":51,"playtime":4558,"items_purged":["Regret","Strike_G","Strike_G","Strike_G"],"score":1080,"play_id":"478f2183-1107-479b-acd6-68f8b1654142","local_time":"20180715213850","is_ascension_mode":true,"campfire_choices":[{"data":"Blade Dance","floor":7.0,"key":"SMITH"},{"data":"Prepared","floor":13.0,"key":"SMITH"},{"data":"Outmaneuver","floor":15.0,"key":"SMITH"},{"data":"Blade Dance","floor":28.0,"key":"SMITH"},{"data":"Blade Dance","floor":30.0,"key":"SMITH"},{"floor":32.0,"key":"REST"},{"data":"Eviscerate","floor":40.0,"key":"SMITH"},{"floor":47.0,"key":"REST"},{"floor":49.0,"key":"REST"}],"neow_cost":"","seed_source_timestamp":0,"circlet_count":0,"master_deck":["Defend_G","Defend_G","Defend_G+1","Defend_G","Strike_G","Survivor+1","Neutralize","Blade Dance+1","Dagger Throw","Outmaneuver+1","Noxious Fumes+1","After Image+1","Prepared+1","Quick Slash","Accuracy+1","Envenom+1","Blade Dance+1","Infinite Blades+1","Noxious Fumes+1","Escape Plan","Flying Knee","Acrobatics","Backflip+1","Skewer+1","Blade Dance+1","Tools of the Trade+1","Slice+1","Infinite Blades+1","Well Laid Plans+1","Sadistic Nature+1","Backflip","Eviscerate+1","Choke+1","Apotheosis","Slice+1","Prepared+1","Venomology"],"special_seed":0,"relics":["Ring of the Serpent","Frozen Egg 2","Anchor","Peace Pipe","Regal Pillow","Smiling Mask","Blood Vial","Pen Nib","Kunai","Dodecahedron","Black Star","Ice Cream","Boot","War Paint","Omamori","The Specimen"],"potions_floor_usage":[50,50],"damage_taken":[{"damage":3.0,"enemies":"Jaw Worm","floor":1.0,"turns":5.0},{"damage":0.0,"enemies":"2 Louse","floor":3.0,"turns":4.0},{"damage":1.0,"enemies":"Cultist","floor":6.0,"turns":3.0},{"damage":3.0,"enemies":"3 Sentries","floor":8.0,"turns":7.0},{"damage":33.0,"enemies":"Gremlin Nob","floor":10.0,"turns":5.0},{"damage":1.0,"enemies":"2 Fungi Beasts","floor":11.0,"turns":4.0},{"damage":11.0,"enemies":"Lagavulin","floor":12.0,"turns":7.0},{"damage":2.0,"enemies":"Exordium Thugs","floor":14.0,"turns":5.0},{"damage":0.0,"enemies":"Hexaghost","floor":16.0,"turns":9.0},{"damage":0.0,"enemies":"Shell Parasite","floor":18.0,"turns":6.0},{"damage":3.0,"enemies":"3 Byrds","floor":22.0,"turns":4.0},{"damage":13.0,"enemies":"Book of Stabbing","floor":23.0,"turns":6.0},{"damage":4.0,"enemies":"Snecko","floor":24.0,"turns":4.0},{"damage":3.0,"enemies":"Gremlin Leader","floor":25.0,"turns":7.0},{"damage":18.0,"enemies":"Slavers","floor":27.0,"turns":6.0},{"damage":9.0,"enemies":"Snake Plant","floor":31.0,"turns":4.0},{"damage":26.0,"enemies":"Automaton","floor":33.0,"turns":7.0},{"damage":10.0,"enemies":"3 Shapes","floor":35.0,"turns":5.0},{"damage":23.0,"floor":36.0,"turns":5.0},{"damage":1.0,"enemies":"Flame Bruiser 1 Orb","floor":38.0,"turns":5.0},{"damage":1.0,"enemies":"Maw","floor":39.0,"turns":6.0},{"damage":26.0,"enemies":"2 Orb Walkers","floor":41.0,"turns":5.0},{"damage":3.0,"enemies":"4 Shapes","floor":44.0,"turns":5.0},{"damage":11.0,"enemies":"Nemesis","floor":45.0,"turns":4.0},{"damage":7.0,"enemies":"4 Shapes","floor":46.0,"turns":4.0},{"damage":0.0,"floor":48.0,"turns":3.0},{"damage":61,"enemies":"Awakened One","floor":50,"turns":9}],"seed_played":"-2553102538123881486","potions_obtained":[{"floor":1.0,"key":"SpeedPotion"},{"floor":6.0,"key":"AttackPotion"},{"floor":16.0,"key":"Dexterity Potion"},{"floor":18.0,"key":"Swift Potion"},{"floor":23.0,"key":"GhostInAJar"},{"floor":24.0,"key":"AttackPotion"},{"floor":46.0,"key":"FearPotion"}],"is_trial":false,"path_per_floor":["M","?","M","$","?","M","R","E","T","E","M","E","R","M","R","B",null,"M","?","?","$","M","E","M","E","T","E","R","$","R","M","R","B",null,"M","?","$","M","M","R","E","?","T","?","E","M","R","?","R","B"],"character_chosen":"THE_SILENT","items_purchased":["Noxious Fumes+1","Escape Plan","Well Laid Plans+1","Sadistic Nature+1","Backflip"],"campfire_rested":3,"item_purchase_floors":[21,21,37,37,37],"current_hp_per_floor":[67,67,67,67,67,66,66,63,63,30,29,18,18,16,16,16,70,70,70,63,63,60,47,45,44,44,28,28,28,28,21,57,33,70,60,39,39,40,41,41,17,17,17,16,7,2,38,40,70,9],"gold":106,"neow_bonus":"","is_prod":false,"is_daily":false,"chose_seed":false,"campfire_upgraded":6,"win_rate":0,"timestamp":1531661930,"path_taken":["M","?","?","$","?","M","R","E","T","E","?","E","R","?","R","BOSS","M","?","?","$","?","E","M","E","T","E","R","$","R","M","R","BOSS","M","?","$","M","M","R","E","?","T","?","E","M","R","?","R","BOSS"],"build_version":"2018-07-12","purchased_purges":4,"victory":true,"max_hp_per_floor":[70,70,70,70,70,70,70,70,70,70,70,70,70,70,70,70,70,70,70,70,70,70,70,70,70,70,70,70,70,70,70,70,70,70,70,70,70,70,70,70,70,70,70,70,70,70,70,70,70,70],"card_choices":[{"not_picked":["Leg Sweep","Backflip"],"picked":"Blade Dance","floor":1.0},{"not_picked":["Flying Knee","Eviscerate"],"picked":"Dagger Throw","floor":3.0},{"not_picked":["Deadly Poison","Bane"],"picked":"Outmaneuver","floor":6.0},{"not_picked":["Dash","Endless Agony"],"picked":"Noxious Fumes+1","floor":8.0},{"not_picked":["Heel Hook","Bane"],"picked":"After Image+1","floor":10.0},{"not_picked":["Blur","Crippling Poison"],"picked":"Prepared","floor":11.0},{"not_picked":["Dagger Spray","PiercingWail"],"picked":"Quick Slash","floor":12.0},{"not_picked":["Backflip","Underhanded Strike"],"picked":"Accuracy+1","floor":14.0},{"not_picked":["Doppelganger","Unload"],"picked":"Envenom+1","floor":16.0},{"not_picked":["Finisher","Dagger Throw"],"picked":"Blade Dance","floor":18.0},{"not_picked":["Quick Slash","Crippling Poison"],"picked":"Flying Knee","floor":22.0},{"not_picked":["Eviscerate","PiercingWail+1"],"picked":"Acrobatics","floor":23.0},{"not_picked":["Acrobatics","Underhanded Strike"],"picked":"Backflip+1","floor":24.0},{"not_picked":["Quick Slash","All Out Attack"],"picked":"Skewer+1","floor":25.0},{"not_picked":["Dodge and Roll","Prepared"],"picked":"Blade Dance","floor":27.0},{"not_picked":["All Out Attack","Crippling Poison","Expertise"],"picked":"SKIP","floor":31.0},{"not_picked":["Burst","Storm of Steel"],"picked":"Tools of the Trade+1","floor":33.0},{"not_picked":["Deflect","Outmaneuver+1"],"picked":"Slice+1","floor":35.0},{"not_picked":["Deadly Poison","Dagger Spray"],"picked":"Infinite Blades+1","floor":36.0},{"not_picked":["Prepared","Unload"],"picked":"Eviscerate","floor":38.0},{"not_picked":["Sucker Punch","Dodge and Roll+1","Poisoned Stab+1"],"picked":"SKIP","floor":39.0},{"not_picked":["Poisoned Stab","Quick Slash+1"],"picked":"Choke+1","floor":41.0},{"not_picked":["Flash of Steel","Bandage Up"],"picked":"Apotheosis","floor":42.0},{"not_picked":["Dodge and Roll","Footwork+1"],"picked":"Slice+1","floor":45.0},{"not_picked":["Deadly Poison","Dagger Spray"],"picked":"Prepared+1","floor":46.0},{"not_picked":["PiercingWail","Underhanded Strike"],"picked":"Venomology","floor":48.0}],"player_experience":127722,"relics_obtained":[{"floor":8.0,"key":"Anchor"},{"floor":9.0,"key":"Peace Pipe"},{"floor":10.0,"key":"Regal Pillow"},{"floor":12.0,"key":"Smiling Mask"},{"floor":23.0,"key":"Blood Vial"},{"floor":25.0,"key":"Pen Nib"},{"floor":26.0,"key":"Kunai"},{"floor":27.0,"key":"Dodecahedron"},{"floor":36.0,"key":"Ice Cream"},{"floor":41.0,"key":"Boot"},{"floor":41.0,"key":"War Paint"},{"floor":43.0,"key":"Omamori"},{"floor":48.0,"key":"The Specimen"}],"event_choices":[{"event_name":"Big Fish","player_choice":"Box","floor":2.0,"damage_taken":0.0},{"event_name":"The Cleric","player_choice":"Card Removal","floor":5.0,"damage_taken":0.0},{"event_name":"The Library","player_choice":"Read","floor":19.0,"damage_taken":0.0},{"event_name":"Wheel of Change","player_choice":"Damage","floor":20.0,"damage_taken":0.0},{"event_name":"Mysterious Sphere","player_choice":"Fight","floor":36.0,"damage_taken":0.0},{"event_name":"SensoryStone","player_choice":"Memory 1","floor":42.0,"damage_taken":0.0},{"event_name":"Falling","player_choice":"Removed Attack","floor":44.0,"damage_taken":0.0},{"event_name":"MindBloom","player_choice":"Fight","floor":48.0,"damage_taken":0.0}],"boss_relics":[{"not_picked":["Runic Pyramid","Cursed Key"],"picked":"Ring of the Serpent"},{"not_picked":["Coffee Dripper","Pandora\u0027s Box"],"picked":"Black Star"}],"items_purged_floors":[4,21,29,37],"is_endless":false,"potions_floor_spawned":[1,6,16,18,23,24,44,46],"ascension_level":1}