{"gold_per_floor":[114,182,182,193,193,193,226,151,178,197,97,97,114,64,64,166,166,166,129,129,141,141,141,153,153,153,173,173,188,188,188],"floor_reached":31,"playtime":1243,"items_purged":["Strike_G","Strike_G"],"score":233,"play_id":"3c686759-a3b0-46ad-affc-656f748689d5","local_time":"20180723002233","is_ascension_mode":false,"campfire_choices":[{"data":"Skewer","floor":6.0,"key":"SMITH"},{"data":"Flechettes","floor":15.0,"key":"SMITH"},{"data":"Envenom","floor":23,"key":"SMITH"},{"data":"Well Laid Plans","floor":25,"key":"SMITH"},{"floor":28,"key":"REST"}],"neow_cost":"NONE","seed_source_timestamp":11436501339491,"circlet_count":0,"master_deck":["Defend_G","Defend_G","Defend_G","Defend_G","Defend_G","Survivor","Neutralize","Flechettes+1","Skewer+1","Flying Knee","Outmaneuver","Backflip","Envenom+1","Well Laid Plans+1","Blade Dance","Escape Plan"],"special_seed":0,"relics":["Philosopher\u0027s Stone"],"potions_floor_usage":[16,18,21],"damage_taken":[{"damage":6.0,"enemies":"Cultist","floor":1.0,"turns":5.0},{"damage":0.0,"enemies":"Small Slimes","floor":4.0,"turns":3.0},{"damage":15.0,"enemies":"3 Sentries","floor":7.0,"turns":6.0},{"damage":0.0,"enemies":"2 Louse","floor":10.0,"turns":3.0},{"damage":0.0,"enemies":"Looter","floor":13.0,"turns":2.0},{"damage":30,"enemies":"Hexaghost","floor":16,"turns":11},{"damage":0,"enemies":"3 Byrds","floor":18,"turns":1},{"damage":17,"enemies":"Shell Parasite","floor":21,"turns":4},{"damage":23,"enemies":"Cultist and Chosen","floor":24,"turns":6},{"damage":18,"enemies":"Snake Plant","floor":27,"turns":4},{"damage":15,"enemies":"Chosen and Byrds","floor":29,"turns":4},{"damage":15,"enemies":"Centurion and Healer","floor":31,"turns":2}],"seed_played":"8663023141331232840","potions_obtained":[{"floor":7.0,"key":"FairyPotion"},{"floor":10.0,"key":"SpeedPotion"},{"floor":13.0,"key":"Block Potion"},{"floor":16,"key":"SmokeBomb"},{"floor":24,"key":"Weak Potion"}],"is_trial":false,"path_per_floor":["M","T","?","M","?","R","E","$","T","M","$","?","M","?","R","B",null,"M","$","?","M","T","R","M","R","T","M","R","M","$"],"character_chosen":"THE_SILENT","items_purchased":["Well Laid Plans"],"campfire_rested":1,"item_purchase_floors":[19],"current_hp_per_floor":[64,64,64,64,64,64,49,49,49,49,49,49,49,49,49,19,70,70,70,57,40,40,40,17,17,17,7,29,14,14,0],"gold":188,"neow_bonus":"BOSS_RELIC","is_prod":false,"is_daily":false,"chose_seed":false,"campfire_upgraded":4,"win_rate":0,"timestamp":1532276553,"path_taken":["M","?","?","?","?","R","E","$","T","M","$","?","M","?","R","BOSS","M","?","?","M","?","R","?","R","T","M","R","M","?","M"],"build_version":"2018-07-19v2","purchased_purges":2,"victory":false,"max_hp_per_floor":[70,70,70,70,70,70,70,70,70,70,70,70,70,70,70,70,70,70,70,75,75,75,75,75,75,75,75,75,75,75,75],"card_choices":[{"not_picked":["Flying Knee","Sucker Punch"],"picked":"Flechettes","floor":1.0},{"not_picked":["Quick Slash","Calculated Gamble"],"picked":"Flying Knee","floor":4.0},{"not_picked":["Bane","Endless Agony","Accuracy"],"picked":"SKIP","floor":7.0},{"not_picked":["Flechettes","Calculated Gamble"],"picked":"Outmaneuver","floor":10.0},{"not_picked":["PiercingWail","Quick Slash"],"picked":"Backflip","floor":13.0},{"not_picked":["Wraith Form v2","Glass Knife"],"picked":"Envenom","floor":16},{"not_picked":["Flying Knee","Deflect","Accuracy+1"],"picked":"SKIP","floor":21},{"not_picked":["Well Laid Plans+1","Flying Knee","Acrobatics"],"picked":"SKIP","floor":24},{"not_picked":["Cloak And Dagger","Endless Agony+1"],"picked":"Blade Dance","floor":27},{"not_picked":["Acrobatics+1","Choke"],"picked":"Escape Plan","floor":29}],"player_experience":191974,"relics_obtained":[],"event_choices":[{"event_name":"Transmorgrifier","player_choice":"Transform","floor":3.0,"damage_taken":0.0},{"event_name":"FaceTrader","player_choice":"Leave","floor":5.0,"damage_taken":0.0},{"event_name":"Living Wall","player_choice":"Forget","floor":12.0,"damage_taken":0.0},{"event_name":"The Cleric","player_choice":"Card Removal","floor":14.0,"damage_taken":0.0},{"event_name":"Forgotten Altar","player_choice":"Shed Blood","floor":20,"damage_taken":0}],"is_beta":false,"boss_relics":[{"not_picked":[]}],"items_purged_floors":[8,11],"is_endless":false,"potions_floor_spawned":[7,10,13,16,24],"killed_by":"Centurion and Healer","ascension_level":0}