{"gold_per_floor":[109,34,109,128,128,164,164,199,223,247,267,285,285,318,318,442,442,462,362,362,375,413,451,451,475,475,489,510,841,264,264,264,385,385,409,742,755,770,781,810,468,468,518,576,283,283,318,22,22,22],"floor_reached":51,"playtime":4327,"items_purged":["Writhe","Strike_B","Decay","Strike_B"],"score":910,"play_id":"0fccebd9-393f-493e-bb4d-9af8cb1b0cb6","local_time":"20180717144121","is_ascension_mode":true,"campfire_choices":[{"data":"Chaos","floor":7.0,"key":"SMITH"},{"floor":13.0,"key":"REST"},{"data":"Chaos","floor":15.0,"key":"SMITH"},{"floor":24.0,"key":"REST"},{"data":"Defragment","floor":32.0,"key":"SMITH"},{"data":"Aggregate","floor":46,"key":"SMITH"},{"data":"Echo Form","floor":49,"key":"SMITH"}],"neow_cost":"CURSE","seed_source_timestamp":0,"circlet_count":0,"master_deck":["Strike_B","Strike_B","Defend_B+1","Defend_B","Defend_B","Zap+1","Dualcast","Core Surge","Stack","Chaos+1","Redo","Melter","Sweeping Beam","Chaos+1","Hologram","Defragment+1","Rainbow","Conserve Battery","Aggregate+1","Redo+1","Core Surge","Reprogram","Go for the Eyes+1","All For One","Madness","Echo Form+1","Gash+1","Hologram","Beam Cell+1","Gash","Defragment"],"special_seed":0,"relics":["Cracked Core","Vajra","Meat on the Bone","Boot","Unceasing Top","Nuclear Battery","Red Mask","Blood Vial","War Paint","Old Coin","Happy Flower","TheAbacus","Busted Crown","Dream Catcher","Lantern","Ancient Tea Set","Tiny Chest","Gambling Chip","Art of War","Lee\u0027s Waffle"],"potions_floor_usage":[33,44,50,50],"damage_taken":[{"damage":6.0,"enemies":"Jaw Worm","floor":1.0,"turns":2.0},{"damage":0.0,"enemies":"2 Louse","floor":4.0,"turns":2.0},{"damage":12.0,"enemies":"3 Sentries","floor":6.0,"turns":10.0},{"damage":33.0,"enemies":"Gremlin Nob","floor":8.0,"turns":5.0},{"damage":0.0,"enemies":"Cultist","floor":10.0,"turns":3.0},{"damage":15.0,"enemies":"Gremlin Gang","floor":11.0,"turns":3.0},{"damage":8.0,"enemies":"Looter","floor":12.0,"turns":2.0},{"damage":21.0,"enemies":"Lagavulin","floor":14.0,"turns":5.0},{"damage":20.0,"enemies":"The Guardian","floor":16.0,"turns":10.0},{"damage":12.0,"enemies":"3 Byrds","floor":18.0,"turns":3.0},{"damage":5.0,"enemies":"Chosen","floor":21.0,"turns":4.0},{"damage":30.0,"floor":22.0,"turns":4.0},{"damage":38.0,"enemies":"Gremlin Leader","floor":23.0,"turns":8.0},{"damage":7.0,"enemies":"Snecko","floor":25.0,"turns":4.0},{"damage":0.0,"enemies":"Sentry and Sphere","floor":27.0,"turns":3.0},{"damage":22.0,"enemies":"Cultist and Chosen","floor":28.0,"turns":8.0},{"damage":11.0,"enemies":"Slavers","floor":29.0,"turns":5.0},{"damage":0,"enemies":"Automaton","floor":33,"turns":6},{"damage":0,"enemies":"3 Darklings","floor":35,"turns":4},{"damage":0,"enemies":"3 Shapes","floor":37,"turns":3},{"damage":14,"enemies":"Maw","floor":38,"turns":7},{"damage":0,"enemies":"Sphere and 2 Shapes","floor":39,"turns":3},{"damage":2,"enemies":"2 Orb Walkers","floor":40,"turns":3},{"damage":13,"enemies":"Nemesis","floor":44,"turns":3},{"damage":0,"enemies":"2 Orb Walkers","floor":47,"turns":2},{"damage":27,"enemies":"Awakened One","floor":50,"turns":8}],"seed_played":"7300766889070339000","potions_obtained":[{"floor":4.0,"key":"SkillPotion"},{"floor":10.0,"key":"PowerPotion"},{"floor":11.0,"key":"Swift Potion"},{"floor":18.0,"key":"Energy Potion"},{"floor":21.0,"key":"SteroidPotion"},{"floor":27.0,"key":"LiquidBronze"},{"floor":33,"key":"LiquidBronze"},{"floor":39,"key":"Fire Potion"},{"floor":40,"key":"SteroidPotion"}],"is_trial":false,"path_per_floor":["M","$","?","M","?","E","R","E","T","M","M","M","R","E","R","B",null,"M","$","?","M","?","E","R","M","T","M","M","E","$","?","R","B",null,"M","?","M","M","M","E","$","?","T","E","$","R","E","$","R","B"],"character_chosen":"DEFECT","items_purchased":["Happy Flower","TheAbacus","Madness","Lantern","Hologram","Gambling Chip","Gash","Lee\u0027s Waffle","Defragment"],"campfire_rested":2,"item_purchase_floors":[30,30,30,41,41,45,48,48,48],"current_hp_per_floor":[69,69,58,58,58,46,46,13,13,25,22,26,48,39,39,31,75,63,63,63,58,40,14,36,43,43,45,37,40,40,65,65,67,75,75,75,75,61,63,63,63,63,63,52,52,52,54,82,82,55],"gold":22,"neow_bonus":"THREE_RARE_CARDS","is_prod":false,"is_daily":false,"chose_seed":false,"campfire_upgraded":5,"win_rate":0,"timestamp":1531809681,"path_taken":["M","$","?","?","?","E","R","E","T","M","M","M","R","E","R","BOSS","M","$","?","M","?","E","R","M","T","M","M","E","$","?","R","BOSS","M","?","M","M","M","E","?","?","T","E","?","R","E","$","R","BOSS"],"build_version":"2018-07-12","purchased_purges":4,"victory":true,"max_hp_per_floor":[75,75,75,75,75,75,75,75,75,75,75,75,75,75,75,75,75,75,75,75,75,75,75,75,75,75,75,75,75,75,75,75,75,75,75,75,75,75,75,75,75,75,75,75,75,75,75,82,82,82],"card_choices":[{"not_picked":["Biased Cognition","Seek"],"picked":"Core Surge","floor":0.0},{"not_picked":["Static Discharge","Steam"],"picked":"Stack","floor":1.0},{"not_picked":["Beam Cell","Ball Lightning"],"picked":"Chaos","floor":4.0},{"not_picked":["Barrage","Steam"],"picked":"Redo","floor":6.0},{"not_picked":["Rip and Tear","Steam Power"],"picked":"Melter","floor":8.0},{"not_picked":["Barrage","Leap"],"picked":"Sweeping Beam","floor":10.0},{"not_picked":["Heatsinks","Undo"],"picked":"Chaos","floor":11.0},{"not_picked":["Cold Snap","Streamline"],"picked":"Hologram","floor":12.0},{"not_picked":["Capacitor","Lockon"],"picked":"Defragment","floor":14.0},{"not_picked":["Machine Learning","Creative AI"],"picked":"Rainbow","floor":16.0},{"not_picked":["Leap","Compile Driver+1"],"picked":"Conserve Battery","floor":18.0},{"not_picked":["Turbo","Storm"],"picked":"Aggregate","floor":21.0},{"not_picked":["Consume","Compile Driver"],"picked":"Redo+1","floor":22.0},{"not_picked":["Turbo","Streamline"],"picked":"Core Surge","floor":23.0},{"not_picked":["Streamline","Steam Power"],"picked":"Reprogram","floor":25.0},{"not_picked":["Conserve Battery","Steam"],"picked":"Go for the Eyes+1","floor":27.0},{"not_picked":["Hello World+1","Stack","Turbo"],"picked":"SKIP","floor":28.0},{"not_picked":["Stack","Coolheaded"],"picked":"All For One","floor":29.0},{"not_picked":["All For One","Hyperbeam"],"picked":"Echo Form","floor":33},{"not_picked":[],"picked":"Gash+1","floor":35},{"not_picked":["Auto Shields"],"picked":"SKIP","floor":37},{"not_picked":["Auto Shields"],"picked":"SKIP","floor":38},{"not_picked":["Barrage"],"picked":"SKIP","floor":39},{"not_picked":["Recycle"],"picked":"SKIP","floor":40},{"not_picked":[],"picked":"Beam Cell+1","floor":44},{"not_picked":["Undo+1"],"picked":"SKIP","floor":47}],"player_experience":139157,"relics_obtained":[{"floor":6.0,"key":"Vajra"},{"floor":8.0,"key":"Meat on the Bone"},{"floor":9.0,"key":"Boot"},{"floor":14.0,"key":"Unceasing Top"},{"floor":22.0,"key":"Red Mask"},{"floor":23.0,"key":"Blood Vial"},{"floor":26.0,"key":"War Paint"},{"floor":29.0,"key":"Old Coin"},{"floor":40,"key":"Dream Catcher"},{"floor":43,"key":"Ancient Tea Set"},{"floor":44,"key":"Tiny Chest"},{"floor":47,"key":"Art of War"}],"event_choices":[{"event_name":"World of Goop","player_choice":"Gather Gold","floor":3.0,"damage_taken":0.0},{"event_name":"Golden Idol","player_choice":"Take Wound","floor":5.0,"damage_taken":0.0},{"event_name":"Wheel of Change","player_choice":"Curse","floor":20.0,"damage_taken":0.0},{"event_name":"Masked Bandits","player_choice":"Fought over 375 gold","floor":22.0,"damage_taken":0.0},{"event_name":"The Library","player_choice":"Heal","floor":31.0,"damage_taken":0.0},{"event_name":"The Moai Head","player_choice":"Gave Idol","floor":36,"damage_taken":0},{"event_name":"Falling","player_choice":"Removed Skill","floor":42,"damage_taken":0}],"boss_relics":[{"not_picked":["Lizard Tail","Pandora\u0027s Box"],"picked":"Nuclear Battery"},{"not_picked":["Velvet Choker","White Beast Statue"],"picked":"Busted Crown"}],"items_purged_floors":[2,19,30,41],"is_endless":false,"potions_floor_spawned":[4,10,11,18,21,27,33,39,40],"ascension_level":1}