{"gold_per_floor":[116,135,135,135,210,242,242,1,27,27,41,41,12,27,27,105,105,117,32,32,45,20,20],"floor_reached":23,"playtime":689,"items_purged":[],"score":424,"play_id":"b3eb39f2-2ef2-414a-9894-782bf2b0b264","local_time":"20190622201158","is_ascension_mode":true,"campfire_choices":[{"data":"Bouncing Flask","floor":7,"key":"SMITH"},{"data":"Footwork","floor":15,"key":"SMITH"}],"neow_cost":"NONE","seed_source_timestamp":198807979892356,"circlet_count":0,"master_deck":["AscendersBane","Defend_G+1","Defend_G+1","Defend_G","Defend_G","Defend_G","Strike_G","Strike_G","Strike_G","Strike_G","Strike_G","Survivor","Neutralize","Footwork+1","Bouncing Flask+1","Footwork+1","Flying Knee+1","Dodge and Roll","Adrenaline","Noxious Fumes","Backflip"],"relics":["Ring of the Serpent","NeowsBlessing","Torii","Pantograph","War Paint","Oddly Smooth Stone","Molten Egg 2","Centennial Puzzle"],"potions_floor_usage":[16,21,23,23],"damage_taken":[{"damage":0,"enemies":"Small Slimes","floor":1,"turns":1},{"damage":0,"enemies":"Jaw Worm","floor":2,"turns":1},{"damage":0,"enemies":"Gremlin Nob","floor":6,"turns":1},{"damage":0,"enemies":"2 Louse","floor":11,"turns":4},{"damage":0,"enemies":"Looter","floor":14,"turns":4},{"damage":37,"enemies":"Slime Boss","floor":16,"turns":17},{"damage":2,"enemies":"Shell Parasite","floor":18,"turns":7},{"damage":3,"enemies":"3 Byrds","floor":21,"turns":6},{"damage":52,"enemies":"Slavers","floor":23,"turns":6}],"seed_played":"-414900225956934431","potions_obtained":[{"floor":1,"key":"Explosive Potion"},{"floor":6,"key":"GhostInAJar"},{"floor":18,"key":"Weak Potion"},{"floor":21,"key":"Ancient Potion"}],"is_trial":false,"path_per_floor":["M","M","?","?","?","E","R","$","T","T","M","$","$","M","R","B",null,"M","?","?","M","$","E"],"character_chosen":"THE_SILENT","items_purchased":["Footwork","War Paint","Flying Knee+1","Backflip"],"campfire_rested":0,"item_purchase_floors":[8,8,13,22],"current_hp_per_floor":[59,59,41,41,30,30,30,30,30,30,30,30,30,30,30,18,54,52,52,52,49,49,0],"gold":20,"neow_bonus":"THREE_ENEMY_KILL","is_prod":false,"is_daily":false,"chose_seed":false,"campfire_upgraded":2,"win_rate":0,"timestamp":1561227118,"path_taken":["M","M","?","?","?","E","R","$","T","?","M","?","$","M","R","BOSS","M","?","?","M","$","E"],"build_version":"2019-01-23","purchased_purges":0,"victory":false,"max_hp_per_floor":[66,66,66,66,66,66,66,66,66,66,66,66,66,66,66,66,66,66,66,66,66,66,66],"card_choices":[{"not_picked":["Reflex","Sucker Punch"],"picked":"Footwork","floor":1},{"not_picked":["Outmaneuver","Dodge and Roll"],"picked":"Bouncing Flask","floor":2},{"not_picked":["Night Terror","Dagger Throw","Dagger Spray"],"picked":"SKIP","floor":6},{"not_picked":["Flechettes+1","Bane+1","Underhanded Strike+1"],"picked":"SKIP","floor":11},{"not_picked":["Acrobatics","Slice+1"],"picked":"Dodge and Roll","floor":14},{"not_picked":["Bullet Time","Malaise"],"picked":"Adrenaline","floor":16},{"not_picked":["Dagger Throw+1","Outmaneuver+1","Escape Plan"],"picked":"SKIP","floor":18},{"not_picked":["Blade Dance","Tactician","Sucker Punch+1"],"picked":"SKIP","floor":21}],"player_experience":898622,"relics_obtained":[{"floor":6,"key":"Pantograph"},{"floor":9,"key":"Oddly Smooth Stone"},{"floor":10,"key":"Molten Egg 2"}],"event_choices":[{"damage_healed":0,"gold_gain":0,"player_choice":"Success","damage_taken":18,"relics_obtained":["Torii"],"max_hp_gain":0,"max_hp_loss":0,"event_name":"Scrap Ooze","floor":3,"gold_loss":0},{"damage_healed":0,"gold_gain":0,"player_choice":"Grow","damage_taken":0,"max_hp_gain":0,"max_hp_loss":0,"event_name":"Living Wall","floor":4,"gold_loss":0,"cards_upgraded":["Footwork"]},{"damage_healed":0,"gold_gain":75,"player_choice":"Gather Gold","damage_taken":11,"max_hp_gain":0,"max_hp_loss":0,"event_name":"World of Goop","floor":5,"gold_loss":0},{"damage_healed":0,"gold_gain":0,"player_choice":"Obtained Relic","damage_taken":0,"relics_obtained":["Centennial Puzzle"],"max_hp_gain":0,"max_hp_loss":0,"event_name":"Addict","floor":19,"gold_loss":85},{"damage_healed":0,"gold_gain":0,"player_choice":"Read","damage_taken":0,"max_hp_gain":0,"max_hp_loss":0,"event_name":"The Library","floor":20,"gold_loss":0,"cards_obtained":["Noxious Fumes"]}],"is_beta":false,"boss_relics":[{"not_picked":["Empty Cage","Lizard Tail"],"picked":"Ring of the Serpent"}],"items_purged_floors":[],"is_endless":false,"potions_floor_spawned":[1,6,18,21],"killed_by":"Slavers","ascension_level":20}