{"gold_per_floor":[13,13,13,26,44,77,77,87,114,39,51,64,99,99],"floor_reached":14,"playtime":1127,"items_purged":["Strike_B"],"score":102,"play_id":"c4cb06e8-0642-43ca-b711-bf2434ae0343","local_time":"20180704204844","is_ascension_mode":false,"campfire_choices":[],"neow_cost":"NO_GOLD","seed_source_timestamp":1453093730822,"circlet_count":0,"master_deck":["Strike_B","Strike_B","Strike_B","Defend_B","Defend_B","Defend_B","Defend_B","Zap","Dualcast","Reboot","Conserve Battery","White Noise","Gash","Skim","Beam Cell","Turbo"],"relics":["Cracked Core","Bag of Marbles","Regal Pillow","Boot","Molten Egg 2"],"potions_floor_usage":[8,13,13],"damage_taken":[{"damage":6,"enemies":"Jaw Worm","floor":1,"turns":3},{"damage":0,"enemies":"Cultist","floor":4,"turns":4},{"damage":0,"enemies":"Small Slimes","floor":5,"turns":3},{"damage":28,"enemies":"Lagavulin","floor":6,"turns":6},{"damage":7,"enemies":"Exordium Thugs","floor":8,"turns":2},{"damage":7,"enemies":"3 Louse","floor":11,"turns":4},{"damage":5,"enemies":"Looter","floor":12,"turns":4},{"damage":4,"enemies":"3 Sentries","floor":13,"turns":6},{"damage":13,"enemies":"Exordium Wildlife","floor":14,"turns":1}],"seed_played":"-2275200740106943453","potions_obtained":[{"floor":5,"key":"GamblersBrew"},{"floor":6,"key":"FearPotion"},{"floor":11,"key":"SpeedPotion"},{"floor":12,"key":"EssenceOfSteel"}],"is_trial":false,"path_per_floor":["M","?","?","M","M","E","?","M","T","$","M","M","E"],"character_chosen":"DEFECT","items_purchased":[],"campfire_rested":0,"item_purchase_floors":[],"current_hp_per_floor":[69,69,69,69,69,41,23,16,16,16,16,11,7,0],"gold":99,"neow_bonus":"THREE_RARE_CARDS","is_prod":false,"is_daily":false,"chose_seed":false,"campfire_upgraded":0,"win_rate":0,"timestamp":1530708524,"path_taken":["M","?","?","M","M","E","?","?","T","?","M","?","E","M"],"build_version":"2018-06-28","purchased_purges":1,"victory":false,"max_hp_per_floor":[75,75,75,75,75,75,75,75,75,75,75,75,75,75],"card_choices":[{"not_picked":["Rainbow","Machine Learning"],"picked":"Reboot","floor":0},{"not_picked":["Steam Power","Sweeping Beam"],"picked":"Conserve Battery","floor":1},{"not_picked":["Hello World","Darkness"],"picked":"White Noise","floor":4},{"not_picked":["Steam Power","Coolheaded"],"picked":"Gash","floor":5},{"not_picked":["Cold Snap","Multi-Cast"],"picked":"Skim","floor":6},{"not_picked":["Ball Lightning","Cold Snap","Storm"],"picked":"SKIP","floor":8},{"not_picked":["Leap","Cold Snap"],"picked":"Beam Cell","floor":11},{"not_picked":["Barrage","Electrodynamics","Ball Lightning"],"picked":"SKIP","floor":12},{"not_picked":["Redo","Seek"],"picked":"Turbo","floor":13}],"player_experience":59796,"relics_obtained":[{"floor":6,"key":"Bag of Marbles"},{"floor":9,"key":"Boot"},{"floor":13,"key":"Molten Egg 2"}],"event_choices":[{"event_name":"The Cleric","player_choice":"Leave","floor":2,"damage_taken":0},{"event_name":"Shining Light","player_choice":"Ignored","floor":3,"damage_taken":0},{"event_name":"Scrap Ooze","player_choice":"success","floor":7,"damage_taken":18}],"boss_relics":[],"items_purged_floors":[10],"is_endless":false,"potions_floor_spawned":[5,6,11,12],"killed_by":"Exordium Wildlife","ascension_level":0}