{"gold_per_floor":[117,131,131,147,167,197,197,207,207,207,207,223,240,251,251,251],"floor_reached":16,"playtime":769,"items_purged":[],"score":131,"play_id":"777b653f-249f-416a-b382-220de265ccdc","local_time":"20190920233359","is_ascension_mode":false,"campfire_choices":[{"floor":7,"key":"REST"},{"floor":10,"key":"REST"},{"floor":15,"key":"REST"}],"neow_cost":"NONE","seed_source_timestamp":7997100875494,"circlet_count":0,"master_deck":["Strike_P","Strike_P","Strike_P","Defend_P","Defend_P","Defend_P","Defend_P","Eruption+1","Vigilance","JustLucky","CutThroughFate","CutThroughFate","Wallop","TalkToTheHand","Consecrate","JustLucky","CutThroughFate","CutThroughFate"],"relics":["SacredBark","Vajra","Dodecahedron"],"potions_floor_usage":[16],"damage_taken":[{"damage":1,"enemies":"2 Louse","floor":1,"turns":2},{"damage":0,"enemies":"Small Slimes","floor":2,"turns":3},{"damage":0,"enemies":"Cultist","floor":4,"turns":2},{"damage":0,"enemies":"3 Louse","floor":5,"turns":2},{"damage":50,"enemies":"Lagavulin","floor":6,"turns":5},{"damage":9,"enemies":"Lots of Slimes","floor":8,"turns":3},{"damage":9,"enemies":"Large Slime","floor":12,"turns":4},{"damage":4,"enemies":"Red Slaver","floor":13,"turns":2},{"damage":0,"enemies":"3 Louse","floor":14,"turns":1},{"damage":42,"enemies":"The Guardian","floor":16,"turns":10}],"seed_played":"3944956729190499636","potions_obtained":[{"floor":6,"key":"PowerPotion"},{"floor":8,"key":"SpeedPotion"},{"floor":12,"key":"SneckoOil"},{"floor":14,"key":"GamblersBrew"}],"is_trial":false,"path_per_floor":["M","M","?","M","M","E","R","M","T","R","?","M","M","M","R","B"],"character_chosen":"WATCHER","items_purchased":[],"campfire_rested":3,"item_purchase_floors":[],"current_hp_per_floor":[64,64,57,57,57,7,26,17,17,36,36,27,23,23,42,0],"gold":251,"neow_bonus":"BOSS_RELIC","is_prod":false,"is_daily":false,"chose_seed":false,"campfire_upgraded":0,"win_rate":0.0,"timestamp":1568990039,"path_taken":["M","M","?","M","M","E","R","M","T","R","?","?","M","M","R","BOSS"],"build_version":"2019-09-19","purchased_purges":0,"victory":false,"max_hp_per_floor":[65,65,65,65,65,65,65,65,65,65,65,65,65,65,65,65],"card_choices":[{"not_picked":["Sanctity","Halt"],"picked":"JustLucky","floor":1},{"not_picked":["CrushJoints","Tantrum"],"picked":"CutThroughFate","floor":2},{"not_picked":["ClearTheMind","FlyingSleeves"],"picked":"CutThroughFate","floor":4},{"not_picked":["Prostrate","FollowUp"],"picked":"Wallop","floor":5},{"not_picked":["Weave","Devotion"],"picked":"TalkToTheHand","floor":6},{"not_picked":["ThirdEye","JustLucky"],"picked":"Consecrate","floor":8},{"not_picked":["Unraveling","DeceiveReality"],"picked":"JustLucky","floor":12},{"not_picked":["BowlingBash","Weave"],"picked":"CutThroughFate","floor":13},{"not_picked":["WreathOfFlame","WindmillStrike"],"picked":"CutThroughFate","floor":14}],"player_experience":497479,"relics_obtained":[{"floor":6,"key":"Vajra"},{"floor":9,"key":"Dodecahedron"}],"event_choices":[{"cards_removed":["Strike_P"],"damage_healed":0,"gold_gain":0,"player_choice":"Card Removal","damage_taken":7,"max_hp_gain":0,"max_hp_loss":0,"event_name":"Golden Wing","floor":3,"gold_loss":0},{"damage_healed":0,"gold_gain":0,"player_choice":"Upgraded","damage_taken":0,"max_hp_gain":0,"max_hp_loss":0,"event_name":"Upgrade Shrine","floor":11,"gold_loss":0,"cards_upgraded":["Eruption"]}],"is_beta":true,"boss_relics":[],"items_purged_floors":[],"is_endless":false,"potions_floor_spawned":[6,8,12,14],"killed_by":"The Guardian","ascension_level":0}