{"gold_per_floor":[118,118,133,147,157,157,186,197,197,197,232,251,263,283,283,384,384,399,399,399,411,187,187,197,229,252,283,293,308,324,341,341,444,444,458,307,323,79,96,96,109,109],"floor_reached":42,"playtime":3977,"items_purged":["Strike_G","Strike_G"],"score":775,"play_id":"3eaec9a7-6cd7-4077-9f9d-a1c7730b83ff","local_time":"20191021213822","is_ascension_mode":true,"campfire_choices":[{"data":"Neutralize","floor":6.0,"key":"SMITH"},{"data":"Acrobatics","floor":10.0,"key":"SMITH"},{"floor":15.0,"key":"REST"},{"floor":23.0,"key":"REST"},{"floor":32.0,"key":"REST"},{"floor":40.0,"key":"REST"}],"neow_cost":"NONE","seed_source_timestamp":510200426479,"circlet_count":0,"master_deck":["AscendersBane","Strike_G","Strike_G","Defend_G","Defend_G","Defend_G","Defend_G+1","Defend_G","Survivor","Neutralize+1","Dagger Throw","After Image","Eviscerate","Prepared","Blade Dance","Underhanded Strike","Tactician","Acrobatics+1","Prepared+1","Choke","Deflect","A Thousand Cuts","Underhanded Strike","Prepared+1","Cloak And Dagger+1","Prepared+1","Acrobatics","Tactician","Finisher+1","Quick Slash","Accuracy+1","Unload","Underhanded Strike+1","Acrobatics+1","Reflex+1","Dagger Throw+1","Blade Dance+1","Adrenaline","Quick Slash+1"],"special_seed":0,"relics":["Ring of the Snake","Art of War","Dodecahedron","InkBottle","Fusion Hammer","War Paint","Blue Candle","Strawberry","Prayer Wheel","Runic Pyramid","Pantograph"],"potions_floor_usage":[],"damage_taken":[{"damage":7.0,"enemies":"Jaw Worm","floor":1.0,"turns":5.0},{"damage":2.0,"enemies":"Cultist","floor":3.0,"turns":4.0},{"damage":4.0,"enemies":"Small Slimes","floor":4.0,"turns":4.0},{"damage":3.0,"enemies":"Looter","floor":5.0,"turns":4.0},{"damage":27.0,"enemies":"3 Sentries","floor":7.0,"turns":14.0},{"damage":3.0,"enemies":"Exordium Thugs","floor":8.0,"turns":5.0},{"damage":0.0,"enemies":"Gremlin Nob","floor":11.0,"turns":2.0},{"damage":3.0,"enemies":"Red Slaver","floor":12.0,"turns":5.0},{"damage":7.0,"enemies":"Lots of Slimes","floor":13.0,"turns":4.0},{"damage":7.0,"enemies":"Exordium Wildlife","floor":14.0,"turns":5.0},{"damage":24.0,"enemies":"Hexaghost","floor":16.0,"turns":15.0},{"damage":9.0,"enemies":"2 Thieves","floor":18.0,"turns":4.0},{"damage":18.0,"enemies":"Spheric Guardian","floor":21.0,"turns":4.0},{"damage":12.0,"enemies":"Centurion and Healer","floor":24.0,"turns":5.0},{"damage":11.0,"enemies":"Slavers","floor":25.0,"turns":6.0},{"damage":16.0,"enemies":"Book of Stabbing","floor":27.0,"turns":5.0},{"damage":2.0,"enemies":"3 Cultists","floor":28.0,"turns":4.0},{"damage":1.0,"enemies":"Cultist and Chosen","floor":29.0,"turns":3.0},{"damage":0.0,"enemies":"Centurion and Healer","floor":30.0,"turns":3.0},{"damage":17.0,"enemies":"3 Cultists","floor":31.0,"turns":5.0},{"damage":75.0,"enemies":"Champ","floor":33.0,"turns":9.0},{"damage":29.0,"enemies":"3 Darklings","floor":35.0,"turns":3.0},{"damage":2.0,"enemies":"Orb Walker","floor":37.0,"turns":3.0},{"damage":30.0,"enemies":"Writhing Mass","floor":39.0,"turns":7.0},{"damage":20.0,"enemies":"4 Shapes","floor":41.0,"turns":4.0},{"damage":14,"enemies":"Nemesis","floor":42,"turns":3}],"seed_played":"-28436943214004224","potions_obtained":[{"floor":3.0,"key":"FairyPotion"},{"floor":7.0,"key":"AttackPotion"},{"floor":8.0,"key":"FearPotion"},{"floor":11.0,"key":"DistilledChaos"},{"floor":12.0,"key":"LiquidMemories"},{"floor":16.0,"key":"GamblersBrew"},{"floor":18.0,"key":"Energy Potion"},{"floor":27.0,"key":"Dexterity Potion"},{"floor":28.0,"key":"Energy Potion"},{"floor":31.0,"key":"FearPotion"},{"floor":41.0,"key":"DuplicationPotion"}],"is_trial":false,"path_per_floor":["M","?","M","M","M","R","E","M","T","R","E","M","M","M","R","B",null,"M","?","?","M","$","R","M","E","T","E","M","M","M","M","R","B",null,"M","$","M","$","M","R","M","E"],"character_chosen":"THE_SILENT","items_purchased":["War Paint","Swift Potion","Pantograph"],"campfire_rested":4,"item_purchase_floors":[22,36,38],"current_hp_per_floor":[63,63,61,57,54,54,27,24,24,24,24,21,14,7,30,6,59,50,50,50,32,32,55,43,32,39,23,21,20,20,3,28,6,65,36,36,34,34,4,29,9,0],"gold":109,"neow_bonus":"TEN_PERCENT_HP_BONUS","is_prod":false,"is_daily":false,"chose_seed":false,"campfire_upgraded":2,"win_rate":0,"timestamp":1571661502,"path_taken":["M","?","M","M","M","R","E","M","T","R","E","?","M","M","R","BOSS","M","?","?","M","$","R","M","E","T","E","M","M","M","?","R","BOSS","M","?","?","$","M","R","M","E"],"build_version":"2019-10-18","purchased_purges":2,"victory":false,"max_hp_per_floor":[77,77,77,77,77,77,77,77,77,77,77,77,77,77,77,77,77,77,77,77,77,77,77,77,77,84,84,84,84,84,84,84,84,84,84,84,84,84,84,84,84,84],"card_choices":[{"not_picked":["Acrobatics","Quick Slash"],"picked":"Dagger Throw","floor":1.0},{"not_picked":["Blur","Concentrate"],"picked":"Prepared","floor":3.0},{"not_picked":["Blur","Endless Agony"],"picked":"Blade Dance","floor":4.0},{"not_picked":["Backflip","Flying Knee"],"picked":"Underhanded Strike","floor":5.0},{"not_picked":["Burst","Dodge and Roll"],"picked":"Tactician","floor":7.0},{"not_picked":["Endless Agony","Setup"],"picked":"Acrobatics","floor":8.0},{"not_picked":["Dagger Spray","Predator","Bane"],"picked":"SKIP","floor":11.0},{"not_picked":["Sucker Punch","Catalyst"],"picked":"Prepared","floor":12.0},{"not_picked":["Skewer","Deflect"],"picked":"Choke","floor":13.0},{"not_picked":["Accuracy","Blade Dance"],"picked":"Deflect","floor":14.0},{"not_picked":["Bullet Time","Die Die Die"],"picked":"A Thousand Cuts","floor":16.0},{"not_picked":["Infinite Blades","Finisher"],"picked":"Underhanded Strike","floor":18.0},{"not_picked":["Deflect","Backstab"],"picked":"Prepared+1","floor":21.0},{"not_picked":["Setup+1","Infinite Blades+1"],"picked":"Cloak And Dagger+1","floor":24.0},{"not_picked":["Prepared","Sucker Punch","Caltrops+1"],"picked":"SKIP","floor":25.0},{"not_picked":["All Out Attack","Setup","Bane"],"picked":"SKIP","floor":27.0},{"not_picked":["Heel Hook","Blade Dance"],"picked":"Prepared+1","floor":28.0},{"not_picked":["Prepared+1","Malaise"],"picked":"Acrobatics","floor":28.0},{"not_picked":["PiercingWail","Blade Dance"],"picked":"Tactician","floor":29.0},{"not_picked":["Bane","Skewer","Blur+1"],"picked":"SKIP","floor":29.0},{"not_picked":["Blur","Quick Slash+1"],"picked":"Finisher+1","floor":30.0},{"not_picked":["Blur+1","Flying Knee"],"picked":"Quick Slash","floor":30.0},{"not_picked":["All Out Attack","Tactician"],"picked":"Accuracy+1","floor":31.0},{"not_picked":["Flying Knee","Noxious Fumes","Finisher"],"picked":"SKIP","floor":31.0},{"not_picked":["Grand Finale","Bullet Time"],"picked":"Unload","floor":33.0},{"not_picked":["Slice","PiercingWail+1"],"picked":"Underhanded Strike+1","floor":35.0},{"not_picked":["Heel Hook","Well Laid Plans","PiercingWail+1"],"picked":"SKIP","floor":35.0},{"not_picked":["Heel Hook+1","Slice+1"],"picked":"Acrobatics+1","floor":37.0},{"not_picked":["Flying Knee+1","Escape Plan+1"],"picked":"Reflex+1","floor":37.0},{"not_picked":["Slice","Endless Agony"],"picked":"Dagger Throw+1","floor":39.0},{"not_picked":["Dagger Throw","Masterful Stab+1"],"picked":"Blade Dance+1","floor":39.0},{"not_picked":["Cloak And Dagger+1","Dagger Spray"],"picked":"Adrenaline","floor":41.0},{"not_picked":["Poisoned Stab","Prepared+1"],"picked":"Quick Slash+1","floor":41.0}],"player_experience":614732,"relics_obtained":[{"floor":7.0,"key":"Art of War"},{"floor":9.0,"key":"Dodecahedron"},{"floor":11.0,"key":"InkBottle"},{"floor":25.0,"key":"Blue Candle"},{"floor":26.0,"key":"Strawberry"},{"floor":27.0,"key":"Prayer Wheel"}],"event_choices":[{"damage_healed":0.0,"max_hp_gain":0.0,"max_hp_loss":0.0,"gold_gain":0.0,"event_name":"Match and Keep!","player_choice":"2 cards matched","floor":2.0,"gold_loss":0.0,"damage_taken":0.0,"cards_obtained":["After Image","Eviscerate"]},{"cards_removed":["Strike_G"],"damage_healed":0.0,"max_hp_gain":0.0,"max_hp_loss":0.0,"gold_gain":0.0,"event_name":"Back to Basics","player_choice":"Elegance","floor":19.0,"gold_loss":0.0,"damage_taken":0.0},{"damage_healed":0.0,"max_hp_gain":0.0,"max_hp_loss":0.0,"gold_gain":0.0,"event_name":"The Woman in Blue","player_choice":"Bought 0 Potions","floor":20.0,"gold_loss":0.0,"damage_taken":0.0}],"is_beta":true,"boss_relics":[{"not_picked":["Tiny House","Coffee Dripper"],"picked":"Fusion Hammer"},{"not_picked":["Cursed Key","Runic Dome"],"picked":"Runic Pyramid"}],"items_purged_floors":[22,36],"is_endless":false,"potions_floor_spawned":[3,7,8,11,12,16,18,27,28,31,41],"killed_by":"Nemesis","ascension_level":10}