{"gold_per_floor":[119,119,138,138,63,94,94,113,136,164,190,190,265,216,216,315,315,329,130,142,65,79,113,125,137,137,157,175,175,175,209,209,312,312,329,348,366,366,386,411,411,436,436,450,450,55,83,102,102,102],"floor_reached":51,"playtime":2390,"items_purged":["Strike_R","Defend_R"],"score":887,"play_id":"ec17760f-1b7d-4d06-bd11-6c4459f85d73","local_time":"20180810214856","is_ascension_mode":false,"campfire_choices":[{"data":"Clash","floor":7.0,"key":"SMITH"},{"floor":12.0,"key":"REST"},{"data":"True Grit","floor":15.0,"key":"SMITH"},{"data":"Body Slam","floor":30.0,"key":"SMITH"},{"data":"J.A.X.","floor":32.0,"key":"SMITH"},{"data":"Normality","floor":45,"key":"PURGE"},{"floor":49,"key":"REST"}],"neow_cost":"PERCENT_DAMAGE","seed_source_timestamp":426066092920,"circlet_count":0,"master_deck":["Strike_R+1","Strike_R","Strike_R+1","Strike_R","Defend_R","Defend_R","Defend_R","Bash","Havoc+1","Clash+1","True Grit+1","Berserk","Good Instincts","Clash","J.A.X.+1","Body Slam+1","Rage","Blood for Blood+1","Offering","Headbutt+1","Flex+1","Clash+1","Anger","Rampage","Apotheosis","Shrug It Off+1","Rage"],"special_seed":0,"relics":["Burning Blood","Unceasing Top","Bronze Scales","Bottled Flame","Red Skull","Whetstone","Bag of Marbles","Cursed Key","Dream Catcher","Strawberry","Black Star","Mango","Nunchaku","Vajra","Ancient Tea Set","Peace Pipe","HandDrill","Oddly Smooth Stone","Juzu Bracelet"],"potions_floor_usage":[44,47,50,50,50,50,50],"damage_taken":[{"damage":10.0,"enemies":"Small Slimes","floor":1.0,"turns":4.0},{"damage":1.0,"enemies":"Jaw Worm","floor":3.0,"turns":3.0},{"damage":24.0,"enemies":"Gremlin Nob","floor":6.0,"turns":4.0},{"damage":0.0,"enemies":"Cultist","floor":8.0,"turns":3.0},{"damage":21.0,"enemies":"Lagavulin","floor":10.0,"turns":4.0},{"damage":37.0,"enemies":"Hexaghost","floor":16.0,"turns":9.0},{"damage":5.0,"enemies":"Spheric Guardian","floor":18.0,"turns":3.0},{"damage":5.0,"enemies":"Shell Parasite","floor":20.0,"turns":3.0},{"damage":3.0,"enemies":"3 Cultists","floor":22.0,"turns":4.0},{"damage":3.0,"enemies":"Book of Stabbing","floor":23.0,"turns":3.0},{"damage":8.0,"enemies":"Cultist and Chosen","floor":24.0,"turns":3.0},{"damage":3.0,"enemies":"Snake Plant","floor":25.0,"turns":2.0},{"damage":3.0,"enemies":"3 Cultists","floor":27.0,"turns":3.0},{"damage":17.0,"enemies":"Chosen and Byrds","floor":28.0,"turns":3.0},{"damage":3.0,"enemies":"Gremlin Leader","floor":31.0,"turns":3.0},{"damage":23.0,"enemies":"Collector","floor":33.0,"turns":4.0},{"damage":16.0,"enemies":"3 Darklings","floor":35.0,"turns":3.0},{"damage":9.0,"enemies":"Flame Bruiser 1 Orb","floor":36.0,"turns":3.0},{"damage":9.0,"enemies":"Transient","floor":37.0,"turns":5.0},{"damage":9.0,"enemies":"Spire Growth","floor":39.0,"turns":1.0},{"damage":11.0,"enemies":"Nemesis","floor":40.0,"turns":3.0},{"damage":24.0,"enemies":"2 Orb Walkers","floor":42.0,"turns":3.0},{"damage":29,"enemies":"4 Shapes","floor":44,"turns":3},{"damage":9,"enemies":"Nemesis","floor":47,"turns":2},{"damage":9,"enemies":"Flame Bruiser 2 Orb","floor":48,"turns":2},{"damage":18,"enemies":"Time Eater","floor":50,"turns":4}],"seed_played":"2258115957170971330","potions_obtained":[{"floor":6.0,"key":"Regen Potion"},{"floor":16.0,"key":"Block Potion"},{"floor":20.0,"key":"Energy Potion"},{"floor":22.0,"key":"Dexterity Potion"},{"floor":25.0,"key":"GamblersBrew"},{"floor":27.0,"key":"Block Potion"},{"floor":35.0,"key":"Weak Potion"},{"floor":37.0,"key":"Strength Potion"},{"floor":39.0,"key":"LiquidBronze"},{"floor":41.0,"key":"EntropicBrew"},{"floor":44,"key":"Block Potion"}],"is_trial":false,"path_per_floor":["M","?","M","?","$","E","R","M","T","E","T","R","?","$","R","B",null,"M","$","M","?","M","E","M","M","T","M","M","?","R","E","R","B",null,"M","M","M","?","M","E","?","E","T","M","R","$","E","M","R","B"],"character_chosen":"IRONCLAD","items_purchased":["True Grit","Good Instincts","Apotheosis","HandDrill"],"campfire_rested":2,"item_purchase_floors":[14,19,46,46],"current_hp_per_floor":[52,45,50,50,50,32,32,38,38,23,23,47,36,36,36,10,80,80,80,80,80,80,80,78,80,80,80,69,69,69,79,79,62,87,77,74,71,71,68,77,77,59,59,36,36,36,33,30,60,60],"gold":102,"neow_bonus":"ONE_RARE_RELIC","is_prod":false,"is_daily":false,"chose_seed":false,"campfire_upgraded":4,"win_rate":0,"timestamp":1533908936,"path_taken":["M","?","M","?","$","E","R","?","T","E","?","R","?","?","R","BOSS","M","$","M","?","M","E","M","M","T","M","M","?","R","E","R","BOSS","M","M","M","?","M","E","?","E","T","?","R","$","E","M","R","BOSS"],"build_version":"2018-08-09","purchased_purges":2,"victory":true,"max_hp_per_floor":[80,80,80,80,80,80,80,80,80,80,80,80,80,80,80,80,80,80,80,80,80,80,80,80,80,80,80,80,80,80,87,87,87,87,87,87,87,87,87,101,101,101,101,101,101,101,101,101,101,101],"card_choices":[{"not_picked":["Thunderclap","Rupture"],"picked":"Havoc","floor":1.0},{"not_picked":["Spot Weakness","Clothesline","Iron Wave"],"picked":"SKIP","floor":3.0},{"not_picked":["Evolve","Body Slam"],"picked":"Clash","floor":6.0},{"not_picked":["Ghostly Armor","Clothesline","Hemokinesis"],"picked":"SKIP","floor":8.0},{"not_picked":["Wild Strike","Perfected Strike","Shrug It Off"],"picked":"SKIP","floor":10.0},{"not_picked":["Feed","Reaper"],"picked":"Berserk","floor":16.0},{"not_picked":["Dropkick","Twin Strike","Cleave"],"picked":"SKIP","floor":18.0},{"not_picked":["Cleave+1","True Grit"],"picked":"Clash","floor":20.0},{"not_picked":["Sword Boomerang","Iron Wave+1","Corruption+1"],"picked":"SKIP","floor":22.0},{"not_picked":["Clothesline","Rampage+1","Exhume"],"picked":"SKIP","floor":23.0},{"not_picked":["Twin Strike","Flame Barrier","Dual Wield"],"picked":"SKIP","floor":24.0},{"not_picked":["Uppercut+1","Reckless Charge","Iron Wave"],"picked":"SKIP","floor":25.0},{"not_picked":["Hemokinesis","Wild Strike"],"picked":"Body Slam","floor":27.0},{"not_picked":["Wild Strike","Pommel Strike"],"picked":"Rage","floor":28.0},{"not_picked":["Heavy Blade","Dual Wield"],"picked":"Blood for Blood+1","floor":31.0},{"not_picked":["Dark Embrace","Reaper"],"picked":"Offering","floor":33.0},{"not_picked":["Wild Strike","Heavy Blade+1"],"picked":"Headbutt+1","floor":35.0},{"not_picked":["Warcry+1","Perfected Strike"],"picked":"Flex+1","floor":36.0},{"not_picked":["Iron Wave","Shrug It Off"],"picked":"Clash+1","floor":37.0},{"not_picked":["Reckless Charge+1","Feed","Hemokinesis+1"],"picked":"SKIP","floor":39.0},{"not_picked":["Sword Boomerang+1","Second Wind"],"picked":"Anger","floor":40.0},{"not_picked":["Perfected Strike+1","Berserk"],"picked":"Rampage","floor":42.0},{"not_picked":["Cleave","Thunderclap","Spot Weakness"],"picked":"SKIP","floor":44},{"not_picked":["Pummel","Sword Boomerang+1"],"picked":"Shrug It Off+1","floor":47},{"not_picked":["Shrug It Off","Shockwave+1","Sword Boomerang+1"],"picked":"SKIP","floor":48},{"not_picked":["Cleave","Bloodletting+1"],"picked":"Rage","floor":49}],"player_experience":263080,"relics_obtained":[{"floor":6.0,"key":"Bottled Flame"},{"floor":9.0,"key":"Red Skull"},{"floor":10.0,"key":"Whetstone"},{"floor":11.0,"key":"Bag of Marbles"},{"floor":23.0,"key":"Dream Catcher"},{"floor":31.0,"key":"Strawberry"},{"floor":40.0,"key":"Mango"},{"floor":40.0,"key":"Nunchaku"},{"floor":42.0,"key":"Vajra"},{"floor":42.0,"key":"Ancient Tea Set"},{"floor":43,"key":"Peace Pipe"},{"floor":47,"key":"Oddly Smooth Stone"},{"floor":47,"key":"Juzu Bracelet"}],"event_choices":[{"event_name":"Scrap Ooze","player_choice":"success","floor":2.0,"damage_taken":7.0},{"event_name":"Upgrade Shrine","player_choice":"Upgraded","floor":4.0,"damage_taken":0.0},{"event_name":"World of Goop","player_choice":"Gather Gold","floor":13.0,"damage_taken":0.0},{"event_name":"Drug Dealer","player_choice":"Got JAXXED","floor":21.0,"damage_taken":0.0},{"event_name":"The Mausoleum","player_choice":"No","floor":29.0,"damage_taken":0.0},{"event_name":"Tomb of Lord Red Mask","player_choice":"Ignored","floor":38.0,"damage_taken":0.0},{"event_name":"The Lab","player_choice":"Got Potions","floor":41.0,"damage_taken":0.0}],"is_beta":false,"boss_relics":[{"not_picked":["Empty Cage","Tiny House"],"picked":"Cursed Key"},{"not_picked":["Snecko Eye","Fusion Hammer"],"picked":"Black Star"}],"items_purged_floors":[5,19],"is_endless":false,"potions_floor_spawned":[6,16,20,22,25,27,35,37,39,44],"ascension_level":0}