{"gold_per_floor":[109,284,284,302,252,252,252,252,278,101,125,125,149,182,182,313,313,329,347,446,446,459,459,45,45,72,115,127,158,210,74,74,195,195,219,233,233,257,257],"floor_reached":39,"playtime":2556,"items_purged":["Strike_B","Strike_B","Defend_B"],"score":677,"play_id":"6d9b6280-ed18-4018-9c02-6b2acee098c7","local_time":"20831003102627","is_ascension_mode":true,"campfire_choices":[{"data":"Zap","floor":6,"key":"SMITH"},{"floor":8,"key":"REST"},{"data":"Defragment","floor":12,"key":"SMITH"},{"floor":15,"key":"REST"},{"data":"Defragment","floor":23,"key":"SMITH"},{"data":"Machine Learning","floor":25,"key":"SMITH"},{"data":"Blizzard","floor":28,"key":"SMITH"},{"floor":32,"key":"REST"}],"neow_cost":"PERCENT_DAMAGE","seed_source_timestamp":6222734757422,"circlet_count":0,"master_deck":["Strike_B","Strike_B","Defend_B+1","Zap+1","Dualcast+1","Blizzard+1","Stack","Compile Driver","Defragment+1","Defragment+1","FTL","Steam","Machine Learning+1","Leap+1","Reboot+1","Reinforced Body","Sweeping Beam","Cold Snap","Coolheaded","Cold Snap+1","Impatience","Rainbow","Cold Snap+1","Stack+1","Defragment+1"],"relics":["Cracked Core","Dead Branch","Golden Idol","Omamori","Smiling Mask","Sozu","TheAbacus","Bag of Preparation","MawBank","War Paint","Torii","Runic Dome"],"potions_floor_usage":[13,16],"damage_taken":[{"damage":2,"enemies":"Jaw Worm","floor":1,"turns":3},{"damage":3,"enemies":"2 Louse","floor":4,"turns":2},{"damage":1,"enemies":"Cultist","floor":11,"turns":3},{"damage":17,"enemies":"Exordium Wildlife","floor":13,"turns":5},{"damage":21,"enemies":"3 Sentries","floor":14,"turns":6},{"damage":22,"enemies":"Hexaghost","floor":16,"turns":9},{"damage":18,"enemies":"Spheric Guardian","floor":18,"turns":4},{"damage":17,"enemies":"Chosen","floor":19,"turns":5},{"damage":0,"enemies":"Shelled Parasite and Fungi","floor":22,"turns":5},{"damage":3,"enemies":"Book of Stabbing","floor":27,"turns":5},{"damage":0,"enemies":"Centurion and Healer","floor":29,"turns":7},{"damage":12,"enemies":"Gremlin Leader","floor":30,"turns":6},{"damage":0,"enemies":"Automaton","floor":33,"turns":11},{"damage":30,"enemies":"3 Darklings","floor":35,"turns":4},{"damage":0,"enemies":"3 Shapes","floor":36,"turns":4},{"damage":6,"enemies":"Jaw Worm Horde","floor":38,"turns":4},{"damage":30,"enemies":"Writhing Mass","floor":39,"turns":6}],"seed_played":"-3861510643680653554","potions_obtained":[{"floor":1,"key":"PowerPotion"},{"floor":11,"key":"AttackPotion"}],"is_trial":false,"path_per_floor":["M","?","?","M","?","R","?","R","T","$","M","R","M","E","R","B",null,"M","M","?","?","M","R","$","R","T","E","R","M","E","$","R","B",null,"M","M","?","M","M"],"character_chosen":"DEFECT","items_purchased":["Compile Driver","Defragment","Cold Snap","TheAbacus","Bag of Preparation","Impatience"],"campfire_rested":3,"item_purchase_floors":[10,10,24,24,24,31],"current_hp_per_floor":[48,48,30,27,27,27,27,49,49,49,48,48,31,10,32,10,59,41,24,24,24,24,24,24,24,24,21,21,21,9,9,31,31,64,34,34,34,28,0],"gold":257,"neow_bonus":"ONE_RARE_RELIC","is_prod":false,"is_daily":false,"chose_seed":false,"campfire_upgraded":5,"win_rate":0,"timestamp":3589755987,"path_taken":["M","?","?","?","?","R","?","R","T","$","M","R","?","E","R","BOSS","M","M","?","?","M","R","?","R","T","E","R","M","E","$","R","BOSS","M","M","?","?","M"],"build_version":"2019-07-17","purchased_purges":3,"victory":false,"max_hp_per_floor":[75,75,75,75,75,75,75,75,75,75,75,75,75,75,75,75,75,75,75,75,75,75,75,75,75,75,75,75,75,75,75,75,75,75,75,75,75,75,75],"card_choices":[{"not_picked":["Consume","Scrape"],"picked":"Blizzard","floor":1},{"not_picked":["Darkness","Gash"],"picked":"Stack","floor":4},{"not_picked":["Cold Snap","White Noise"],"picked":"Defragment","floor":11},{"not_picked":["Leap","Heatsinks"],"picked":"FTL","floor":13},{"not_picked":["Gash","Go for the Eyes"],"picked":"Steam","floor":14},{"not_picked":["Hyperbeam","Meteor Strike"],"picked":"Machine Learning","floor":16},{"not_picked":["Redo","Conserve Battery"],"picked":"Leap+1","floor":18},{"not_picked":["Hologram","Turbo","Compile Driver"],"picked":"SKIP","floor":19},{"not_picked":["Lockon","Darkness"],"picked":"Sweeping Beam","floor":22},{"not_picked":["Compile Driver","Redo"],"picked":"Coolheaded","floor":27},{"not_picked":["Hologram","Meteor Strike"],"picked":"Cold Snap+1","floor":29},{"not_picked":["Static Discharge+1","Sweeping Beam","Stack"],"picked":"SKIP","floor":30},{"not_picked":["Electrodynamics","Biased Cognition"],"picked":"Rainbow","floor":33},{"not_picked":["Hologram","Coolheaded"],"picked":"Cold Snap+1","floor":35},{"not_picked":["Ball Lightning","Go for the Eyes"],"picked":"Stack+1","floor":36},{"not_picked":["Thunder Strike","Turbo","Streamline+1"],"picked":"SKIP","floor":38}],"player_experience":477129,"relics_obtained":[{"floor":9,"key":"Omamori"},{"floor":14,"key":"Smiling Mask"},{"floor":26,"key":"MawBank"},{"floor":27,"key":"War Paint"},{"floor":30,"key":"Torii"}],"event_choices":[{"damage_healed":0,"gold_gain":175,"player_choice":"AGREE","damage_taken":0,"max_hp_gain":0,"max_hp_loss":0,"event_name":"Liars Game","floor":2,"gold_loss":0,"cards_obtained":["Doubt"]},{"damage_healed":0,"gold_gain":0,"player_choice":"Take Damage","damage_taken":18,"relics_obtained":["Golden Idol"],"max_hp_gain":0,"max_hp_loss":0,"event_name":"Golden Idol","floor":3,"gold_loss":0},{"cards_removed":["Doubt"],"damage_healed":0,"gold_gain":0,"player_choice":"Card Removal","damage_taken":0,"max_hp_gain":0,"max_hp_loss":0,"event_name":"The Cleric","floor":5,"gold_loss":50},{"damage_healed":0,"gold_gain":0,"player_choice":"Upgraded","damage_taken":0,"max_hp_gain":0,"max_hp_loss":0,"event_name":"Upgrade Shrine","floor":7,"gold_loss":0,"cards_upgraded":["Dualcast"]},{"damage_healed":0,"gold_gain":99,"player_choice":"Stole From Cult","damage_taken":0,"max_hp_gain":0,"max_hp_loss":0,"event_name":"Nest","floor":20,"gold_loss":0},{"damage_healed":0,"gold_gain":0,"cards_transformed":["Defend_B","Defend_B"],"player_choice":"Became Test Subject","damage_taken":0,"max_hp_gain":0,"max_hp_loss":0,"event_name":"Drug Dealer","floor":21,"gold_loss":0,"cards_obtained":["Reboot","Reinforced Body"]},{"damage_healed":0,"gold_gain":0,"player_choice":"Copied","damage_taken":0,"max_hp_gain":0,"max_hp_loss":0,"event_name":"Duplicator","floor":37,"gold_loss":0,"cards_obtained":["Defragment"]}],"is_beta":false,"boss_relics":[{"not_picked":["Cursed Key","White Beast Statue"],"picked":"Sozu"},{"not_picked":["Tiny House","Snecko Eye"],"picked":"Runic Dome"}],"items_purged_floors":[10,24,31],"is_endless":false,"potions_floor_spawned":[1,11,22,27,29,36],"killed_by":"Writhing Mass","ascension_level":9}