{"gold_per_floor":[116,116,116,116,130,164,177,177,177,195,195,120,120,149,161,173],"floor_reached":16,"playtime":297,"items_purged":["Strike_G"],"score":250,"play_id":"7c31a5d4-a232-49e0-a53f-d1672dbb3a78","local_time":"20190414131928","is_ascension_mode":true,"campfire_choices":[{"floor":13.0,"key":"DIG"},{"data":"Catalyst","floor":15,"key":"SMITH"}],"neow_cost":"NONE","seed_source_timestamp":265218402525924,"circlet_count":0,"master_deck":["AscendersBane","Defend_G","Defend_G","Defend_G","Defend_G","Defend_G","Strike_G","Strike_G","Strike_G","Survivor","Neutralize","Poisoned Stab+1","Catalyst+1","Backflip","Backstab","Crippling Poison"],"special_seed":0,"relics":["Ring of the Snake","NeowsBlessing","Incense Burner","Potion Belt","Shovel","Matryoshka","MawBank"],"potions_floor_usage":[16],"damage_taken":[{"damage":0.0,"enemies":"2 Louse","floor":1.0,"turns":1.0},{"damage":0.0,"enemies":"Small Slimes","floor":5.0,"turns":1.0},{"damage":0.0,"enemies":"Lagavulin","floor":6.0,"turns":1.0},{"damage":0.0,"enemies":"Jaw Worm","floor":7.0,"turns":5.0},{"damage":7.0,"enemies":"2 Fungi Beasts","floor":10.0,"turns":4.0},{"damage":0,"enemies":"Large Slime","floor":14,"turns":6},{"damage":8,"enemies":"Slime Boss","floor":16,"turns":5}],"seed_played":"-4855659106521971063","potions_obtained":[{"floor":1.0,"key":"Strength Potion"},{"floor":10.0,"key":"Poison Potion"}],"is_trial":false,"path_per_floor":["M","?","?","?","M","E","M","?","T","M","T","$","R","M","R","B"],"character_chosen":"THE_SILENT","items_purchased":[],"campfire_rested":0,"item_purchase_floors":[],"current_hp_per_floor":[59,59,54,47,47,47,47,52,52,45,45,45,45,45,45,37],"gold":173,"neow_bonus":"THREE_ENEMY_KILL","is_prod":false,"is_daily":false,"chose_seed":false,"campfire_upgraded":1,"win_rate":0,"timestamp":1555240768,"path_taken":["M","?","?","?","M","E","M","?","T","M","?","$","R","?","R","BOSS"],"build_version":"2019-01-23","purchased_purges":1,"victory":false,"max_hp_per_floor":[66,66,66,66,66,66,66,71,71,71,71,71,71,71,71,71],"card_choices":[{"not_picked":["Expertise","Prepared"],"picked":"Poisoned Stab","floor":1.0},{"not_picked":["Eviscerate","Underhanded Strike"],"picked":"Catalyst","floor":5.0},{"not_picked":["Blade Dance","Escape Plan"],"picked":"Backflip","floor":6.0},{"not_picked":["PiercingWail","Backflip"],"picked":"Backstab","floor":7.0},{"not_picked":["Backstab","PiercingWail","Slice"],"picked":"SKIP","floor":10.0},{"not_picked":["Acrobatics","Sucker Punch"],"picked":"Crippling Poison","floor":14}],"player_experience":830657,"relics_obtained":[{"floor":6.0,"key":"Potion Belt"},{"floor":9.0,"key":"Shovel"},{"floor":11.0,"key":"Matryoshka"},{"floor":13.0,"key":"MawBank"}],"event_choices":[{"damage_healed":0.0,"max_hp_gain":0.0,"max_hp_loss":0.0,"gold_gain":0.0,"event_name":"Living Wall","player_choice":"Grow","floor":2.0,"gold_loss":0.0,"damage_taken":0.0,"cards_upgraded":["Poisoned Stab"]},{"damage_healed":0.0,"max_hp_gain":0.0,"max_hp_loss":0.0,"gold_gain":0.0,"event_name":"Scrap Ooze","player_choice":"Success","floor":3.0,"gold_loss":0.0,"damage_taken":5.0,"relics_obtained":["Incense Burner"]},{"cards_removed":["Strike_G"],"damage_healed":0.0,"max_hp_gain":0.0,"max_hp_loss":0.0,"gold_gain":0.0,"event_name":"Golden Wing","player_choice":"Card Removal","floor":4.0,"gold_loss":0.0,"damage_taken":7.0},{"damage_healed":0.0,"max_hp_gain":5.0,"max_hp_loss":0.0,"gold_gain":0.0,"event_name":"Big Fish","player_choice":"Donut","floor":8.0,"gold_loss":0.0,"damage_taken":0.0}],"is_beta":false,"boss_relics":[],"items_purged_floors":[12],"is_endless":false,"potions_floor_spawned":[1,10],"killed_by":"Slime Boss","ascension_level":20}