{"gold_per_floor":[109,109,134,40,40,73,73,73,73,94,125,150,164,184,184,314,314,327,350,71,87,87,87,130,148,148,148,172,172,190,203,203,326,326,345,51,51,51,72,72,116,116,116,136,136,161,180,199,199,199],"floor_reached":51,"playtime":4270,"items_purged":["Defend_B","Strike_B"],"score":763,"play_id":"238912a2-7824-46c9-80b5-5509bd433742","local_time":"20181014035637","is_ascension_mode":false,"campfire_choices":[{"data":"Zap","floor":8,"key":"SMITH"},{"data":"Redo","floor":15,"key":"SMITH"},{"data":"Darkness","floor":23,"key":"SMITH"},{"data":"Chill","floor":27,"key":"SMITH"},{"data":"Machine Learning","floor":29,"key":"SMITH"},{"data":"Dualcast","floor":32,"key":"SMITH"},{"data":"Blizzard","floor":40,"key":"SMITH"},{"data":"Mind Blast","floor":42,"key":"SMITH"},{"data":"White Noise","floor":45,"key":"SMITH"},{"data":"White Noise","floor":49,"key":"SMITH"}],"neow_cost":"PERCENT_DAMAGE","seed_source_timestamp":10902713958262,"circlet_count":0,"master_deck":["Defend_B","Defend_B","Defend_B","Zap+1","Dualcast+1","Redo+1","Chill+1","Undo","Machine Learning+1","Mind Blast+1","Self Repair","Sweeping Beam","Barrage","Compile Driver","Coolheaded","White Noise+1","Stack","White Noise+1","Core Surge","Cold Snap+1","Streamline+1","Streamline+1","Hologram","Glacier+1","Darkness+1","Capacitor+1","Defragment+1","Beam Cell","Stack+1","Barrage+1","Seek","Blizzard+1","Glacier+1","Conserve Battery+1","Defragment+1","Redo+1","Barrage+1","Redo+1","Cold Snap+1"],"relics":["Cracked Core","Prayer Wheel","Golden Idol","Orichalcum","Pear","Kunai","Nuclear Battery","Runic Capacitor","Singing Bowl","Boot","Inserter","OrangePellets","Gambling Chip","DataDisk","Shuriken"],"potions_floor_usage":[12,12,13,16,16,28,33,50,50,50],"damage_taken":[{"damage":0,"enemies":"Small Slimes","floor":1,"turns":3},{"damage":0,"enemies":"Cultist","floor":3,"turns":4},{"damage":13,"enemies":"3 Sentries","floor":6,"turns":16},{"damage":2,"enemies":"2 Louse","floor":10,"turns":2},{"damage":8,"enemies":"Lagavulin","floor":11,"turns":8},{"damage":9,"enemies":"Exordium Wildlife","floor":12,"turns":2},{"damage":0,"enemies":"Exordium Thugs","floor":13,"turns":4},{"damage":0,"enemies":"2 Fungi Beasts","floor":14,"turns":4},{"damage":16,"enemies":"Slime Boss","floor":16,"turns":9},{"damage":0,"enemies":"3 Byrds","floor":18,"turns":5},{"damage":5,"enemies":"Chosen","floor":19,"turns":4},{"damage":0,"enemies":"Sentry and Sphere","floor":21,"turns":4},{"damage":13,"enemies":"Book of Stabbing","floor":24,"turns":6},{"damage":27,"enemies":"Snake Plant","floor":25,"turns":4},{"damage":8,"enemies":"3 Cultists","floor":28,"turns":5},{"damage":0,"enemies":"Cultist and Chosen","floor":30,"turns":6},{"damage":6,"enemies":"Shelled Parasite and Fungi","floor":31,"turns":4},{"damage":24,"enemies":"Collector","floor":33,"turns":8},{"damage":15,"enemies":"Orb Walker","floor":35,"turns":3},{"damage":0,"enemies":"Mind Bloom Boss Battle","floor":37,"turns":5},{"damage":0,"enemies":"3 Shapes","floor":39,"turns":4},{"damage":0,"enemies":"Giant Head","floor":41,"turns":9},{"damage":1,"enemies":"Reptomancer","floor":44,"turns":4},{"damage":0,"enemies":"Sphere and 2 Shapes","floor":46,"turns":4},{"damage":0,"enemies":"3 Darklings","floor":47,"turns":3},{"damage":5,"enemies":"Maw","floor":48,"turns":6},{"damage":11,"enemies":"Donu and Deca","floor":50,"turns":5}],"seed_played":"-7735093821016918924","potions_obtained":[{"floor":6,"key":"SkillPotion"},{"floor":10,"key":"Explosive Potion"},{"floor":11,"key":"FocusPotion"},{"floor":12,"key":"Block Potion"},{"floor":14,"key":"Weak Potion"},{"floor":16,"key":"LiquidBronze"},{"floor":25,"key":"Energy Potion"},{"floor":28,"key":"FearPotion"},{"floor":30,"key":"Explosive Potion"},{"floor":33,"key":"SpeedPotion"},{"floor":35,"key":"FocusPotion"},{"floor":47,"key":"PowerPotion"},{"floor":48,"key":"PowerPotion"}],"is_trial":false,"path_per_floor":["M","?","M","$","?","E","?","R","T","M","E","M","M","M","R","B",null,"M","M","$","M","?","R","E","M","T","R","M","R","M","M","R","B",null,"M","$","?","?","M","R","E","R","T","M","R","M","M","M","R","B"],"character_chosen":"DEFECT","items_purchased":["Mind Blast","Runic Capacitor","OrangePellets"],"campfire_rested":0,"item_purchase_floors":[4,20,36],"current_hp_per_floor":[54,36,36,36,36,23,23,23,33,31,30,28,28,35,35,26,85,85,85,85,85,85,85,81,56,56,56,57,57,64,60,60,43,93,85,85,92,92,96,96,99,99,99,101,101,103,105,107,107,103],"gold":199,"neow_bonus":"ONE_RARE_RELIC","is_prod":false,"is_daily":false,"chose_seed":false,"campfire_upgraded":10,"win_rate":0,"timestamp":1539460597,"path_taken":["M","?","M","?","?","E","?","R","T","?","E","M","M","M","R","BOSS","M","M","$","M","?","R","E","M","T","R","M","R","M","M","R","BOSS","M","$","?","?","?","R","E","R","T","M","R","M","M","M","R","BOSS"],"build_version":"2018-10-11","purchased_purges":2,"victory":true,"max_hp_per_floor":[75,75,75,75,75,75,75,75,85,85,85,85,85,85,85,85,85,85,85,85,85,85,85,87,89,89,89,91,91,91,93,93,93,93,93,93,93,93,97,97,99,99,99,101,101,103,105,107,107,107],"card_choices":[{"not_picked":["Stack","Ball Lightning"],"picked":"Redo","floor":1},{"not_picked":["Scrape","Steam"],"picked":"Chill","floor":1},{"not_picked":["Reprogram","Genetic Algorithm"],"picked":"Undo","floor":3},{"not_picked":["Darkness","Reprogram"],"picked":"Machine Learning","floor":3},{"not_picked":["Gash","Static Discharge","Turbo"],"picked":"SKIP","floor":6},{"not_picked":["Skim","Loop"],"picked":"Self Repair","floor":10},{"not_picked":["Steam Power","Genetic Algorithm","Consume"],"picked":"SKIP","floor":10},{"not_picked":["Rip and Tear","Rebound"],"picked":"Sweeping Beam","floor":11},{"not_picked":["Recycle","Turbo"],"picked":"Barrage","floor":12},{"not_picked":["Rebound","Genetic Algorithm"],"picked":"Compile Driver","floor":12},{"not_picked":["Gash","BootSequence"],"picked":"Coolheaded","floor":13},{"not_picked":["Gash","Darkness"],"picked":"White Noise","floor":13},{"not_picked":["Sunder","Steam"],"picked":"Stack","floor":14},{"not_picked":["Conserve Battery","Force Field"],"picked":"White Noise","floor":14},{"not_picked":["Machine Learning","Creative AI"],"picked":"Core Surge","floor":16},{"not_picked":["Conserve Battery","Streamline"],"picked":"Cold Snap+1","floor":18},{"not_picked":["Cold Snap","Gash"],"picked":"Streamline+1","floor":18},{"not_picked":["White Noise","Ball Lightning"],"picked":"Streamline+1","floor":19},{"not_picked":["Gash","Turbo"],"picked":"Hologram","floor":19},{"not_picked":["Static Discharge","Ball Lightning"],"picked":"Glacier+1","floor":21},{"not_picked":["Leap+1","Steam"],"picked":"Darkness","floor":21},{"not_picked":["Gash","Glacier","Self Repair"],"picked":"Singing Bowl","floor":24},{"not_picked":["Go for the Eyes+1","Melter","Amplify"],"picked":"Singing Bowl","floor":25},{"not_picked":["Chaos","FTL"],"picked":"Capacitor+1","floor":25},{"not_picked":["Fusion+1","Leap"],"picked":"Defragment+1","floor":28},{"not_picked":["Loop","BootSequence","Double Energy+1"],"picked":"Singing Bowl","floor":28},{"not_picked":["Redo","Hologram"],"picked":"Beam Cell","floor":30},{"not_picked":["Cold Snap","Turbo"],"picked":"Stack+1","floor":30},{"not_picked":["Glacier","Go for the Eyes","Streamline"],"picked":"Singing Bowl","floor":31},{"not_picked":["Turbo","Rip and Tear+1"],"picked":"Barrage+1","floor":31},{"not_picked":["Creative AI","Reboot"],"picked":"Seek","floor":33},{"not_picked":["Gash","Buffer"],"picked":"Blizzard","floor":35},{"not_picked":["Barrage+1","Rebound"],"picked":"Glacier+1","floor":35},{"not_picked":["Melter","Leap+1"],"picked":"Conserve Battery+1","floor":37},{"not_picked":["Steam","Hologram","Heatsinks"],"picked":"Singing Bowl","floor":39},{"not_picked":["Tempest+1","Coolheaded","FTL"],"picked":"Singing Bowl","floor":39},{"not_picked":["All For One","Hologram","Compile Driver"],"picked":"Singing Bowl","floor":41},{"not_picked":["Lockon+1","Steam+1"],"picked":"Redo+1","floor":44},{"not_picked":["Conserve Battery","Leap+1","Reprogram"],"picked":"Singing Bowl","floor":44},{"not_picked":["Steam","Skim"],"picked":"Barrage+1","floor":46},{"not_picked":["Steam+1","Gash+1","Hello World"],"picked":"Singing Bowl","floor":46},{"not_picked":["Turbo","Ball Lightning","Lockon+1"],"picked":"Singing Bowl","floor":47},{"not_picked":["Beam Cell+1","Stack+1"],"picked":"Redo+1","floor":47},{"not_picked":["Coolheaded","Blizzard"],"picked":"Cold Snap+1","floor":48},{"not_picked":["Undo","BootSequence+1","Leap+1"],"picked":"Singing Bowl","floor":48}],"player_experience":321827,"relics_obtained":[{"floor":6,"key":"Orichalcum"},{"floor":9,"key":"Pear"},{"floor":11,"key":"Kunai"},{"floor":24,"key":"Singing Bowl"},{"floor":26,"key":"Boot"},{"floor":37,"key":"Gambling Chip"},{"floor":41,"key":"DataDisk"},{"floor":43,"key":"Shuriken"}],"event_choices":[{"event_name":"Golden Idol","player_choice":"Take Damage","floor":2,"damage_taken":0},{"event_name":"Living Wall","player_choice":"Forget","floor":5,"damage_taken":0},{"event_name":"Bonfire Elementals","player_choice":"BASIC","floor":7,"damage_taken":0},{"event_name":"Back to Basics","player_choice":"Elegance","floor":22,"damage_taken":0},{"event_name":"MindBloom","player_choice":"Fight","floor":37,"damage_taken":0},{"event_name":"Duplicator","player_choice":"One dupe","floor":38,"damage_taken":0}],"is_beta":false,"boss_relics":[{"not_picked":["Orrery","Tiny House"],"picked":"Nuclear Battery"},{"not_picked":["Astrolabe","Velvet Choker"],"picked":"Inserter"}],"items_purged_floors":[20,36],"is_endless":false,"potions_floor_spawned":[6,10,11,12,14,16,25,28,30,33,35,41,47,48],"ascension_level":0}