{"gold_per_floor":[116,131,281,97,97,131,131,147,192,192,212,212,212,225,225,304,304,318,318,96,56,56],"floor_reached":22,"playtime":521,"items_purged":["Doubt","Venomology"],"score":418,"play_id":"4dbea301-72d3-4f00-adf5-cc09fef8aae2","local_time":"20190421152340","is_ascension_mode":true,"campfire_choices":[{"data":"Deadly Poison","floor":7,"key":"SMITH"},{"data":"Survivor","floor":10,"key":"SMITH"},{"data":"Defend_G","floor":12,"key":"SMITH"},{"data":"Defend_G","floor":15,"key":"SMITH"}],"neow_cost":"NONE","seed_source_timestamp":14289469081151,"circlet_count":0,"master_deck":["AscendersBane","Defend_G+1","Defend_G+1","Defend_G","Defend_G","Defend_G","Strike_G","Strike_G","Strike_G","Strike_G","Strike_G","Survivor+1","Neutralize","Footwork+1","Deadly Poison+1","Dodge and Roll+1","Bouncing Flask","Well Laid Plans"],"relics":["Ring of the Snake","NeowsBlessing","Blood Vial","Art of War","Sozu"],"potions_floor_usage":[16,16,22],"damage_taken":[{"damage":0,"enemies":"Cultist","floor":1,"turns":1},{"damage":0,"enemies":"Small Slimes","floor":2,"turns":1},{"damage":0,"enemies":"Lagavulin","floor":6,"turns":1},{"damage":2,"enemies":"Jaw Worm","floor":8,"turns":5},{"damage":1,"enemies":"Blue Slaver","floor":11,"turns":4},{"damage":4,"enemies":"2 Fungi Beasts","floor":14,"turns":4},{"damage":39,"enemies":"Hexaghost","floor":16,"turns":13},{"damage":15,"enemies":"Shell Parasite","floor":18,"turns":8},{"damage":14,"enemies":"2 Thieves","floor":21,"turns":5},{"damage":43,"enemies":"3 Cultists","floor":22,"turns":7}],"seed_played":"-7371961471107497201","potions_obtained":[{"floor":8,"key":"Block Potion"},{"floor":14,"key":"GamblersBrew"},{"floor":16,"key":"Poison Potion"}],"is_trial":false,"path_per_floor":["M","M","?","$","?","E","R","M","T","R","M","R","?","M","R","B",null,"M","?","$","M","M"],"character_chosen":"THE_SILENT","items_purchased":["Footwork","Deadly Poison","Bouncing Flask","Well Laid Plans"],"campfire_rested":0,"item_purchase_floors":[4,4,20,20],"current_hp_per_floor":[59,59,59,59,59,59,59,59,59,59,60,60,65,63,63,26,60,47,47,47,35,0],"gold":56,"neow_bonus":"THREE_ENEMY_KILL","is_prod":false,"is_daily":false,"chose_seed":false,"campfire_upgraded":4,"win_rate":0,"timestamp":1555853020,"path_taken":["M","?","?","$","?","E","R","M","T","R","?","R","?","M","R","BOSS","M","?","$","M","M"],"build_version":"2019-01-23","purchased_purges":2,"victory":false,"max_hp_per_floor":[66,66,66,66,66,66,66,66,66,66,66,66,71,71,71,71,71,71,71,71,71,71],"card_choices":[{"not_picked":["Dagger Spray","Underhanded Strike","PiercingWail"],"picked":"SKIP","floor":1},{"not_picked":["Prepared","Dagger Spray","Underhanded Strike"],"picked":"SKIP","floor":2},{"not_picked":["All Out Attack","Calculated Gamble","Sucker Punch"],"picked":"SKIP","floor":6},{"not_picked":["Eviscerate","Dagger Spray","Dagger Throw"],"picked":"SKIP","floor":8},{"not_picked":["Cloak And Dagger","PiercingWail","All Out Attack"],"picked":"SKIP","floor":11},{"not_picked":["Flying Knee","Accuracy","Prepared"],"picked":"SKIP","floor":14},{"not_picked":["Storm of Steel","A Thousand Cuts"],"picked":"Venomology","floor":16},{"not_picked":["Acrobatics","Finisher"],"picked":"Dodge and Roll","floor":18},{"not_picked":["Underhanded Strike","PiercingWail+1","Phantasmal Killer"],"picked":"SKIP","floor":21}],"player_experience":850676,"relics_obtained":[{"floor":6,"key":"Blood Vial"},{"floor":9,"key":"Art of War"}],"event_choices":[{"damage_healed":0,"gold_gain":150,"player_choice":"AGREE","damage_taken":0,"max_hp_gain":0,"max_hp_loss":0,"event_name":"Liars Game","floor":3,"gold_loss":0,"cards_obtained":["Doubt"]},{"damage_healed":0,"gold_gain":0,"player_choice":"Grow","damage_taken":0,"max_hp_gain":0,"max_hp_loss":0,"event_name":"Living Wall","floor":5,"gold_loss":0,"cards_upgraded":["Footwork"]},{"damage_healed":0,"gold_gain":0,"player_choice":"Donut","damage_taken":0,"max_hp_gain":5,"max_hp_loss":0,"event_name":"Big Fish","floor":13,"gold_loss":0},{"damage_healed":0,"gold_gain":0,"player_choice":"Upgraded","damage_taken":0,"max_hp_gain":0,"max_hp_loss":0,"event_name":"Upgrade Shrine","floor":19,"gold_loss":0,"cards_upgraded":["Dodge and Roll"]}],"is_beta":false,"boss_relics":[{"not_picked":["Eternal Feather","Runic Pyramid"],"picked":"Sozu"}],"items_purged_floors":[4,20],"is_endless":false,"potions_floor_spawned":[8,14,16,21],"killed_by":"3 Cultists","ascension_level":20}