{"gold_per_floor":[114,134,134,134,146,146,166,91,91,91,91,91,91,91,91,187,187,203,203,35,35,47,47,63,95,95,129,129,4,4,17,17,114,114,134,134,134,144,144,144,162,12,12,12,0,16,16,43,43,43],"floor_reached":51,"playtime":1017,"items_purged":["Defend_R","Defend_R","Decay","Strike_R"],"score":724,"play_id":"f9d29613-e673-48b5-9cb7-cbee48b14ad2","local_time":"20181016011955","is_ascension_mode":false,"campfire_choices":[{"data":"Bash","floor":6.0,"key":"SMITH"},{"data":"Clash","floor":10.0,"key":"SMITH"},{"data":"Anger","floor":13.0,"key":"SMITH"},{"data":"Strike_R","floor":15.0,"key":"SMITH"},{"data":"Rampage","floor":23.0,"key":"SMITH"},{"data":"Perfected Strike","floor":32.0,"key":"SMITH"},{"data":"Perfected Strike","floor":44,"key":"SMITH"},{"data":"Perfected Strike","floor":47,"key":"SMITH"},{"data":"Clash","floor":49,"key":"SMITH"}],"neow_cost":"","seed_source_timestamp":31173231472219,"circlet_count":0,"master_deck":["Strike_R+1","Strike_R","Strike_R","Strike_R","Bash+1","Clash+1","Anger+1","Reaper","Rampage+1","Clash+1","Perfected Strike+1","Feed","Perfected Strike+1","Perfected Strike+1","Flex+1","Flex+1"],"special_seed":0,"relics":["Burning Blood","Pear","Sundial","Meat on the Bone","Eternal Feather","Ancient Tea Set","Pantograph","Gremlin Horn","Mercury Hourglass","Orrery","Paper Frog","Ornamental Fan","Red Mask","PreservedInsect"],"potions_floor_usage":[33,33,50,50],"damage_taken":[{"damage":8.0,"enemies":"Jaw Worm","floor":1.0,"turns":4.0},{"damage":5.0,"enemies":"2 Louse","floor":2.0,"turns":3.0},{"damage":0.0,"enemies":"Small Slimes","floor":5.0,"turns":3.0},{"damage":9.0,"enemies":"Blue Slaver","floor":7.0,"turns":3.0},{"damage":44.0,"enemies":"Hexaghost","floor":16.0,"turns":7.0},{"damage":0.0,"enemies":"Spheric Guardian","floor":18.0,"turns":3.0},{"damage":22.0,"enemies":"Shell Parasite","floor":22.0,"turns":3.0},{"damage":32.0,"enemies":"Sentry and Sphere","floor":24.0,"turns":5.0},{"damage":70.0,"enemies":"Book of Stabbing","floor":25.0,"turns":5.0},{"damage":21.0,"enemies":"Slavers","floor":27.0,"turns":3.0},{"damage":12.0,"enemies":"3 Cultists","floor":31.0,"turns":3.0},{"damage":91,"enemies":"Collector","floor":33,"turns":6},{"damage":11,"enemies":"3 Shapes","floor":35,"turns":2},{"damage":25,"enemies":"3 Darklings","floor":38,"turns":4},{"damage":16,"enemies":"Transient","floor":41,"turns":5},{"damage":22,"enemies":"Spire Growth","floor":46,"turns":3},{"damage":44,"enemies":"2 Orb Walkers","floor":48,"turns":4},{"damage":79,"enemies":"Time Eater","floor":50,"turns":6}],"seed_played":"1391090707238630132","potions_obtained":[{"floor":1.0,"key":"Strength Potion"},{"floor":7.0,"key":"Regen Potion"},{"floor":14.0,"key":"Fruit Juice"},{"floor":14.0,"key":"GamblersBrew"},{"floor":14.0,"key":"Fire Potion"},{"floor":22.0,"key":"Energy Potion"},{"floor":25.0,"key":"Poison Potion"},{"floor":27.0,"key":"LiquidBronze"},{"floor":38,"key":"SneckoOil"},{"floor":41,"key":"Energy Potion"},{"floor":46,"key":"FearPotion"}],"is_trial":false,"path_per_floor":["M","M","?","?","M","R","M","$","T","R","T","$","R","?","R","B",null,"M","?","$","?","M","R","M","E","T","E","?","$","?","M","R","B",null,"M","?","$","M","?","T","M","$","T","R","?","M","R","E","R","B"],"character_chosen":"IRONCLAD","items_purchased":["Reaper"],"campfire_rested":0,"item_purchase_floors":[20],"current_hp_per_floor":[78,79,82,75,81,81,78,78,78,78,78,78,78,83,83,57,95,95,95,95,95,85,91,69,23,23,32,32,32,32,50,56,22,95,90,80,80,84,84,84,74,74,74,83,83,67,76,58,67,34],"gold":43,"neow_bonus":"","is_prod":false,"is_daily":false,"chose_seed":false,"campfire_upgraded":9,"win_rate":0,"timestamp":1539645595,"path_taken":["M","M","?","?","M","R","M","$","T","R","?","$","R","?","R","BOSS","M","?","$","?","M","R","?","E","T","E","?","$","?","M","R","BOSS","M","?","?","M","?","?","M","$","T","R","?","M","R","E","R","BOSS"],"build_version":"2018-10-11","purchased_purges":4,"victory":true,"max_hp_per_floor":[80,80,90,90,90,90,90,90,90,90,90,90,90,95,95,95,95,95,95,95,95,95,95,95,95,95,95,95,95,95,95,95,95,95,95,95,95,95,95,95,95,95,95,95,95,95,95,95,95,95],"card_choices":[{"not_picked":["Shockwave","Headbutt"],"picked":"Clash","floor":1.0},{"not_picked":["Spot Weakness","Headbutt","Heavy Blade"],"picked":"SKIP","floor":2.0},{"not_picked":["Body Slam","Shockwave"],"picked":"Anger","floor":5.0},{"not_picked":["Dual Wield","Armaments","Headbutt"],"picked":"SKIP","floor":7.0},{"not_picked":["Searing Blow","Body Slam","Thunderclap+1"],"picked":"SKIP","floor":18.0},{"not_picked":["Entrench","Bloodletting"],"picked":"Rampage","floor":22.0},{"not_picked":["Disarm+1","Reckless Charge"],"picked":"Clash","floor":24.0},{"not_picked":["Thunderclap","Iron Wave","Infernal Blade"],"picked":"SKIP","floor":25.0},{"not_picked":["Feel No Pain","Fire Breathing+1","Iron Wave"],"picked":"SKIP","floor":27.0},{"not_picked":["Infernal Blade","Rage"],"picked":"Perfected Strike","floor":31.0},{"not_picked":["Barricade","Berserk"],"picked":"Feed","floor":33},{"not_picked":["Fire Breathing+1","Body Slam+1"],"picked":"Perfected Strike","floor":34},{"not_picked":["Clothesline","Body Slam"],"picked":"Perfected Strike","floor":34},{"not_picked":["Pummel+1","Metallicize"],"picked":"Flex+1","floor":34},{"not_picked":["Fire Breathing","Clothesline"],"picked":"Flex+1","floor":34},{"not_picked":["Impervious","Metallicize+1","Armaments+1"],"picked":"SKIP","floor":35},{"not_picked":["Heavy Blade","Flame Barrier","Flex"],"picked":"SKIP","floor":38},{"not_picked":["Cleave","Entrench","Dual Wield+1"],"picked":"SKIP","floor":41},{"not_picked":["Heavy Blade+1","Anger+1","True Grit"],"picked":"SKIP","floor":46},{"not_picked":["Heavy Blade+1","Havoc","Flame Barrier+1"],"picked":"SKIP","floor":48}],"player_experience":682809,"relics_obtained":[{"floor":9.0,"key":"Sundial"},{"floor":11.0,"key":"Meat on the Bone"},{"floor":25.0,"key":"Pantograph"},{"floor":26.0,"key":"Gremlin Horn"},{"floor":27.0,"key":"Mercury Hourglass"},{"floor":40,"key":"Paper Frog"},{"floor":43,"key":"Ornamental Fan"},{"floor":48,"key":"PreservedInsect"}],"event_choices":[{"event_name":"Scrap Ooze","player_choice":"success","floor":3.0,"damage_taken":7.0},{"event_name":"Golden Wing","player_choice":"Card Removal","floor":4.0,"damage_taken":0.0},{"event_name":"The Lab","player_choice":"Got Potions","floor":14.0,"damage_taken":0.0},{"event_name":"Vampires","player_choice":"Ignored","floor":19.0,"damage_taken":0.0},{"event_name":"The Mausoleum","player_choice":"Yes","floor":21.0,"damage_taken":0.0},{"event_name":"Forgotten Altar","player_choice":"Smashed Altar","floor":28.0,"damage_taken":0.0},{"event_name":"Transmorgrifier","player_choice":"Transform","floor":30.0,"damage_taken":0.0},{"event_name":"SensoryStone","player_choice":"Memory 3","floor":36,"damage_taken":0},{"event_name":"Falling","player_choice":"Removed Power","floor":39,"damage_taken":0},{"event_name":"Tomb of Lord Red Mask","player_choice":"Paid","floor":45,"damage_taken":0}],"is_beta":true,"boss_relics":[{"not_picked":["Runic Cube","Pandora\u0027s Box"],"picked":"Eternal Feather"},{"not_picked":["Mark of Pain","Snecko Eye"],"picked":"Orrery"}],"items_purged_floors":[8,20,29,42],"is_endless":false,"potions_floor_spawned":[1,7,22,25,27,38,41,46,48],"ascension_level":0}