{"gold_per_floor":[111,111,126,201,126,158,176,176,246,265,292,292,49,49],"floor_reached":14,"playtime":326,"items_purged":["Strike_G","Strike_G"],"score":240,"play_id":"0e012ba0-cf33-4191-85b1-5deb34175d6e","local_time":"20181029110632","is_ascension_mode":true,"campfire_choices":[{"data":"Bouncing Flask","floor":8,"key":"SMITH"},{"data":"Backflip","floor":12,"key":"SMITH"}],"neow_cost":"NONE","seed_source_timestamp":90372983254563,"circlet_count":0,"master_deck":["Defend_G","Defend_G","Defend_G","Defend_G","Defend_G","Strike_G","Strike_G","Strike_G","Survivor","Neutralize","AscendersBane","Distraction+1","Bouncing Flask+1","Backflip+1","Blur","Well Laid Plans"],"relics":["Ring of the Snake","NeowsBlessing","Vajra","Darkstone Periapt","Sundial"],"potions_floor_usage":[11,11,14],"damage_taken":[{"damage":0,"enemies":"Jaw Worm","floor":1,"turns":1},{"damage":0,"enemies":"2 Louse","floor":3,"turns":1},{"damage":0,"enemies":"Lagavulin","floor":6,"turns":1},{"damage":0,"enemies":"Cultist","floor":7,"turns":4},{"damage":17,"enemies":"Exordium Thugs","floor":10,"turns":6},{"damage":11,"enemies":"Gremlin Nob","floor":11,"turns":3},{"damage":19,"enemies":"3 Sentries","floor":14,"turns":8}],"seed_played":"2298656201491324592","potions_obtained":[{"floor":1,"key":"AttackPotion"},{"floor":6,"key":"AttackPotion"}],"is_trial":false,"path_per_floor":["M","?","M","?","$","E","M","R","T","M","E","R","$"],"character_chosen":"THE_SILENT","items_purchased":["Well Laid Plans","Dexterity Potion"],"campfire_rested":0,"item_purchase_floors":[13,13],"current_hp_per_floor":[59,59,59,48,48,48,48,48,48,31,20,20,20,1],"gold":49,"neow_bonus":"THREE_ENEMY_KILL","is_prod":false,"is_daily":false,"chose_seed":false,"campfire_upgraded":2,"win_rate":0,"timestamp":1540807592,"path_taken":["M","?","M","?","$","E","M","R","T","?","E","R","$","E"],"build_version":"2018-10-25v2","purchased_purges":2,"victory":false,"max_hp_per_floor":[66,66,66,66,66,66,66,66,66,66,66,66,66,66],"card_choices":[{"not_picked":["Choke","Prepared"],"picked":"Distraction","floor":1},{"not_picked":["Acrobatics","Blade Dance"],"picked":"Bouncing Flask","floor":3},{"not_picked":["Setup","Envenom"],"picked":"Backflip","floor":6},{"not_picked":["PiercingWail","Heel Hook","Tactician"],"picked":"SKIP","floor":7},{"not_picked":["Underhanded Strike","Flying Knee","Predator"],"picked":"SKIP","floor":10},{"not_picked":["Tactician","Deflect"],"picked":"Blur","floor":11}],"player_experience":717021,"relics_obtained":[{"floor":6,"key":"Vajra"},{"floor":9,"key":"Darkstone Periapt"},{"floor":11,"key":"Sundial"}],"event_choices":[{"damage_healed":0,"gold_gain":0,"player_choice":"Grow","damage_taken":0,"max_hp_gain":0,"max_hp_loss":0,"event_name":"Living Wall","floor":2,"gold_loss":0,"cards_upgraded":["Distraction"]},{"damage_healed":0,"gold_gain":75,"player_choice":"Gather Gold","damage_taken":11,"max_hp_gain":0,"max_hp_loss":0,"event_name":"World of Goop","floor":4,"gold_loss":0}],"is_beta":true,"boss_relics":[],"items_purged_floors":[5,13],"is_endless":false,"potions_floor_spawned":[1,6],"killed_by":"3 Sentries","ascension_level":19}