{"gold_per_floor":[117,117,129,39,56,56,56,56,80,92,17,44,44,63,63,139,139,151,151,165,165,165,165,165,183,207,207,132,132,47,47,47,126,126,136,136,62,62,80,80,0,19,19,19,32,46,46,46,46,46,46],"floor_reached":51,"playtime":1152,"items_purged":[],"score":1257,"play_id":"1274563e-c3a1-4aad-b769-4442b871b4a3","local_time":"20190509163015","is_ascension_mode":true,"campfire_choices":[{"data":"Catalyst","floor":6.0,"key":"SMITH"},{"data":"Noxious Fumes","floor":8.0,"key":"SMITH"},{"data":"Bouncing Flask","floor":13.0,"key":"SMITH"},{"floor":15.0,"key":"REST"},{"floor":23.0,"key":"REST"},{"floor":27.0,"key":"RECALL"},{"floor":32.0,"key":"REST"},{"floor":40.0,"key":"REST"},{"floor":44,"key":"REST"},{"floor":47,"key":"REST"},{"floor":49,"key":"REST"}],"neow_cost":"NONE","seed_source_timestamp":85970232240211,"circlet_count":0,"master_deck":["AscendersBane","Defend_G+1","Defend_G+1","Defend_G+1","Defend_G+1","Defend_G+1","Survivor","Neutralize","Catalyst+1","Dodge and Roll","Noxious Fumes+1","Bouncing Flask+1","Malaise","Well Laid Plans","Corpse Explosion","Crippling Poison","Catalyst","Night Terror","Footwork","Crippling Poison+1","Caltrops"],"special_seed":0,"relics":["Ring of the Snake","NeowsBlessing","Potion Belt","Oddly Smooth Stone","Fusion Hammer","FaceOfCleric","Dodecahedron","Art of War","Sozu","Red Mask","Omamori"],"potions_floor_usage":[50,50],"damage_taken":[{"damage":0.0,"enemies":"Small Slimes","floor":1.0,"turns":1.0},{"damage":0.0,"enemies":"Cultist","floor":3.0,"turns":1.0},{"damage":0.0,"enemies":"Jaw Worm","floor":5.0,"turns":1.0},{"damage":0.0,"enemies":"2 Fungi Beasts","floor":10.0,"turns":4.0},{"damage":34.0,"enemies":"3 Sentries","floor":12.0,"turns":10.0},{"damage":5.0,"enemies":"Lots of Slimes","floor":14.0,"turns":4.0},{"damage":3.0,"enemies":"Hexaghost","floor":16.0,"turns":6.0},{"damage":1.0,"enemies":"3 Byrds","floor":18.0,"turns":6.0},{"damage":0.0,"enemies":"Chosen","floor":20.0,"turns":3.0},{"damage":7.0,"enemies":"Shelled Parasite and Fungi","floor":25.0,"turns":4.0},{"damage":9.0,"enemies":"Automaton","floor":33.0,"turns":7.0},{"damage":7.0,"enemies":"Orb Walker","floor":35.0,"turns":3.0},{"damage":9.0,"enemies":"3 Darklings","floor":39.0,"turns":4.0},{"damage":0,"enemies":"Transient","floor":42,"turns":5},{"damage":0,"enemies":"Jaw Worm Horde","floor":45,"turns":2},{"damage":9,"enemies":"Maw","floor":46,"turns":4},{"damage":53,"enemies":"Awakened One","floor":50,"turns":11},{"damage":22,"enemies":"Time Eater","floor":51,"turns":3}],"seed_played":"-2110886225540917310","potions_obtained":[{"floor":1.0,"key":"EssenceOfSteel"},{"floor":12.0,"key":"Weak Potion"},{"floor":14.0,"key":"FearPotion"},{"floor":25.0,"key":"Block Potion"},{"floor":33.0,"key":"Block Potion"}],"is_trial":false,"path_per_floor":["M","?","M","$","M","R","T","R","T","M","?","E","R","M","R","B",null,"M","?","M","?","T","R","?","M","T","R","?","?","$","?","R","B",null,"M","?","$","?","M","R","?","M","T","R","M","M","R","?","R","B","B"],"character_chosen":"THE_SILENT","items_purchased":["Noxious Fumes","Catalyst","Footwork"],"campfire_rested":7,"item_purchase_floors":[4,30,37],"current_hp_per_floor":[59,59,59,59,59,59,59,59,59,59,59,25,25,20,39,36,59,58,58,59,59,59,67,67,61,61,61,61,61,61,61,68,60,67,61,61,61,61,53,71,71,72,72,72,73,65,74,74,74,22,0],"gold":46,"neow_bonus":"THREE_ENEMY_KILL","is_prod":false,"is_daily":false,"chose_seed":false,"campfire_upgraded":3,"win_rate":0,"timestamp":1557412215,"path_taken":["M","?","M","$","?","R","?","R","T","M","?","E","R","M","R","BOSS","M","?","?","?","?","R","?","M","T","R","?","?","$","?","R","BOSS","M","?","$","?","?","R","?","M","T","R","M","M","R","?","R","BOSS","BOSS"],"build_version":"2019-01-23","purchased_purges":0,"victory":false,"max_hp_per_floor":[66,66,66,66,66,66,66,66,66,66,66,66,66,66,66,66,66,66,66,67,67,67,67,67,68,68,68,68,68,68,68,68,69,69,70,70,70,70,71,71,71,72,72,72,73,74,74,74,74,75,75],"card_choices":[{"not_picked":["Bane","Slice"],"picked":"Catalyst","floor":1.0},{"not_picked":["Deflect","Dagger Spray"],"picked":"Dodge and Roll","floor":3.0},{"not_picked":["Deflect","Sucker Punch","Dagger Throw"],"picked":"SKIP","floor":5.0},{"not_picked":["Accuracy","Outmaneuver","Escape Plan"],"picked":"SKIP","floor":10.0},{"not_picked":["Leg Sweep","Prepared"],"picked":"Bouncing Flask","floor":12.0},{"not_picked":["Blade Dance","PiercingWail","Flying Knee"],"picked":"SKIP","floor":14.0},{"not_picked":["A Thousand Cuts","Wraith Form v2"],"picked":"Malaise","floor":16.0},{"not_picked":["Outmaneuver","Sucker Punch","Finisher"],"picked":"SKIP","floor":18.0},{"not_picked":["Eviscerate","Choke"],"picked":"Well Laid Plans","floor":20.0},{"not_picked":["Sucker Punch","Blade Dance","All Out Attack"],"picked":"SKIP","floor":25.0},{"not_picked":["Unload","Envenom"],"picked":"Night Terror","floor":33.0},{"not_picked":["Outmaneuver","Infinite Blades","Endless Agony+1"],"picked":"SKIP","floor":35.0},{"not_picked":["Predator","Quick Slash","PiercingWail"],"picked":"SKIP","floor":39.0},{"not_picked":["Escape Plan","Endless Agony+1"],"picked":"Crippling Poison+1","floor":42},{"not_picked":["Deflect","Crippling Poison"],"picked":"Caltrops","floor":45},{"not_picked":["Eviscerate","Reflex","Backstab"],"picked":"SKIP","floor":46}],"player_experience":874690,"relics_obtained":[{"floor":9.0,"key":"Potion Belt"},{"floor":12.0,"key":"Oddly Smooth Stone"},{"floor":22.0,"key":"Dodecahedron"},{"floor":26.0,"key":"Art of War"},{"floor":43,"key":"Omamori"}],"event_choices":[{"cards_removed":["Strike_G"],"damage_healed":0.0,"max_hp_gain":0.0,"max_hp_loss":0.0,"gold_gain":0.0,"event_name":"Wheel of Change","player_choice":"Card Removal","floor":2.0,"gold_loss":0.0,"damage_taken":0.0},{"cards_removed":["Strike_G"],"damage_healed":0.0,"max_hp_gain":0.0,"max_hp_loss":0.0,"gold_gain":0.0,"event_name":"The Cleric","player_choice":"Card Removal","floor":11.0,"gold_loss":75.0,"damage_taken":0.0},{"damage_healed":0.0,"max_hp_gain":0.0,"max_hp_loss":0.0,"gold_gain":0.0,"event_name":"FaceTrader","player_choice":"Trade","floor":19.0,"gold_loss":0.0,"damage_taken":0.0,"relics_obtained":["FaceOfCleric"]},{"damage_healed":0.0,"max_hp_gain":0.0,"max_hp_loss":0.0,"gold_gain":0.0,"cards_transformed":["Strike_G","Strike_G"],"event_name":"Drug Dealer","player_choice":"Became Test Subject","floor":21.0,"gold_loss":0.0,"damage_taken":0.0,"cards_obtained":["Die Die Die","Corpse Explosion"]},{"damage_healed":0.0,"max_hp_gain":0.0,"max_hp_loss":0.0,"gold_gain":0.0,"event_name":"The Library","player_choice":"Read","floor":24.0,"gold_loss":0.0,"damage_taken":0.0,"cards_obtained":["Crippling Poison"]},{"cards_removed":["Strike_G"],"damage_healed":0.0,"max_hp_gain":0.0,"max_hp_loss":0.0,"gold_gain":0.0,"event_name":"Beggar","player_choice":"Gave Gold","floor":28.0,"gold_loss":75.0,"damage_taken":0.0},{"damage_healed":0.0,"max_hp_gain":0.0,"max_hp_loss":0.0,"gold_gain":0.0,"event_name":"Back to Basics","player_choice":"Simplicity","floor":31.0,"gold_loss":0.0,"damage_taken":0.0,"cards_upgraded":["Defend_G","Defend_G","Defend_G","Defend_G","Defend_G"]},{"damage_healed":0.0,"max_hp_gain":0.0,"max_hp_loss":0.0,"gold_gain":0.0,"event_name":"Mysterious Sphere","player_choice":"Ignored","floor":36.0,"gold_loss":0.0,"damage_taken":0.0},{"damage_healed":0.0,"max_hp_gain":0.0,"max_hp_loss":0.0,"gold_gain":0.0,"event_name":"Lab","player_choice":"Got Potions","floor":38.0,"gold_loss":0.0,"damage_taken":0.0},{"damage_healed":0.0,"max_hp_gain":0.0,"max_hp_loss":0.0,"gold_gain":0.0,"event_name":"Tomb of Lord Red Mask","player_choice":"Paid","floor":41.0,"gold_loss":80.0,"damage_taken":0.0,"relics_obtained":["Red Mask"]},{"cards_removed":["Die Die Die"],"damage_healed":0,"gold_gain":0,"player_choice":"Removed Attack","damage_taken":0,"max_hp_gain":0,"max_hp_loss":0,"event_name":"Falling","floor":48,"gold_loss":0}],"is_beta":false,"boss_relics":[{"not_picked":["Astrolabe","Eternal Feather"],"picked":"Fusion Hammer"},{"not_picked":["Runic Pyramid","Black Star"],"picked":"Sozu"}],"items_purged_floors":[],"is_endless":false,"potions_floor_spawned":[1,12,14,25,33,39,45,46],"killed_by":"Time Eater","ascension_level":20}