{"gold_per_floor":[215,230,240,165,176,176,176,61,61,61,76,104,104,123,123,123],"floor_reached":16,"playtime":331,"items_purged":["Defend_R"],"score":204,"play_id":"e6a67417-f6f0-4c05-a398-97fffd732826","local_time":"20181028010645","is_ascension_mode":true,"campfire_choices":[{"data":"Cleave","floor":6.0,"key":"SMITH"},{"data":"Shockwave","floor":10.0,"key":"SMITH"},{"data":"Perfected Strike","floor":15,"key":"SMITH"}],"neow_cost":"NONE","seed_source_timestamp":44776682482467,"circlet_count":0,"master_deck":["Strike_R","Strike_R","Strike_R","Strike_R","Strike_R","Defend_R","Defend_R","Bash","AscendersBane","Thunderclap","Anger","Cleave+1","Shockwave+1","Twin Strike","Perfected Strike+1"],"special_seed":0,"relics":["Burning Blood","The Courier","Mango"],"potions_floor_usage":[14,16],"damage_taken":[{"damage":16.0,"enemies":"Jaw Worm","floor":1.0,"turns":5.0},{"damage":8.0,"enemies":"Small Slimes","floor":2.0,"turns":5.0},{"damage":8.0,"enemies":"2 Louse","floor":3.0,"turns":3.0},{"damage":9.0,"enemies":"Exordium Wildlife","floor":5.0,"turns":4.0},{"damage":0.0,"enemies":"3 Louse","floor":11.0,"turns":1.0},{"damage":29.0,"enemies":"Gremlin Nob","floor":12.0,"turns":4.0},{"damage":14,"enemies":"Exordium Thugs","floor":14,"turns":4},{"damage":53,"enemies":"The Guardian","floor":16,"turns":8}],"seed_played":"5124088978842692358","potions_obtained":[{"floor":2.0,"key":"Dexterity Potion"},{"floor":3.0,"key":"Regen Potion"},{"floor":14,"key":"Explosive Potion"}],"is_trial":false,"path_per_floor":["M","M","M","?","M","R","?","$","T","R","M","E","?","M","R"],"character_chosen":"IRONCLAD","items_purchased":["Shockwave"],"campfire_rested":0,"item_purchase_floors":[8],"current_hp_per_floor":[58,56,54,54,51,51,56,56,56,56,62,53,53,57,57,4],"gold":123,"neow_bonus":"HUNDRED_GOLD","is_prod":false,"is_daily":false,"chose_seed":false,"campfire_upgraded":3,"win_rate":0,"timestamp":1540681605,"path_taken":["M","M","M","?","M","R","?","$","T","R","M","E","?","M","R","BOSS"],"build_version":"2018-10-25v2","purchased_purges":1,"victory":false,"max_hp_per_floor":[75,75,75,75,75,75,80,80,80,80,80,94,94,94,94,94],"card_choices":[{"not_picked":["Warcry","Power Through"],"picked":"Thunderclap","floor":1.0},{"not_picked":["Thunderclap","Rage"],"picked":"Anger","floor":2.0},{"not_picked":["Rampage","Corruption"],"picked":"Cleave","floor":3.0},{"not_picked":["Intimidate","Sentinel","Whirlwind"],"picked":"SKIP","floor":5.0},{"not_picked":["Body Slam","Iron Wave"],"picked":"Twin Strike","floor":11.0},{"not_picked":["Pommel Strike","True Grit"],"picked":"Perfected Strike","floor":12.0},{"not_picked":["Dual Wield","Warcry","Carnage"],"picked":"SKIP","floor":14}],"player_experience":708332,"relics_obtained":[{"floor":9.0,"key":"The Courier"},{"floor":12.0,"key":"Mango"}],"event_choices":[{"cards_removed":["Defend_R"],"damage_healed":0.0,"max_hp_gain":0.0,"max_hp_loss":0.0,"gold_gain":0.0,"event_name":"The Cleric","player_choice":"Card Removal","floor":4.0,"gold_loss":75.0,"damage_taken":0.0},{"damage_healed":0.0,"max_hp_gain":5.0,"max_hp_loss":0.0,"gold_gain":0.0,"event_name":"Big Fish","player_choice":"Donut","floor":7.0,"gold_loss":0.0,"damage_taken":0.0},{"damage_healed":0.0,"max_hp_gain":0.0,"max_hp_loss":0.0,"gold_gain":0.0,"event_name":"Scrap Ooze","player_choice":"Fled","floor":13.0,"gold_loss":0.0,"damage_taken":0.0}],"is_beta":true,"boss_relics":[],"items_purged_floors":[8],"is_endless":false,"potions_floor_spawned":[2,3,14],"killed_by":"The Guardian","ascension_level":20}