{"gold_per_floor":[109,127,127,142,154,154,166,193,193,203,220,255,274,284,284,383,383,403,435,450,450],"floor_reached":21,"playtime":1314,"items_purged":[],"score":247,"play_id":"e9dc3857-a117-453d-b7ce-c7b120d6abd3","local_time":"20180731194721","is_ascension_mode":false,"campfire_choices":[{"data":"Berserk","floor":6,"key":"SMITH"},{"data":"Pommel Strike","floor":15,"key":"SMITH"}],"neow_cost":"NONE","seed_source_timestamp":36100443982990,"circlet_count":0,"master_deck":["Strike_R","Strike_R","Strike_R","Strike_R","Strike_R","Defend_R","Defend_R","Defend_R","Defend_R","Bash","Berserk+1","Shrug It Off","Cleave","Sword Boomerang","Iron Wave","Rage","Thunderclap","Dropkick","Pommel Strike+1","Flex","Reaper","Blood for Blood","Pommel Strike+1","Armaments"],"relics":["Burning Blood","Shovel","Champion Belt","Gremlin Horn","Runic Pyramid","Red Mask"],"potions_floor_usage":[12,12,16,19],"damage_taken":[{"damage":10,"enemies":"Small Slimes","floor":1,"turns":3},{"damage":0,"enemies":"Cultist","floor":2,"turns":3},{"damage":0,"enemies":"2 Louse","floor":4,"turns":3},{"damage":26,"enemies":"Gremlin Gang","floor":5,"turns":4},{"damage":14,"enemies":"Lots of Slimes","floor":7,"turns":2},{"damage":20,"enemies":"3 Sentries","floor":8,"turns":8},{"damage":4,"enemies":"Red Slaver","floor":10,"turns":4},{"damage":8,"enemies":"Blue Slaver","floor":11,"turns":4},{"damage":11,"enemies":"Gremlin Nob","floor":12,"turns":3},{"damage":3,"enemies":"Large Slime","floor":13,"turns":6},{"damage":2,"enemies":"2 Fungi Beasts","floor":14,"turns":3},{"damage":0,"enemies":"Slime Boss","floor":16,"turns":6},{"damage":41,"enemies":"Spheric Guardian","floor":18,"turns":7},{"damage":35,"floor":19,"turns":4},{"damage":19,"enemies":"3 Byrds","floor":20,"turns":4},{"damage":22,"enemies":"Snecko","floor":21,"turns":3}],"seed_played":"8644958854608413398","potions_obtained":[{"floor":2,"key":"FearPotion"},{"floor":8,"key":"AttackPotion"},{"floor":10,"key":"EssenceOfSteel"},{"floor":12,"key":"Strength Potion"},{"floor":13,"key":"LiquidBronze"},{"floor":18,"key":"Poison Potion"}],"is_trial":false,"path_per_floor":["M","M","?","M","M","R","M","E","T","M","M","E","M","M","R","B",null,"M","?","M"],"character_chosen":"IRONCLAD","items_purchased":[],"campfire_rested":0,"item_purchase_floors":[],"current_hp_per_floor":[76,80,80,80,60,60,52,38,38,40,38,33,36,40,40,46,80,45,20,13,0],"gold":450,"neow_bonus":"ONE_RANDOM_RARE_CARD","is_prod":false,"is_daily":false,"chose_seed":false,"campfire_upgraded":2,"win_rate":0,"timestamp":1533037641,"path_taken":["M","M","?","M","?","R","M","E","T","M","M","E","?","?","R","BOSS","M","?","M","M"],"build_version":"2018-07-26","purchased_purges":0,"victory":false,"max_hp_per_floor":[80,80,80,80,80,80,80,80,80,80,80,80,80,80,80,80,80,80,80,80,80],"card_choices":[{"not_picked":["Clash","Flex"],"picked":"Shrug It Off","floor":1},{"not_picked":["Hemokinesis","Limit Break","Havoc"],"picked":"SKIP","floor":2},{"not_picked":["Heavy Blade","Warcry"],"picked":"Cleave","floor":4},{"not_picked":["Evolve","Body Slam"],"picked":"Sword Boomerang","floor":5},{"not_picked":["Twin Strike","Ghostly Armor"],"picked":"Iron Wave","floor":7},{"not_picked":["Reckless Charge","Spot Weakness"],"picked":"Rage","floor":8},{"not_picked":["Body Slam","Twin Strike"],"picked":"Thunderclap","floor":10},{"not_picked":["Searing Blow","Twin Strike"],"picked":"Dropkick","floor":11},{"not_picked":["Flex","Warcry"],"picked":"Pommel Strike","floor":12},{"not_picked":["Clothesline","Rage","Headbutt"],"picked":"SKIP","floor":13},{"not_picked":["Offering","Seeing Red"],"picked":"Flex","floor":14},{"not_picked":["Offering","Fiend Fire"],"picked":"Reaper","floor":16},{"not_picked":["Clothesline","Anger"],"picked":"Blood for Blood","floor":18},{"not_picked":["Anger","Sever Soul"],"picked":"Pommel Strike+1","floor":19},{"not_picked":["Dropkick+1","Wild Strike+1"],"picked":"Armaments","floor":20}],"player_experience":252942,"relics_obtained":[{"floor":8,"key":"Shovel"},{"floor":9,"key":"Champion Belt"},{"floor":12,"key":"Gremlin Horn"},{"floor":19,"key":"Red Mask"}],"event_choices":[{"event_name":"Match and Keep!","player_choice":"0 cards matched","floor":3,"damage_taken":0},{"event_name":"Masked Bandits","player_choice":"Fought over 403 gold","floor":19,"damage_taken":0}],"is_beta":false,"boss_relics":[{"not_picked":["Sozu","Ectoplasm"],"picked":"Runic Pyramid"}],"items_purged_floors":[],"is_endless":false,"potions_floor_spawned":[2,8,10,11,12,13,18],"killed_by":"Snecko","ascension_level":0}