{"gold_per_floor":[115,115,115,40,58,58,88,88,145,163,197,212,85,118,118,118],"floor_reached":16,"playtime":351,"items_purged":["Strike_R"],"score":286,"play_id":"4e6e09f5-1e25-4e13-b71c-f1bf45dcb6e0","local_time":"20190504214954","is_ascension_mode":true,"campfire_choices":[{"data":"Entrench","floor":6,"key":"SMITH"},{"data":"Armaments","floor":8,"key":"SMITH"},{"data":"True Grit","floor":15,"key":"SMITH"}],"neow_cost":"NONE","seed_source_timestamp":298072453524679,"circlet_count":0,"master_deck":["AscendersBane","Strike_R","Strike_R","Strike_R","Strike_R","Defend_R","Defend_R","Defend_R","Defend_R","Bash","Armaments+1","Entrench+1","Battle Trance","True Grit+1"],"relics":["Burning Blood","NeowsBlessing","PreservedInsect","Tiny Chest","Bottled Lightning","StoneCalendar"],"potions_floor_usage":[11,14,14],"damage_taken":[{"damage":0,"enemies":"Small Slimes","floor":1,"turns":1},{"damage":0,"enemies":"2 Louse","floor":5,"turns":1},{"damage":0,"enemies":"3 Sentries","floor":7,"turns":2},{"damage":2,"enemies":"Jaw Worm","floor":10,"turns":4},{"damage":40,"enemies":"Gremlin Nob","floor":11,"turns":5},{"damage":6,"enemies":"2 Fungi Beasts","floor":12,"turns":5},{"damage":17,"enemies":"3 Sentries","floor":14,"turns":11},{"damage":5,"enemies":"Hexaghost","floor":16,"turns":3}],"seed_played":"74582860632631047","potions_obtained":[{"floor":5,"key":"Regen Potion"},{"floor":10,"key":"Ancient Potion"},{"floor":12,"key":"PowerPotion"},{"floor":14,"key":"EssenceOfSteel"}],"is_trial":false,"path_per_floor":["M","$","?","$","M","R","E","R","T","M","E","M","$","E","R","B"],"character_chosen":"IRONCLAD","items_purchased":["Entrench","True Grit"],"campfire_rested":0,"item_purchase_floors":[4,13],"current_hp_per_floor":[74,74,74,74,75,75,75,75,75,75,41,41,41,45,45,40],"gold":118,"neow_bonus":"THREE_ENEMY_KILL","is_prod":false,"is_daily":false,"chose_seed":false,"campfire_upgraded":3,"win_rate":0,"timestamp":1556999394,"path_taken":["M","$","?","$","M","R","E","R","T","M","E","M","$","E","R","BOSS"],"build_version":"2019-01-23","purchased_purges":1,"victory":false,"max_hp_per_floor":[75,75,75,75,75,75,75,75,75,75,75,75,75,75,75,75],"card_choices":[{"not_picked":["Twin Strike","Inflame"],"picked":"Armaments","floor":1},{"not_picked":["Blood for Blood","Warcry","Burning Pact"],"picked":"SKIP","floor":5},{"not_picked":["Flex","Heavy Blade","Sword Boomerang"],"picked":"SKIP","floor":7},{"not_picked":["Warcry","Clothesline","Anger"],"picked":"SKIP","floor":10},{"not_picked":["Twin Strike","Cleave","Havoc"],"picked":"SKIP","floor":11},{"not_picked":["Sentinel","Clash"],"picked":"Battle Trance","floor":12},{"not_picked":["Anger","True Grit","Blood for Blood"],"picked":"SKIP","floor":14}],"player_experience":860021,"relics_obtained":[{"floor":7,"key":"PreservedInsect"},{"floor":9,"key":"Tiny Chest"},{"floor":11,"key":"Bottled Lightning"},{"floor":14,"key":"StoneCalendar"}],"event_choices":[{"damage_healed":0,"gold_gain":0,"player_choice":"Leave","damage_taken":0,"max_hp_gain":0,"max_hp_loss":0,"event_name":"The Cleric","floor":3,"gold_loss":0}],"is_beta":false,"boss_relics":[],"items_purged_floors":[13],"is_endless":false,"potions_floor_spawned":[5,10,12,14],"killed_by":"Hexaghost","ascension_level":20}