{"gold_per_floor":[109,127,140,140,158,192,41,74,143,164,14,48,48,148,148,253,253,270,270,68,68,68,101,101,24,24,44,44,44,44,72,72,172,172,189,205,205,9,20,20,0,0,0,14,14,27,80,115,115,115],"floor_reached":50,"playtime":2742,"items_purged":["Strike_B","Strike_B","Strike_B"],"score":762,"play_id":"bdffb525-ab9e-411f-a4e8-0e5eb278d19a","local_time":"20180714183810","is_ascension_mode":true,"campfire_choices":[{"data":"Zap","floor":13,"key":"SMITH"},{"floor":15,"key":"REST"},{"data":"Storm","floor":24,"key":"SMITH"},{"floor":28,"key":"REST"},{"floor":32,"key":"REST"},{"data":"Defragment","floor":40,"key":"SMITH"},{"data":"Buffer","floor":45,"key":"SMITH"},{"floor":49,"key":"REST"}],"neow_cost":"NONE","seed_source_timestamp":110943727193600,"circlet_count":0,"master_deck":["Defend_B","Defend_B","Defend_B","Defend_B","Zap+1","Dualcast","Cold Snap","Streamline","Electrodynamics","Ball Lightning","Thunder Strike+1","Cold Snap","Storm+1","Loop","Melter+1","Echo Form","RitualDagger","Leap","Zap+1","Leap","Static Discharge","Capacitor","Stack","Self Repair","Consume+1","Storm","Buffer+1","Coolheaded+1","Leap","Defragment+1","Secret Technique","Leap+1","Storm+1"],"relics":["Cracked Core","Juzu Bracelet","Omamori","Bird Faced Urn","Bottled Lightning","Odd Mushroom","Dream Catcher","Calling Bell","Happy Flower","Ornamental Fan","Du-Vu Doll","Art of War","Prayer Wheel","Mercury Hourglass","Emotion Chip","Lizard Tail","Spirit Poop","Red Mask","Peace Pipe","Calipers","Whetstone"],"potions_floor_usage":[8,12,12,16,23,23,27,33,50,50],"damage_taken":[{"damage":2,"enemies":"2 Louse","floor":1,"turns":3},{"damage":0,"enemies":"Cultist","floor":2,"turns":3},{"damage":2,"enemies":"Jaw Worm","floor":3,"turns":4},{"damage":0,"enemies":"Large Slime","floor":5,"turns":4},{"damage":24,"enemies":"Gremlin Nob","floor":6,"turns":4},{"damage":23,"enemies":"Lagavulin","floor":8,"turns":5},{"damage":5,"floor":10,"turns":3},{"damage":0,"enemies":"Gremlin Nob","floor":12,"turns":2},{"damage":12,"enemies":"The Guardian","floor":16,"turns":8},{"damage":16,"enemies":"3 Byrds","floor":18,"turns":2},{"damage":45,"enemies":"Slavers","floor":23,"turns":5},{"damage":14,"enemies":"Shell Parasite","floor":27,"turns":4},{"damage":40,"enemies":"Book of Stabbing","floor":31,"turns":5},{"damage":54,"enemies":"Collector","floor":33,"turns":6},{"damage":8,"enemies":"Orb Walker","floor":35,"turns":3},{"damage":9,"enemies":"Flame Bruiser 1 Orb","floor":36,"turns":5},{"damage":32,"enemies":"Sphere and 2 Shapes","floor":39,"turns":5},{"damage":7,"enemies":"Maw","floor":44,"turns":6},{"damage":29,"enemies":"3 Darklings","floor":46,"turns":4},{"damage":24,"floor":47,"turns":5},{"damage":43,"enemies":"2 Orb Walkers","floor":48,"turns":4},{"damage":116,"enemies":"Awakened One","floor":50,"turns":7}],"seed_played":"-4333385959181696687","potions_obtained":[{"floor":6,"key":"Poison Potion"},{"floor":8,"key":"Poison Potion"},{"floor":12,"key":"Dexterity Potion"},{"floor":16,"key":"Regen Potion"},{"floor":22,"key":"Poison Potion"},{"floor":22,"key":"Poison Potion"},{"floor":31,"key":"GamblersBrew"},{"floor":35,"key":"Ancient Potion"},{"floor":39,"key":"GamblersBrew"}],"is_trial":false,"path_per_floor":["M","M","M","?","M","E","$","E","T","?","$","E","R","?","R","B",null,"M","?","$","?","?","E","R","$","T","M","R","?","?","E","R","B",null,"M","M","?","$","M","R","?","?","T","M","R","M","?","E","R"],"character_chosen":"DEFECT","items_purchased":["Thunder Strike","PowerPotion","Art of War","Leap","Static Discharge","Defragment"],"campfire_rested":4,"item_purchase_floors":[7,11,20,20,25,38],"current_hp_per_floor":[66,66,64,64,64,40,40,17,17,14,14,20,20,20,42,36,65,55,49,49,49,49,12,12,12,12,20,42,42,42,21,43,12,59,68,75,75,75,63,63,63,53,53,75,75,54,49,14,36,0],"gold":115,"neow_bonus":"RANDOM_COMMON_RELIC","is_prod":false,"is_daily":false,"chose_seed":false,"campfire_upgraded":4,"win_rate":0,"timestamp":1531586290,"path_taken":["M","M","M","?","M","E","$","E","T","?","$","E","R","?","R","BOSS","M","?","$","?","?","E","R","?","T","M","R","?","?","E","R","BOSS","M","M","?","$","M","R","?","?","T","M","R","M","?","E","R","BOSS"],"build_version":"2018-07-13","purchased_purges":3,"victory":false,"max_hp_per_floor":[75,75,75,75,75,75,75,75,75,75,75,75,75,75,75,75,75,75,75,75,75,75,75,75,75,75,75,75,75,75,75,75,75,75,75,75,75,75,75,75,75,75,75,75,75,75,75,75,75,75],"card_choices":[{"not_picked":["Coolheaded","Barrage"],"picked":"Cold Snap","floor":1},{"not_picked":["Turbo","Redo"],"picked":"Streamline","floor":2},{"not_picked":["Conserve Battery","Auto Shields"],"picked":"Electrodynamics","floor":3},{"not_picked":["Fusion","Leap"],"picked":"Ball Lightning","floor":5},{"not_picked":["Compile Driver","Fusion","Multi-Cast"],"picked":"SKIP","floor":6},{"not_picked":["Sweeping Beam","All For One"],"picked":"Cold Snap","floor":8},{"not_picked":["Barrage","Chaos"],"picked":"Storm","floor":10},{"not_picked":["Conserve Battery","Force Field"],"picked":"Loop","floor":12},{"not_picked":["Rebound","Skim"],"picked":"Melter","floor":15},{"not_picked":["Buffer","Hyperbeam"],"picked":"Echo Form","floor":16},{"not_picked":["Rebound","Redo","Ball Lightning"],"picked":"SKIP","floor":18},{"not_picked":["Beam Cell","Blizzard+1"],"picked":"Leap","floor":23},{"not_picked":["Stack","Gash+1"],"picked":"Capacitor","floor":27},{"not_picked":["Rebound+1","Multi-Cast"],"picked":"Stack","floor":27},{"not_picked":["Stack","Auto Shields"],"picked":"Self Repair","floor":28},{"not_picked":["Aggregate","Capacitor"],"picked":"Consume+1","floor":31},{"not_picked":["Reprogram","Rebound"],"picked":"Storm","floor":32},{"not_picked":["Electrodynamics","Biased Cognition"],"picked":"Buffer","floor":33},{"not_picked":["Rebound","Doom and Gloom"],"picked":"Coolheaded+1","floor":35},{"not_picked":["Go for the Eyes","Steam","Double Energy"],"picked":"SKIP","floor":35},{"not_picked":["Sweeping Beam","Sunder+1"],"picked":"Leap","floor":36},{"not_picked":["Sweeping Beam+1","Lockon","Recycle+1"],"picked":"SKIP","floor":36},{"not_picked":["Darkness","Rebound+1","Compile Driver"],"picked":"SKIP","floor":39},{"not_picked":["Steam+1","FTL","Rebound"],"picked":"SKIP","floor":39},{"not_picked":["Secret Weapon","Swift Strike"],"picked":"Secret Technique","floor":42},{"not_picked":["Lockon+1","Sweeping Beam"],"picked":"Leap+1","floor":44},{"not_picked":["Sweeping Beam","Compile Driver+1","Gash+1"],"picked":"SKIP","floor":44},{"not_picked":["Compile Driver","Steam+1","Stack"],"picked":"SKIP","floor":46},{"not_picked":["Beam Cell","Turbo+1","Reboot"],"picked":"SKIP","floor":46},{"not_picked":["Leap","Rebound+1"],"picked":"Storm+1","floor":47},{"not_picked":["Blizzard+1","Gash+1","Rebound+1"],"picked":"SKIP","floor":48}],"player_experience":390499,"relics_obtained":[{"floor":6,"key":"Omamori"},{"floor":8,"key":"Bird Faced Urn"},{"floor":9,"key":"Bottled Lightning"},{"floor":10,"key":"Odd Mushroom"},{"floor":12,"key":"Dream Catcher"},{"floor":17,"key":"Happy Flower"},{"floor":17,"key":"Ornamental Fan"},{"floor":17,"key":"Du-Vu Doll"},{"floor":23,"key":"Prayer Wheel"},{"floor":26,"key":"Mercury Hourglass"},{"floor":31,"key":"Emotion Chip"},{"floor":43,"key":"Peace Pipe"},{"floor":47,"key":"Calipers"},{"floor":48,"key":"Whetstone"}],"event_choices":[{"event_name":"Purifier","player_choice":"One Purge","floor":4,"damage_taken":0},{"event_name":"Mushrooms","player_choice":"Fought Mushrooms","floor":10,"damage_taken":0},{"event_name":"Wheel of Change","player_choice":"Gold","floor":14,"damage_taken":0},{"event_name":"Nest","player_choice":"Joined the Cult","floor":19,"damage_taken":0},{"event_name":"Duplicator","player_choice":"One dupe","floor":21,"damage_taken":0},{"event_name":"The Lab","player_choice":"Got Potions","floor":22,"damage_taken":0},{"event_name":"Cursed Tome","player_choice":"Ignored","floor":29,"damage_taken":0},{"event_name":"Drug Dealer","player_choice":"Ignored","floor":30,"damage_taken":0},{"event_name":"Bonfire Elementals","player_choice":"CURSE","floor":37,"damage_taken":0},{"event_name":"Tomb of Lord Red Mask","player_choice":"Paid","floor":41,"damage_taken":0},{"event_name":"SensoryStone","player_choice":"Memory 3","floor":42,"damage_taken":0},{"event_name":"Mysterious Sphere","player_choice":"Fight","floor":47,"damage_taken":0}],"boss_relics":[{"not_picked":["FrozenCore","Fusion Hammer"],"picked":"Calling Bell"},{"not_picked":["Nuclear Battery","Runic Dome"],"picked":"Lizard Tail"}],"items_purged_floors":[7,11,38],"is_endless":false,"potions_floor_spawned":[6,8,12,16,31,35,39],"killed_by":"Awakened One","ascension_level":7}