{"gold_per_floor":[119,136,152,152,167,167,184,184,208,225,257,274,234],"floor_reached":13,"playtime":335,"items_purged":[],"score":178,"play_id":"4dadd7bb-80d2-4209-b4b4-478e13def281","local_time":"20191010145554","is_ascension_mode":true,"campfire_choices":[{"data":"Bouncing Flask","floor":6.0,"key":"SMITH"}],"neow_cost":"NONE","seed_source_timestamp":11595047312840,"circlet_count":0,"master_deck":["AscendersBane","Strike_G","Strike_G","Strike_G","Strike_G","Strike_G","Defend_G","Defend_G","Defend_G","Defend_G","Defend_G","Survivor","Neutralize","Noxious Fumes+1","Dagger Spray","Bouncing Flask+1","Backflip","Adrenaline","Backflip"],"special_seed":0,"relics":["Ring of the Snake","Strawberry","Lantern"],"potions_floor_usage":[7,7,13],"damage_taken":[{"damage":0.0,"enemies":"Cultist","floor":1.0,"turns":4.0},{"damage":4.0,"enemies":"Small Slimes","floor":2.0,"turns":3.0},{"damage":0.0,"enemies":"2 Louse","floor":3.0,"turns":3.0},{"damage":6.0,"enemies":"2 Fungi Beasts","floor":5.0,"turns":4.0},{"damage":10,"enemies":"Large Slime","floor":7,"turns":5},{"damage":23,"enemies":"Lots of Slimes","floor":10,"turns":4},{"damage":12,"enemies":"Lagavulin","floor":11,"turns":5},{"damage":8,"enemies":"2 Fungi Beasts","floor":12,"turns":3},{"damage":1,"enemies":"Looter","floor":13,"turns":3}],"seed_played":"-1935105817774744346","potions_obtained":[{"floor":2.0,"key":"Poison Potion"},{"floor":3.0,"key":"AttackPotion"},{"floor":12,"key":"Strength Potion"}],"is_trial":false,"path_per_floor":["M","M","M","?","M","R","M","?","T","M","E","M","M"],"character_chosen":"THE_SILENT","items_purchased":[],"campfire_rested":0,"item_purchase_floors":[],"current_hp_per_floor":[59,55,55,55,49,49,39,39,46,23,11,3,2],"gold":234,"neow_bonus":"THREE_CARDS","is_prod":false,"is_daily":false,"chose_seed":false,"campfire_upgraded":1,"win_rate":0,"timestamp":1570712154,"path_taken":["M","M","M","?","M","R","M","?","T","M","E","M","?"],"build_version":"2019-10-09","purchased_purges":0,"victory":false,"max_hp_per_floor":[66,66,66,66,66,66,66,66,73,73,73,73,73],"card_choices":[{"not_picked":["Escape Plan","Acrobatics"],"picked":"Noxious Fumes","floor":0.0},{"not_picked":["Deflect","Distraction"],"picked":"Dagger Spray","floor":1.0},{"not_picked":["Acrobatics","Slice","Expertise"],"picked":"SKIP","floor":2.0},{"not_picked":["Bane","Dagger Throw"],"picked":"Bouncing Flask","floor":3.0},{"not_picked":["Poisoned Stab","Finisher","Cloak And Dagger"],"picked":"SKIP","floor":5.0},{"not_picked":["Accuracy","Bane","Dagger Spray"],"picked":"SKIP","floor":7},{"not_picked":["Acrobatics","Malaise"],"picked":"Backflip","floor":10},{"not_picked":["Flying Knee","Quick Slash"],"picked":"Adrenaline","floor":11},{"not_picked":["Dagger Throw","Blade Dance"],"picked":"Backflip","floor":12}],"player_experience":839296,"relics_obtained":[{"floor":9,"key":"Strawberry"},{"floor":11,"key":"Lantern"}],"event_choices":[{"damage_healed":0.0,"max_hp_gain":0.0,"max_hp_loss":0.0,"gold_gain":0.0,"event_name":"Shining Light","player_choice":"Ignored","floor":4.0,"gold_loss":0.0,"damage_taken":0.0},{"damage_healed":0,"gold_gain":0,"player_choice":"Upgraded","damage_taken":0,"max_hp_gain":0,"max_hp_loss":0,"event_name":"Upgrade Shrine","floor":8,"gold_loss":0,"cards_upgraded":["Noxious Fumes"]}],"is_beta":true,"boss_relics":[],"items_purged_floors":[],"is_endless":false,"potions_floor_spawned":[2,3,5,12],"killed_by":"Looter","ascension_level":20}