{"gold_per_floor":[118,118,43,57,57,83,100,100,100,130,143,143,157,157,157,228,228,241,241,254,267,60,60,110,110,136,136,151,186,186,34,34,108,108,124,224,224,234,249,281,281,296,296,330,345,345,189,215,215,215],"floor_reached":50,"playtime":1900,"items_purged":["Normality","Parasite"],"score":1211,"play_id":"7965fa53-23b9-4e80-9eca-07866cb9a280","local_time":"20181116234434","is_ascension_mode":true,"campfire_choices":[{"data":"Bouncing Flask","floor":12.0,"key":"SMITH"},{"floor":15.0,"key":"REST"},{"data":"Apotheosis","floor":23.0,"key":"SMITH"},{"floor":25.0,"key":"REST"},{"data":"Noxious Fumes","floor":27.0,"key":"SMITH"},{"floor":32.0,"key":"REST"},{"data":"Adrenaline","floor":46.0,"key":"SMITH"},{"data":"Burst","floor":49.0,"key":"SMITH"}],"neow_cost":"NONE","seed_source_timestamp":18401088244846,"circlet_count":0,"master_deck":["AscendersBane","Defend_G","Defend_G","Defend_G","Defend_G","Defend_G+1","Survivor+1","Neutralize","Deadly Poison+1","Leg Sweep","Noxious Fumes+1","Adrenaline+1","Bouncing Flask+1","Bouncing Flask","After Image","Bouncing Flask","Escape Plan","Leg Sweep","Apotheosis+1","Backflip","Footwork","Footwork","Burst+1","Catalyst","Well Laid Plans+1","Regret"],"special_seed":0,"relics":["Ring of the Snake","NeowsBlessing","Question Card","Bottled Tornado","Calipers","Singing Bowl","Cursed Key","Centennial Puzzle","Empty Cage","Ice Cream","Mango","Meat on the Bone","Pen Nib"],"potions_floor_usage":[50],"damage_taken":[{"damage":0.0,"enemies":"2 Louse","floor":1.0,"turns":1.0},{"damage":0.0,"enemies":"Small Slimes","floor":4.0,"turns":1.0},{"damage":0.0,"enemies":"Gremlin Nob","floor":6.0,"turns":1.0},{"damage":4.0,"enemies":"Jaw Worm","floor":7.0,"turns":5.0},{"damage":3.0,"enemies":"Large Slime","floor":11.0,"turns":6.0},{"damage":6.0,"enemies":"Exordium Thugs","floor":13.0,"turns":3.0},{"damage":31.0,"enemies":"Slime Boss","floor":16.0,"turns":10.0},{"damage":0.0,"enemies":"Spheric Guardian","floor":18.0,"turns":3.0},{"damage":8.0,"enemies":"2 Thieves","floor":20.0,"turns":5.0},{"damage":9.0,"enemies":"Cultist and Chosen","floor":21.0,"turns":7.0},{"damage":0.0,"enemies":"Snecko","floor":28.0,"turns":4.0},{"damage":14.0,"enemies":"Book of Stabbing","floor":29.0,"turns":5.0},{"damage":12.0,"enemies":"Automaton","floor":33.0,"turns":10.0},{"damage":0.0,"enemies":"3 Shapes","floor":35.0,"turns":6.0},{"damage":0.0,"enemies":"Mind Bloom Boss Battle","floor":36.0,"turns":9.0},{"damage":1.0,"enemies":"3 Darklings","floor":38.0,"turns":5.0},{"damage":2.0,"enemies":"Sphere and 2 Shapes","floor":39.0,"turns":6.0},{"damage":2.0,"enemies":"Nemesis","floor":40.0,"turns":7.0},{"damage":5.0,"enemies":"Writhing Mass","floor":42.0,"turns":5.0},{"damage":0.0,"enemies":"Giant Head","floor":44.0,"turns":4.0},{"damage":1.0,"enemies":"Maw","floor":45.0,"turns":4.0},{"damage":71,"enemies":"Awakened One","floor":50,"turns":7}],"seed_played":"-7786415392498134367","potions_obtained":[{"floor":7.0,"key":"SpeedPotion"},{"floor":16.0,"key":"AttackPotion"},{"floor":18.0,"key":"Block Potion"},{"floor":20.0,"key":"Block Potion"},{"floor":29.0,"key":"FearPotion"},{"floor":35.0,"key":"Swift Potion"},{"floor":39.0,"key":"Swift Potion"},{"floor":42.0,"key":"SteroidPotion"},{"floor":44.0,"key":"Ancient Potion"}],"is_trial":false,"path_per_floor":["M","?","?","M","?","E","M","?","T","?","M","R","M","?","R","B",null,"M","?","M","M","$","R","?","R","T","R","M","E","?","$","R","B",null,"M","?","?","M","M","E","$","M","T","E","M","R","$","T","R","B"],"character_chosen":"THE_SILENT","items_purchased":["Apotheosis","Footwork","PowerPotion"],"campfire_rested":3,"item_purchase_floors":[22,31,47],"current_hp_per_floor":[59,59,59,59,39,39,35,35,35,35,32,32,26,21,40,9,52,52,52,46,37,37,37,37,57,57,57,59,45,45,45,66,54,66,68,68,68,69,69,83,83,80,80,80,81,81,81,81,81,10],"gold":215,"neow_bonus":"THREE_ENEMY_KILL","is_prod":false,"is_daily":false,"chose_seed":false,"campfire_upgraded":5,"win_rate":0,"timestamp":1542408274,"path_taken":["M","?","?","M","?","E","M","?","T","?","?","R","M","?","R","BOSS","M","?","M","M","$","R","?","R","T","R","M","E","?","$","R","BOSS","M","?","?","M","M","E","$","M","T","E","M","R","$","?","R","BOSS"],"build_version":"2018-11-15","purchased_purges":2,"victory":false,"max_hp_per_floor":[66,66,66,66,66,66,66,66,66,66,66,66,66,66,66,66,66,66,66,68,68,68,68,68,68,68,68,70,70,70,70,70,70,70,72,72,72,74,76,92,92,94,94,94,96,96,93,93,93,93],"card_choices":[{"not_picked":["Bane","Flying Knee"],"picked":"Deadly Poison","floor":1.0},{"not_picked":["Deflect","Dodge and Roll"],"picked":"Leg Sweep","floor":4.0},{"not_picked":["Escape Plan","Slice"],"picked":"Noxious Fumes","floor":6.0},{"not_picked":["Sucker Punch","Well Laid Plans","Deflect"],"picked":"Adrenaline","floor":7.0},{"not_picked":["Outmaneuver","Blur","Flying Knee"],"picked":"Bouncing Flask","floor":11.0},{"not_picked":["Outmaneuver","Slice","Backflip"],"picked":"Bouncing Flask","floor":13.0},{"not_picked":["Envenom","Burst","Adrenaline"],"picked":"After Image","floor":16.0},{"not_picked":["Finisher","Deflect","Poisoned Stab"],"picked":"Bouncing Flask","floor":18.0},{"not_picked":["Flying Knee","PiercingWail","Dodge and Roll","Outmaneuver"],"picked":"Singing Bowl","floor":20.0},{"not_picked":["Outmaneuver","Endless Agony","Flying Knee"],"picked":"Leg Sweep","floor":21.0},{"not_picked":["Bane","Sucker Punch","Leg Sweep","Predator"],"picked":"Singing Bowl","floor":28.0},{"not_picked":["Cloak And Dagger","Night Terror","PiercingWail"],"picked":"Backflip","floor":29.0},{"not_picked":["Wraith Form v2","Tools of the Trade","Envenom"],"picked":"Burst","floor":33.0},{"not_picked":["Dagger Throw+1","Heel Hook","Masterful Stab","Tactician+1"],"picked":"Singing Bowl","floor":35.0},{"not_picked":["Cloak And Dagger+1","Prepared","Outmaneuver+1"],"picked":"Catalyst","floor":36.0},{"not_picked":["Blade Dance","Quick Slash+1","Bane","Skewer"],"picked":"Singing Bowl","floor":38.0},{"not_picked":["Outmaneuver","Cloak And Dagger","PiercingWail+1","Prepared"],"picked":"Singing Bowl","floor":39.0},{"not_picked":["Dagger Spray","Finisher","Heel Hook","Prepared"],"picked":"Singing Bowl","floor":40.0},{"not_picked":["Sucker Punch+1","Infinite Blades","PiercingWail","Unload"],"picked":"Singing Bowl","floor":42.0},{"not_picked":["All Out Attack+1","Skewer","Reflex"],"picked":"Well Laid Plans+1","floor":44.0},{"not_picked":["Dodge and Roll+1","Outmaneuver","Setup","Predator"],"picked":"Singing Bowl","floor":45.0}],"player_experience":767820,"relics_obtained":[{"floor":6.0,"key":"Question Card"},{"floor":9.0,"key":"Bottled Tornado"},{"floor":29.0,"key":"Centennial Puzzle"},{"floor":36.0,"key":"Ice Cream"},{"floor":40.0,"key":"Mango"},{"floor":43.0,"key":"Meat on the Bone"},{"floor":48.0,"key":"Pen Nib"}],"event_choices":[{"damage_healed":0.0,"max_hp_gain":0.0,"max_hp_loss":0.0,"gold_gain":0.0,"event_name":"Liars Game","player_choice":"Ignored","floor":2.0,"gold_loss":0.0,"damage_taken":0.0},{"cards_removed":["Strike_G"],"damage_healed":0.0,"max_hp_gain":0.0,"max_hp_loss":0.0,"gold_gain":0.0,"event_name":"The Cleric","player_choice":"Card Removal","floor":3.0,"gold_loss":75.0,"damage_taken":0.0},{"damage_healed":0.0,"max_hp_gain":0.0,"max_hp_loss":0.0,"gold_gain":0.0,"event_name":"Shining Light","player_choice":"Entered Light","floor":5.0,"gold_loss":0.0,"damage_taken":20.0,"cards_upgraded":["Defend_G","Survivor"]},{"damage_healed":0.0,"max_hp_gain":0.0,"max_hp_loss":0.0,"gold_gain":0.0,"event_name":"Living Wall","player_choice":"Grow","floor":8.0,"gold_loss":0.0,"damage_taken":0.0,"cards_upgraded":["Deadly Poison"]},{"damage_healed":0.0,"max_hp_gain":0.0,"max_hp_loss":0.0,"gold_gain":30.0,"event_name":"Dead Adventurer","player_choice":"Searched \u00272\u0027 times","floor":10.0,"gold_loss":0.0,"damage_taken":0.0,"relics_obtained":["Calipers"]},{"damage_healed":0.0,"max_hp_gain":0.0,"max_hp_loss":0.0,"gold_gain":0.0,"event_name":"Scrap Ooze","player_choice":"Success","floor":14.0,"gold_loss":0.0,"damage_taken":5.0,"relics_obtained":["Singing Bowl"]},{"damage_healed":0.0,"max_hp_gain":0.0,"max_hp_loss":0.0,"gold_gain":0.0,"cards_transformed":["Strike_G","Strike_G"],"event_name":"Drug Dealer","player_choice":"Became Test Subject","floor":19.0,"gold_loss":0.0,"damage_taken":0.0,"cards_obtained":["Finisher","Escape Plan"]},{"damage_healed":0.0,"max_hp_gain":0.0,"max_hp_loss":0.0,"gold_gain":50.0,"event_name":"Nest","player_choice":"Stole From Cult","floor":24.0,"gold_loss":0.0,"damage_taken":0.0},{"damage_healed":0.0,"max_hp_gain":0.0,"max_hp_loss":0.0,"gold_gain":0.0,"event_name":"The Library","player_choice":"Read","floor":30.0,"gold_loss":0.0,"damage_taken":0.0,"cards_obtained":["Footwork"]},{"damage_healed":0.0,"max_hp_gain":0.0,"max_hp_loss":0.0,"gold_gain":0.0,"event_name":"MindBloom","player_choice":"Fight","floor":36.0,"gold_loss":0.0,"damage_taken":0.0},{"cards_removed":["Strike_G"],"damage_healed":0.0,"max_hp_gain":0.0,"max_hp_loss":0.0,"gold_gain":0.0,"event_name":"Falling","player_choice":"Removed Attack","floor":37.0,"gold_loss":0.0,"damage_taken":0.0}],"is_beta":true,"boss_relics":[{"not_picked":["Tiny House","Sozu"],"picked":"Cursed Key"},{"not_picked":["Pandora\u0027s Box","Velvet Choker"],"picked":"Empty Cage"}],"items_purged_floors":[31,47],"is_endless":false,"potions_floor_spawned":[7,16,18,20,29,35,39,40,42,44],"killed_by":"Awakened One","ascension_level":20}