{"gold_per_floor":[109,124,142,142,157,157,167,167,213,40,55,86,96,129,129,203,203,215,215,82,96,146,146,180,180,180,200,200,100,112,112,112,189,189,201,220,220,15,15,15,47,47,70,70,9,38,53,129,129,129],"floor_reached":50,"playtime":1088,"items_purged":["Defend_R","Defend_R","Defend_R"],"score":1003,"play_id":"d1d99817-a55b-4ff6-ba12-97aeebf5f600","local_time":"20181025181748","is_ascension_mode":true,"campfire_choices":[{"data":"Spot Weakness","floor":6.0,"key":"SMITH"},{"data":"Bash","floor":8.0,"key":"SMITH"},{"data":"Bludgeon","floor":15.0,"key":"SMITH"},{"data":"Inflame","floor":23.0,"key":"SMITH"},{"data":"Flex","floor":25.0,"key":"SMITH"},{"data":"Flex","floor":28.0,"key":"SMITH"},{"data":"Perfected Strike","floor":32.0,"key":"SMITH"},{"data":"Perfected Strike","floor":40.0,"key":"SMITH"},{"data":"Flex","floor":42.0,"key":"SMITH"},{"data":"Sword Boomerang","floor":49.0,"key":"SMITH"}],"neow_cost":"NONE","seed_source_timestamp":0,"circlet_count":0,"master_deck":["Strike_R","Strike_R","Strike_R","Strike_R","Strike_R","Bash+1","AscendersBane","Immolate+1","Battle Trance","Cleave","Spot Weakness+1","Sword Boomerang+1","Flex+1","Bludgeon+1","Reaper","Inflame+1","Flex+1","Sword Boomerang","Perfected Strike+1","Reaper","Perfected Strike+1","Pommel Strike","Flex+1","Pommel Strike+1","Pain"],"special_seed":0,"relics":["Burning Blood","Regal Pillow","Strawberry","Blue Candle","Bag of Marbles","Coffee Dripper","Blood Vial","Pear","Cursed Key","Gremlin Horn","Juzu Bracelet","Prayer Wheel","Anchor","Potion Belt","Ornamental Fan"],"potions_floor_usage":[50],"damage_taken":[{"damage":16.0,"enemies":"Jaw Worm","floor":1.0,"turns":5.0},{"damage":0.0,"enemies":"2 Louse","floor":2.0,"turns":1.0},{"damage":0.0,"enemies":"Small Slimes","floor":3.0,"turns":2.0},{"damage":0.0,"enemies":"2 Fungi Beasts","floor":5.0,"turns":1.0},{"damage":0.0,"enemies":"3 Louse","floor":7.0,"turns":1.0},{"damage":7.0,"enemies":"Gremlin Gang","floor":11.0,"turns":2.0},{"damage":10.0,"enemies":"3 Sentries","floor":12.0,"turns":3.0},{"damage":0.0,"enemies":"2 Fungi Beasts","floor":13.0,"turns":2.0},{"damage":8.0,"enemies":"Gremlin Nob","floor":14.0,"turns":3.0},{"damage":68.0,"enemies":"Hexaghost","floor":16.0,"turns":7.0},{"damage":21.0,"enemies":"Shell Parasite","floor":18.0,"turns":2.0},{"damage":0.0,"enemies":"Chosen","floor":21.0,"turns":2.0},{"damage":10.0,"enemies":"Gremlin Leader","floor":24.0,"turns":4.0},{"damage":24.0,"enemies":"Snake Plant","floor":27.0,"turns":2.0},{"damage":11.0,"enemies":"Sentry and Sphere","floor":30.0,"turns":3.0},{"damage":35.0,"enemies":"Collector","floor":33.0,"turns":4.0},{"damage":46.0,"enemies":"3 Shapes","floor":35.0,"turns":3.0},{"damage":25.0,"enemies":"3 Darklings","floor":36.0,"turns":4.0},{"damage":34.0,"enemies":"Reptomancer","floor":41.0,"turns":3.0},{"damage":0.0,"enemies":"Mind Bloom Boss Battle","floor":44.0,"turns":3.0},{"damage":43.0,"enemies":"Giant Head","floor":46.0,"turns":5.0},{"damage":33.0,"enemies":"Spire Growth","floor":47.0,"turns":3.0},{"damage":99,"enemies":"Awakened One","floor":50,"turns":5}],"seed_played":"5704181569863423880","potions_obtained":[{"floor":1.0,"key":"PowerPotion"},{"floor":2.0,"key":"FearPotion"},{"floor":3.0,"key":"Block Potion"},{"floor":7.0,"key":"EntropicBrew"},{"floor":16.0,"key":"Ancient Potion"},{"floor":18.0,"key":"PowerPotion"},{"floor":33.0,"key":"PowerPotion"},{"floor":35.0,"key":"EntropicBrew"}],"is_trial":false,"path_per_floor":["M","M","M","?","M","R","M","R","T","$","M","E","M","E","R","B",null,"M","?","$","M","?","R","E","R","T","M","R","$","M","$","R","B",null,"M","M","?","$","?","R","E","R","T","?","?","E","M","T","R"],"character_chosen":"IRONCLAD","items_purchased":["Strawberry","Flex","Pommel Strike","Flex"],"campfire_rested":0,"item_purchase_floors":[10,20,38,38],"current_hp_per_floor":[58,64,70,70,75,75,75,75,75,82,81,77,82,80,80,18,66,59,59,59,65,65,65,78,78,88,72,72,72,77,77,77,50,82,66,80,80,80,80,80,59,59,59,87,87,50,31,31,31,0],"gold":129,"neow_bonus":"ONE_RANDOM_RARE_CARD","is_prod":false,"is_daily":false,"chose_seed":false,"campfire_upgraded":10,"win_rate":0,"timestamp":1540484268,"path_taken":["M","M","M","?","M","R","M","R","T","$","M","E","M","E","R","BOSS","M","?","$","M","?","R","E","R","T","M","R","$","?","$","R","BOSS","M","M","?","$","?","R","E","R","T","?","?","E","M","?","R","BOSS"],"build_version":"2018-10-24","purchased_purges":3,"victory":false,"max_hp_per_floor":[75,75,75,75,75,75,75,75,75,82,82,82,82,82,82,82,82,82,82,82,82,82,82,82,82,92,92,92,92,92,92,92,92,92,92,92,87,87,87,87,87,87,87,87,87,87,87,87,87,87],"card_choices":[{"not_picked":["Corruption","Rage"],"picked":"Battle Trance","floor":1.0},{"not_picked":["Disarm","Intimidate","Body Slam"],"picked":"SKIP","floor":2.0},{"not_picked":["Shockwave","Clothesline"],"picked":"Cleave","floor":3.0},{"not_picked":["Disarm","Anger"],"picked":"Spot Weakness","floor":5.0},{"not_picked":["Wild Strike","Anger","Armaments"],"picked":"SKIP","floor":7.0},{"not_picked":["Entrench","True Grit"],"picked":"Sword Boomerang","floor":11.0},{"not_picked":["Armaments","Thunderclap"],"picked":"Flex","floor":12.0},{"not_picked":["Wild Strike","Shrug It Off","Iron Wave"],"picked":"SKIP","floor":13.0},{"not_picked":["Fire Breathing","Twin Strike"],"picked":"Bludgeon","floor":14.0},{"not_picked":["Double Tap","Brutality"],"picked":"Reaper","floor":16.0},{"not_picked":["Corruption","Sword Boomerang","Rampage"],"picked":"SKIP","floor":18.0},{"not_picked":["Body Slam","Clash+1"],"picked":"Sword Boomerang","floor":21.0},{"not_picked":["Rampage","Sever Soul","Havoc"],"picked":"SKIP","floor":24.0},{"not_picked":["Offering","Cleave","Body Slam"],"picked":"SKIP","floor":27.0},{"not_picked":["Twin Strike","Corruption"],"picked":"Perfected Strike","floor":30.0},{"not_picked":["Berserk","Dark Embrace"],"picked":"Reaper","floor":33.0},{"not_picked":["Cleave","Pummel","Sword Boomerang"],"picked":"SKIP","floor":35.0},{"not_picked":["Rage","Sever Soul+1"],"picked":"Perfected Strike","floor":36.0},{"not_picked":["Disarm","Armaments","Anger"],"picked":"SKIP","floor":41.0},{"not_picked":["Wild Strike","Clash","Warcry"],"picked":"SKIP","floor":46.0},{"not_picked":["Seeing Red","Havoc+1"],"picked":"Pommel Strike+1","floor":47.0},{"not_picked":["Thunderclap+1","Havoc+1","Impervious"],"picked":"SKIP","floor":47.0}],"player_experience":698327,"relics_obtained":[{"floor":9.0,"key":"Regal Pillow"},{"floor":12.0,"key":"Blue Candle"},{"floor":14.0,"key":"Bag of Marbles"},{"floor":24.0,"key":"Blood Vial"},{"floor":26.0,"key":"Pear"},{"floor":41.0,"key":"Gremlin Horn"},{"floor":43.0,"key":"Juzu Bracelet"},{"floor":44.0,"key":"Prayer Wheel"},{"floor":46.0,"key":"Potion Belt"},{"floor":48.0,"key":"Ornamental Fan"}],"event_choices":[{"damage_healed":0.0,"max_hp_gain":0.0,"max_hp_loss":0.0,"gold_gain":0.0,"event_name":"Living Wall","player_choice":"Grow","floor":4.0,"gold_loss":0.0,"damage_taken":0.0,"cards_upgraded":["Immolate"]},{"damage_healed":0.0,"max_hp_gain":0.0,"max_hp_loss":0.0,"gold_gain":0.0,"event_name":"The Library","player_choice":"Read","floor":19.0,"gold_loss":0.0,"damage_taken":0.0,"cards_obtained":["Inflame"]},{"damage_healed":0.0,"max_hp_gain":0.0,"max_hp_loss":0.0,"gold_gain":100.0,"event_name":"Golden Shrine","player_choice":"Pray","floor":22.0,"gold_loss":0.0,"damage_taken":0.0},{"damage_healed":0.0,"max_hp_gain":0.0,"max_hp_loss":5.0,"gold_gain":0.0,"event_name":"Winding Halls","player_choice":"Max HP","floor":37.0,"gold_loss":0.0,"damage_taken":0.0},{"cards_removed":["Defend_R"],"damage_healed":0.0,"max_hp_gain":0.0,"max_hp_loss":0.0,"gold_gain":0.0,"event_name":"Bonfire Elementals","player_choice":"Offered Basic","floor":39.0,"gold_loss":0.0,"damage_taken":0.0},{"damage_healed":0.0,"max_hp_gain":0.0,"max_hp_loss":0.0,"gold_gain":0.0,"event_name":"MindBloom","player_choice":"Fight","floor":44.0,"gold_loss":0.0,"damage_taken":0.0},{"cards_removed":["Clumsy"],"damage_healed":0.0,"max_hp_gain":0.0,"max_hp_loss":0.0,"gold_gain":0.0,"event_name":"Fountain of Cleansing","player_choice":"Removed Curses","floor":44.0,"gold_loss":0.0,"damage_taken":0.0},{"damage_healed":0.0,"max_hp_gain":0.0,"max_hp_loss":0.0,"gold_gain":0.0,"event_name":"WeMeetAgain","player_choice":"Paid Gold","floor":45.0,"gold_loss":61.0,"damage_taken":0.0,"relics_obtained":["Anchor"]}],"is_beta":true,"boss_relics":[{"not_picked":["Velvet Choker","Fusion Hammer"],"picked":"Coffee Dripper"},{"not_picked":["Empty Cage","White Beast Statue"],"picked":"Cursed Key"}],"items_purged_floors":[20,29,38],"is_endless":false,"potions_floor_spawned":[1,2,3,7,16,18,30,33,35,44],"killed_by":"Awakened One","ascension_level":18}