{"gold_per_floor":[116,127,137,154,172,172,206,206,206,206,232,5,36,46,46,123,123,142,155,175,38,38,72,72,103,103,3,3,17,37,50,50,127,177,191,205,224,2,14,42,42,42,67,83,109,109,140,153,153,153],"floor_reached":50,"playtime":1351,"items_purged":["Defend_R","Defend_R"],"score":1125,"play_id":"641d29b7-79ba-4030-8f6e-35ef400e64b1","local_time":"20181002000018","is_ascension_mode":true,"campfire_choices":[{"data":"Perfected Strike","floor":6.0,"key":"SMITH"},{"data":"Bludgeon","floor":8.0,"key":"SMITH"},{"data":"Bash","floor":10.0,"key":"SMITH"},{"data":"Perfected Strike","floor":15.0,"key":"SMITH"},{"data":"Heavy Blade","floor":24.0,"key":"SMITH"},{"data":"1","floor":28.0,"key":"LIFT"},{"floor":32.0,"key":"REST"},{"data":"Heavy Blade","floor":41.0,"key":"SMITH"},{"data":"Perfected Strike","floor":46.0,"key":"SMITH"},{"data":"Perfected Strike","floor":49.0,"key":"SMITH"}],"neow_cost":"NONE","seed_source_timestamp":45429759909671,"circlet_count":0,"master_deck":["Strike_R+1","Strike_R","Strike_R","Strike_R","Strike_R","Defend_R","Defend_R","Bash+1","AscendersBane","Anger","Thunderclap","Sword Boomerang","Perfected Strike+1","Bludgeon+1","Perfected Strike+1","Demon Form","Heavy Blade+1","Perfected Strike+1","Heavy Blade+1","Flex","Bludgeon","Flex","Perfected Strike+1","Flex+1","Inflame"],"special_seed":0,"relics":["Burning Blood","Happy Flower","Champion Belt","Bronze Scales","Bag of Marbles","StoneCalendar","Sozu","MutagenicStrength","Calipers","Anchor","Girya","Tiny House","Lee\u0027s Waffle","PreservedInsect","Oddly Smooth Stone","Smiling Mask","Blood Vial"],"potions_floor_usage":[50,50],"damage_taken":[{"damage":6.0,"enemies":"Cultist","floor":1.0,"turns":3.0},{"damage":0.0,"enemies":"2 Louse","floor":2.0,"turns":2.0},{"damage":7.0,"enemies":"Small Slimes","floor":3.0,"turns":3.0},{"damage":20.0,"enemies":"3 Louse","floor":4.0,"turns":4.0},{"damage":18.0,"enemies":"Gremlin Gang","floor":5.0,"turns":4.0},{"damage":8.0,"enemies":"Gremlin Nob","floor":7.0,"turns":3.0},{"damage":15.0,"enemies":"3 Sentries","floor":13.0,"turns":4.0},{"damage":3.0,"enemies":"Lots of Slimes","floor":14.0,"turns":2.0},{"damage":40.0,"enemies":"Hexaghost","floor":16.0,"turns":6.0},{"damage":0.0,"enemies":"Chosen","floor":18.0,"turns":3.0},{"damage":11.0,"enemies":"2 Thieves","floor":19.0,"turns":3.0},{"damage":3.0,"enemies":"Chosen and Byrds","floor":20.0,"turns":4.0},{"damage":11.0,"enemies":"Slavers","floor":23.0,"turns":3.0},{"damage":27.0,"enemies":"Gremlin Leader","floor":25.0,"turns":4.0},{"damage":11.0,"enemies":"Sentry and Sphere","floor":29.0,"turns":3.0},{"damage":0.0,"enemies":"Cultist and Chosen","floor":30.0,"turns":3.0},{"damage":0.0,"enemies":"Snake Plant","floor":31.0,"turns":1.0},{"damage":69.0,"enemies":"Collector","floor":33.0,"turns":5.0},{"damage":0.0,"enemies":"Orb Walker","floor":35.0,"turns":1.0},{"damage":17.0,"enemies":"3 Darklings","floor":36.0,"turns":4.0},{"damage":15.0,"enemies":"Jaw Worm Horde","floor":37.0,"turns":3.0},{"damage":0.0,"enemies":"4 Shapes","floor":39.0,"turns":2.0},{"damage":30.0,"enemies":"Nemesis","floor":40.0,"turns":5.0},{"damage":0.0,"enemies":"Sphere and 2 Shapes","floor":44.0,"turns":3.0},{"damage":0.0,"enemies":"2 Orb Walkers","floor":45.0,"turns":1.0},{"damage":20.0,"enemies":"Giant Head","floor":47.0,"turns":5.0},{"damage":0.0,"enemies":"Jaw Worm Horde","floor":48.0,"turns":2.0},{"damage":82,"enemies":"Time Eater","floor":50,"turns":4}],"seed_played":"-9195005121753906157","potions_obtained":[{"floor":1.0,"key":"LiquidBronze"},{"floor":3.0,"key":"EntropicBrew"},{"floor":4.0,"key":"PowerPotion"},{"floor":16.0,"key":"AttackPotion"}],"is_trial":false,"path_per_floor":["M","M","M","M","M","R","E","R","T","R","T","$","E","M","R","B",null,"M","M","M","$","?","E","R","E","T","$","R","M","M","M","R","B",null,"M","M","M","$","M","E","R","$","T","M","E","R","E","M","R"],"character_chosen":"IRONCLAD","items_purchased":["Perfected Strike","Bag of Marbles","Perfected Strike","Lee\u0027s Waffle"],"campfire_rested":1,"item_purchase_floors":[12,12,21,38],"current_hp_per_floor":[75,81,80,66,54,54,52,52,52,52,52,52,43,46,46,12,65,71,66,69,69,69,64,64,43,43,43,43,38,44,50,74,11,69,75,64,55,94,94,70,70,70,70,76,82,82,68,76,76,0],"gold":153,"neow_bonus":"TEN_PERCENT_HP_BONUS","is_prod":false,"is_daily":false,"chose_seed":false,"campfire_upgraded":8,"win_rate":0,"timestamp":1538431218,"path_taken":["M","M","M","M","M","R","E","R","T","R","?","$","E","M","R","BOSS","M","?","M","$","?","E","R","E","T","$","R","M","M","?","R","BOSS","M","?","M","$","M","E","R","?","T","M","E","R","E","M","R","BOSS"],"build_version":"2018-09-27","purchased_purges":2,"victory":false,"max_hp_per_floor":[82,82,82,82,82,82,82,82,82,82,82,82,82,82,82,82,82,82,82,82,82,82,82,82,82,82,82,82,82,82,82,82,82,87,87,87,87,94,94,94,94,94,94,94,94,94,94,94,94,94],"card_choices":[{"not_picked":["Feel No Pain","Havoc"],"picked":"Anger","floor":1.0},{"not_picked":["Intimidate","Feel No Pain"],"picked":"Thunderclap","floor":2.0},{"not_picked":["Armaments","Pummel"],"picked":"Sword Boomerang","floor":3.0},{"not_picked":["Burning Pact","Sentinel","Body Slam"],"picked":"SKIP","floor":4.0},{"not_picked":["Warcry","Ghostly Armor"],"picked":"Perfected Strike","floor":5.0},{"not_picked":["Entrench","Body Slam"],"picked":"Bludgeon","floor":7.0},{"not_picked":["Reckless Charge","Fire Breathing","Infernal Blade"],"picked":"SKIP","floor":13.0},{"not_picked":["Sever Soul","Whirlwind","Body Slam"],"picked":"SKIP","floor":14.0},{"not_picked":["Bludgeon","Dark Embrace"],"picked":"Demon Form","floor":16.0},{"not_picked":["Battle Trance","Thunderclap","Pommel Strike"],"picked":"SKIP","floor":18.0},{"not_picked":["Sword Boomerang","Body Slam+1","Clothesline"],"picked":"SKIP","floor":19.0},{"not_picked":["Havoc","Iron Wave+1"],"picked":"Heavy Blade","floor":20.0},{"not_picked":["Infernal Blade","Fiend Fire","Uppercut+1"],"picked":"SKIP","floor":23.0},{"not_picked":["Flame Barrier","Disarm","Shrug It Off"],"picked":"SKIP","floor":25.0},{"not_picked":["Dual Wield+1","True Grit"],"picked":"Heavy Blade","floor":29.0},{"not_picked":["Sword Boomerang","Pommel Strike"],"picked":"Flex","floor":30.0},{"not_picked":["Bloodletting","Dual Wield","Hemokinesis"],"picked":"SKIP","floor":31.0},{"not_picked":["Berserk","Fiend Fire"],"picked":"Bludgeon","floor":33.0},{"not_picked":["Combust","Twin Strike"],"picked":"Flex","floor":34.0},{"not_picked":["Dropkick","Armaments","Shockwave"],"picked":"SKIP","floor":35.0},{"not_picked":["Clash","Power Through","Body Slam"],"picked":"SKIP","floor":36.0},{"not_picked":["Rage","Carnage"],"picked":"Perfected Strike","floor":37.0},{"not_picked":["Pommel Strike","Clothesline","Power Through+1"],"picked":"SKIP","floor":39.0},{"not_picked":["Evolve","Wild Strike","Carnage"],"picked":"SKIP","floor":40.0},{"not_picked":["Whirlwind","Sword Boomerang"],"picked":"Flex+1","floor":44.0},{"not_picked":["Cleave","Dropkick","Anger"],"picked":"SKIP","floor":45.0},{"not_picked":["Shrug It Off+1","Thunderclap"],"picked":"Inflame","floor":47.0},{"not_picked":["Clash","Ghostly Armor+1","Pommel Strike"],"picked":"SKIP","floor":48.0}],"player_experience":660399,"relics_obtained":[{"floor":7.0,"key":"Happy Flower"},{"floor":9.0,"key":"Champion Belt"},{"floor":11.0,"key":"Bronze Scales"},{"floor":13.0,"key":"StoneCalendar"},{"floor":23.0,"key":"Calipers"},{"floor":25.0,"key":"Anchor"},{"floor":26.0,"key":"Girya"},{"floor":40.0,"key":"PreservedInsect"},{"floor":43.0,"key":"Oddly Smooth Stone"},{"floor":45.0,"key":"Smiling Mask"},{"floor":47.0,"key":"Blood Vial"}],"event_choices":[{"event_name":"Drug Dealer","player_choice":"Inject Mutagens","floor":22.0,"damage_taken":0.0}],"is_beta":true,"boss_relics":[{"not_picked":["Black Star","Fusion Hammer"],"picked":"Sozu"},{"not_picked":["Black Blood","White Beast Statue"],"picked":"Tiny House"}],"items_purged_floors":[21,27],"is_endless":false,"potions_floor_spawned":[1,3,4,16,23,25,30,33,37,39],"killed_by":"Time Eater","ascension_level":16}