{"gold_per_floor":[118,134,146,146,158,191,191,209,209,209,241,6,19,36,36,36],"floor_reached":16,"playtime":524,"items_purged":["Strike_R"],"score":228,"play_id":"71a87c39-dae1-4d97-aebe-69228c94805b","local_time":"20181028175944","is_ascension_mode":true,"campfire_choices":[{"data":"Body Slam","floor":7.0,"key":"SMITH"},{"floor":10.0,"key":"REST"},{"data":"Armaments","floor":15,"key":"SMITH"}],"neow_cost":"NONE","seed_source_timestamp":28517241923068,"circlet_count":0,"master_deck":["Strike_R","Strike_R","Strike_R","Strike_R","Defend_R","Defend_R","Defend_R","Defend_R","Bash","AscendersBane","Intimidate","Inflame","Body Slam+1","Power Through","Armaments+1","Armaments","Battle Trance"],"special_seed":0,"relics":["Burning Blood","Anchor","The Courier","Nunchaku","Mercury Hourglass","Strawberry"],"potions_floor_usage":[],"damage_taken":[{"damage":4.0,"enemies":"Small Slimes","floor":1.0,"turns":3.0},{"damage":2.0,"enemies":"Jaw Worm","floor":2.0,"turns":4.0},{"damage":7.0,"enemies":"Cultist","floor":3.0,"turns":4.0},{"damage":24.0,"enemies":"Gremlin Gang","floor":5.0,"turns":8.0},{"damage":36.0,"enemies":"Lagavulin","floor":6.0,"turns":7.0},{"damage":18.0,"enemies":"Large Slime","floor":8.0,"turns":8.0},{"damage":17.0,"enemies":"Gremlin Nob","floor":11.0,"turns":4.0},{"damage":1.0,"enemies":"3 Louse","floor":13.0,"turns":3.0},{"damage":0,"enemies":"2 Fungi Beasts","floor":14,"turns":3},{"damage":25,"enemies":"Hexaghost","floor":16,"turns":9}],"seed_played":"-7384697181212928201","potions_obtained":[{"floor":1.0,"key":"EssenceOfSteel"},{"floor":3.0,"key":"Ancient Potion"},{"floor":11.0,"key":"Fire Potion"}],"is_trial":false,"path_per_floor":["M","M","M","?","M","E","R","M","T","R","E","$","M","M","R"],"character_chosen":"IRONCLAD","items_purchased":["Armaments","Strawberry"],"campfire_rested":1,"item_purchase_floors":[12,12],"current_hp_per_floor":[70,74,73,73,55,25,25,13,13,35,24,31,36,42,42,17],"gold":36,"neow_bonus":"RANDOM_COMMON_RELIC","is_prod":false,"is_daily":false,"chose_seed":false,"campfire_upgraded":2,"win_rate":0,"timestamp":1540745984,"path_taken":["M","M","M","?","M","E","R","M","T","R","E","$","M","M","R","BOSS"],"build_version":"2018-10-25v2","purchased_purges":1,"victory":false,"max_hp_per_floor":[75,75,75,75,75,75,75,75,75,75,75,82,82,82,82,82],"card_choices":[{"not_picked":["Bloodletting","Dropkick"],"picked":"Intimidate","floor":1.0},{"not_picked":["Pommel Strike","Rampage","Wild Strike"],"picked":"SKIP","floor":2.0},{"not_picked":["Twin Strike","Pommel Strike"],"picked":"Inflame","floor":3.0},{"not_picked":["Shrug It Off","Rampage"],"picked":"Body Slam","floor":5.0},{"not_picked":["Perfected Strike","Inflame"],"picked":"Power Through","floor":6.0},{"not_picked":["Second Wind","Inflame","Perfected Strike"],"picked":"SKIP","floor":8.0},{"not_picked":["Carnage","Clothesline"],"picked":"Armaments","floor":11.0},{"not_picked":["Clothesline","Anger","Wild Strike"],"picked":"SKIP","floor":13.0},{"not_picked":["Seeing Red","Intimidate"],"picked":"Battle Trance","floor":14}],"player_experience":712162,"relics_obtained":[{"floor":6.0,"key":"The Courier"},{"floor":9.0,"key":"Nunchaku"},{"floor":11.0,"key":"Mercury Hourglass"}],"event_choices":[{"damage_healed":0.0,"max_hp_gain":0.0,"max_hp_loss":0.0,"gold_gain":0.0,"event_name":"Shining Light","player_choice":"Ignored","floor":4.0,"gold_loss":0.0,"damage_taken":0.0}],"is_beta":true,"boss_relics":[],"items_purged_floors":[12],"is_endless":false,"potions_floor_spawned":[1,3,11],"killed_by":"Hexaghost","ascension_level":20}