{"gold_per_floor":[115,74,74,74,74,74,99,99,99,99,20,50,72,113,125,211,223,247,259,4,14,31,31],"floor_reached":23,"playtime":588,"items_purged":[],"score":510,"play_id":"2c6e093d-b4c9-4ecf-83dd-fcd8f33213fb","local_time":"20181210160412","is_ascension_mode":true,"campfire_choices":[{"data":"Defragment","floor":6,"key":"SMITH"},{"data":"Conserve Battery","floor":8,"key":"SMITH"},{"data":"BootSequence","floor":10,"key":"SMITH"},{"data":"Consume","floor":15,"key":"SMITH"}],"neow_cost":"NONE","seed_source_timestamp":17247811317458,"circlet_count":0,"master_deck":["AscendersBane","Strike_B","Strike_B","Strike_B","Defend_B","Defend_B","Defend_B","Defend_B","Zap","Dualcast","BootSequence+1","Defragment+1","Conserve Battery+1","Storm","Loop","Consume+1","Electrodynamics","Amplify","Conserve Battery","Self Repair","Steam","Fission"],"special_seed":0,"relics":["Cracked Core","NeowsBlessing","Kunai","Dodecahedron","MawBank","Ginger","Fusion Hammer","Centennial Puzzle"],"potions_floor_usage":[14,16,22,23],"damage_taken":[{"damage":0.0,"enemies":"Cultist","floor":1.0,"turns":1.0},{"damage":0,"enemies":"Lagavulin","floor":7,"turns":1},{"damage":0,"enemies":"Gremlin Nob","floor":12,"turns":1},{"damage":0,"enemies":"Jaw Worm","floor":13,"turns":3},{"damage":1,"enemies":"Lagavulin","floor":14,"turns":6},{"damage":27,"enemies":"Hexaghost","floor":16,"turns":9},{"damage":26,"enemies":"2 Thieves","floor":18,"turns":4},{"damage":0,"enemies":"Spheric Guardian","floor":21,"turns":3},{"damage":26,"enemies":"Chosen and Byrds","floor":22,"turns":4},{"damage":30,"enemies":"Gremlin Leader","floor":23,"turns":2}],"seed_played":"8766421578677890605","potions_obtained":[{"floor":1.0,"key":"EssenceOfSteel"},{"floor":12,"key":"Explosive Potion"},{"floor":19,"key":"Ancient Potion"},{"floor":19,"key":"FearPotion"},{"floor":21,"key":"GamblersBrew"},{"floor":22,"key":"Energy Potion"}],"is_trial":false,"path_per_floor":["M","$","?","?","?","R","E","R","T","R","$","E","M","E","R","B",null,"M","?","$","M","M","E"],"character_chosen":"DEFECT","items_purchased":["Defragment","Storm","Self Repair","Centennial Puzzle","Steam"],"campfire_rested":0,"item_purchase_floors":[2,11,20,20,20],"current_hp_per_floor":[64,64,69,69,62,62,62,62,62,62,62,62,62,61,61,34,66,40,40,40,40,21,0],"gold":31,"neow_bonus":"THREE_ENEMY_KILL","is_prod":false,"is_daily":false,"chose_seed":false,"campfire_upgraded":4,"win_rate":0,"timestamp":1544454252,"path_taken":["M","$","?","?","?","R","E","R","T","R","$","E","?","E","R","BOSS","M","?","$","M","M","E"],"build_version":"2018-12-06","purchased_purges":0,"victory":false,"max_hp_per_floor":[71,71,76,76,76,76,76,76,76,76,76,76,76,76,76,76,76,76,76,76,76,76,76],"card_choices":[{"not_picked":["Genetic Algorithm","Go for the Eyes"],"picked":"BootSequence","floor":1.0},{"not_picked":["Cold Snap","FTL"],"picked":"Conserve Battery","floor":7},{"not_picked":["Seek","Core Surge"],"picked":"Loop","floor":12},{"not_picked":["FTL","Hello World"],"picked":"Consume","floor":13},{"not_picked":["Leap","Aggregate"],"picked":"Electrodynamics","floor":14},{"not_picked":["Machine Learning","All For One"],"picked":"Amplify","floor":16},{"not_picked":["Steam Power","Compile Driver"],"picked":"Conserve Battery","floor":18},{"not_picked":["Aggregate","Ball Lightning","Stack"],"picked":"SKIP","floor":21},{"not_picked":["Ball Lightning","Conserve Battery"],"picked":"Fission","floor":22}],"player_experience":807285,"relics_obtained":[{"floor":7,"key":"Kunai"},{"floor":9,"key":"Dodecahedron"},{"floor":12,"key":"MawBank"},{"floor":14,"key":"Ginger"}],"event_choices":[{"damage_healed":0.0,"max_hp_gain":5.0,"max_hp_loss":0.0,"gold_gain":0.0,"event_name":"Big Fish","player_choice":"Donut","floor":3.0,"gold_loss":0.0,"damage_taken":0.0},{"damage_healed":0,"gold_gain":0,"player_choice":"Fled","damage_taken":0,"max_hp_gain":0,"max_hp_loss":0,"event_name":"Scrap Ooze","floor":4,"gold_loss":0},{"cards_removed":["Strike_B"],"damage_healed":0,"gold_gain":0,"player_choice":"Card Removal","damage_taken":7,"max_hp_gain":0,"max_hp_loss":0,"event_name":"Golden Wing","floor":5,"gold_loss":0},{"damage_healed":0,"gold_gain":0,"player_choice":"Got Potions","damage_taken":0,"max_hp_gain":0,"max_hp_loss":0,"event_name":"Lab","floor":19,"gold_loss":0}],"is_beta":true,"boss_relics":[{"not_picked":["Coffee Dripper","Runic Pyramid"],"picked":"Fusion Hammer"}],"items_purged_floors":[],"is_endless":false,"potions_floor_spawned":[1,12,21,22],"killed_by":"Gremlin Leader","ascension_level":20}