{"gold_per_floor":[110,35,54,4,17,46,46,146,173,173,203,203,227,227,227,358,358,358],"floor_reached":18,"playtime":769,"items_purged":[],"score":249,"play_id":"b119f34f-70e0-4102-9963-1b20022058c4","local_time":"20180803221915","is_ascension_mode":true,"campfire_choices":[{"data":"Streamline","floor":7,"key":"SMITH"},{"data":"Consume","floor":12,"key":"SMITH"},{"floor":15,"key":"REST"}],"neow_cost":"NONE","seed_source_timestamp":20176874017478,"circlet_count":0,"master_deck":["Strike_B","Strike_B","Strike_B","Defend_B","Defend_B","Defend_B","Defend_B","Zap","Dualcast","AscendersBane","Streamline+1","Self Repair","Consume+1","Cold Snap","Turbo","Melter","Capacitor","Creative AI","Leap","Leap","Loop","Amplify","Turbo"],"relics":["Cracked Core","NeowsBlessing","Lantern","Pen Nib","Juzu Bracelet","Darkstone Periapt","Odd Mushroom","Golden Idol","Orrery"],"potions_floor_usage":[6,18],"damage_taken":[{"damage":0,"enemies":"2 Louse","floor":1,"turns":1},{"damage":0,"enemies":"Cultist","floor":3,"turns":1},{"damage":0,"enemies":"Small Slimes","floor":5,"turns":1},{"damage":35,"enemies":"Lagavulin","floor":6,"turns":6},{"damage":20,"enemies":"Gremlin Nob","floor":11,"turns":3},{"damage":25,"floor":13,"turns":4},{"damage":14,"enemies":"Hexaghost","floor":16,"turns":11},{"damage":56,"enemies":"3 Byrds","floor":18,"turns":5}],"seed_played":"-4083367755416965904","potions_obtained":[{"floor":3,"key":"Poison Potion"},{"floor":6,"key":"PowerPotion"},{"floor":16,"key":"EssenceOfSteel"}],"is_trial":false,"path_per_floor":["M","$","M","?","M","E","R","?","T","?","E","R","?","?","R","B",null],"character_chosen":"DEFECT","items_purchased":["Self Repair"],"campfire_rested":1,"item_purchase_floors":[2],"current_hp_per_floor":[68,68,68,68,68,40,40,40,40,40,27,27,2,2,22,15,56,0],"gold":358,"neow_bonus":"THREE_ENEMY_KILL","is_prod":false,"is_daily":false,"chose_seed":false,"campfire_upgraded":2,"win_rate":0,"timestamp":1533327555,"path_taken":["M","$","M","?","?","E","R","?","T","?","E","R","?","?","R","BOSS","M"],"build_version":"2018-08-01","purchased_purges":0,"victory":false,"max_hp_per_floor":[75,75,75,75,75,75,75,75,75,75,75,75,75,69,69,69,69,69],"card_choices":[{"not_picked":["Redo","Storm"],"picked":"Streamline","floor":1},{"not_picked":["Fusion","Go for the Eyes"],"picked":"Consume","floor":3},{"not_picked":["Gash","Rebound"],"picked":"Cold Snap","floor":5},{"not_picked":["Go for the Eyes","Steam"],"picked":"Turbo","floor":6},{"not_picked":["Sunder","Biased Cognition"],"picked":"Melter","floor":11},{"not_picked":["Streamline","Redo"],"picked":"Capacitor","floor":13},{"not_picked":["Multi-Cast","Rainbow"],"picked":"Creative AI","floor":16},{"not_picked":["Stack","Beam Cell"],"picked":"Leap","floor":17},{"not_picked":["Cold Snap","Heatsinks"],"picked":"Leap","floor":17},{"not_picked":["Stack","Tempest"],"picked":"Loop","floor":17},{"not_picked":["Steam","Lockon"],"picked":"Amplify","floor":17},{"not_picked":["Scrape","Barrage"],"picked":"Turbo","floor":17}],"player_experience":485212,"relics_obtained":[{"floor":6,"key":"Lantern"},{"floor":9,"key":"Pen Nib"},{"floor":11,"key":"Darkstone Periapt"},{"floor":13,"key":"Odd Mushroom"}],"event_choices":[{"event_name":"The Cleric","player_choice":"Card Removal","floor":4,"damage_taken":0},{"event_name":"Golden Shrine","player_choice":"Pray","floor":8,"damage_taken":0},{"event_name":"WeMeetAgain","player_choice":"Potion","floor":10,"damage_taken":0},{"event_name":"Mushrooms","player_choice":"Fought Mushrooms","floor":13,"damage_taken":0},{"event_name":"Golden Idol","player_choice":"Lose Max HP","floor":14,"damage_taken":0}],"is_beta":true,"boss_relics":[{"not_picked":["Nuclear Battery","Lizard Tail"],"picked":"Orrery"}],"items_purged_floors":[],"is_endless":false,"potions_floor_spawned":[3,6,16],"killed_by":"3 Byrds","ascension_level":10}