{"gold_per_floor":[213,213,138,138,157,157,195,213,213,213,229,262,262,298,298,427,427,442,457,457,457,482,482,227,227,250,165,165,13,52,152,152,275,275,290,313,328,178,178,190,246,5,5,25,45,45,64,82,82,82],"floor_reached":50,"playtime":1899,"items_purged":["Injury","Strike_R","Clumsy","Strike_R","Strike_R"],"score":821,"play_id":"735f681f-e76c-4c3d-95c5-8e8cc7fa8300","local_time":"20181103214543","is_ascension_mode":true,"campfire_choices":[{"data":"Iron Wave","floor":6,"key":"SMITH"},{"data":"Inflame","floor":10,"key":"SMITH"},{"data":"Bash","floor":15,"key":"SMITH"},{"data":"Immolate","floor":23,"key":"SMITH"},{"data":"Spot Weakness","floor":25,"key":"SMITH"},{"data":"Twin Strike","floor":28,"key":"SMITH"},{"data":"Corruption","floor":32,"key":"SMITH"},{"data":"Searing Blow+1","floor":40,"key":"SMITH"},{"data":"Sword Boomerang","floor":46,"key":"SMITH"},{"data":"Searing Blow+2","floor":49,"key":"SMITH"}],"neow_cost":"NONE","seed_source_timestamp":25459026065503,"circlet_count":0,"master_deck":["Strike_R+1","Defend_R+1","Defend_R","Defend_R","Defend_R","Bash+1","Iron Wave+1","Clash","Inflame+1","Spot Weakness+1","Clash","Twin Strike+1","Immolate+1","Dropkick+1","Clash+1","Thunderclap","Corruption+1","Feed","Heavy Blade+1","Searing Blow+3","Whirlwind","Pummel","Parasite","Sword Boomerang+1","Iron Wave","Parasite","Metallicize+1"],"relics":["Burning Blood","Golden Idol","Kunai","Art of War","Bottled Lightning","Boot","Cursed Key","Nilry\u0027s Codex","Pen Nib","Ancient Tea Set","Bag of Preparation","Lantern","Coffee Dripper","MawBank","Blue Candle","The Courier"],"potions_floor_usage":[12,12,12,14,22,22,33,42,50,50,50,50],"damage_taken":[{"damage":11,"enemies":"Jaw Worm","floor":1,"turns":5},{"damage":3,"enemies":"Small Slimes","floor":5,"turns":4},{"damage":13,"enemies":"Lagavulin","floor":7,"turns":5},{"damage":2,"enemies":"2 Louse","floor":8,"turns":2},{"damage":2,"enemies":"Exordium Wildlife","floor":11,"turns":4},{"damage":8,"enemies":"3 Sentries","floor":12,"turns":6},{"damage":10,"enemies":"Gremlin Nob","floor":14,"turns":3},{"damage":0,"enemies":"Slime Boss","floor":16,"turns":6},{"damage":12,"enemies":"Shell Parasite","floor":18,"turns":3},{"damage":0,"enemies":"Spheric Guardian","floor":19,"turns":3},{"damage":6,"enemies":"Shelled Parasite and Fungi","floor":22,"turns":2},{"damage":0,"enemies":"Gremlin Leader","floor":30,"turns":3},{"damage":20,"enemies":"Collector","floor":33,"turns":6},{"damage":1,"enemies":"3 Shapes","floor":35,"turns":2},{"damage":22,"enemies":"3 Darklings","floor":36,"turns":3},{"damage":11,"enemies":"4 Shapes","floor":37,"turns":4},{"damage":0,"enemies":"Reptomancer","floor":41,"turns":2},{"damage":18,"enemies":"Writhing Mass","floor":44,"turns":2},{"damage":8,"enemies":"Spire Growth","floor":45,"turns":4},{"damage":0,"enemies":"Sphere and 2 Shapes","floor":47,"turns":1},{"damage":8,"enemies":"Writhing Mass","floor":48,"turns":4},{"damage":67,"enemies":"Time Eater","floor":50,"turns":3}],"seed_played":"2243088232292543545","potions_obtained":[{"floor":5,"key":"SkillPotion"},{"floor":8,"key":"Block Potion"},{"floor":11,"key":"FearPotion"},{"floor":12,"key":"AttackPotion"},{"floor":16,"key":"AttackPotion"},{"floor":18,"key":"Explosive Potion"},{"floor":21,"key":"Weak Potion"},{"floor":21,"key":"Regen Potion"},{"floor":41,"key":"Fruit Juice"},{"floor":44,"key":"EntropicBrew"},{"floor":45,"key":"Poison Potion"},{"floor":48,"key":"LiquidBronze"}],"is_trial":false,"path_per_floor":["M","?","$","?","M","R","E","M","T","R","M","E","?","E","R","B",null,"M","M","?","?","M","R","$","R","T","?","R","$","E","?","R","B",null,"M","M","M","$","?","R","E","$","T","M","M","R","M","M","R","B"],"character_chosen":"IRONCLAD","items_purchased":["Pen Nib","Thunderclap","Pummel"],"campfire_rested":0,"item_purchase_floors":[24,29,42],"current_hp_per_floor":[67,67,67,51,54,54,47,51,51,51,55,53,53,49,49,55,74,68,74,58,58,63,63,63,63,63,63,63,63,69,69,69,55,74,79,63,58,58,58,58,64,69,69,57,55,55,61,59,59,0],"gold":82,"neow_bonus":"HUNDRED_GOLD","is_prod":false,"is_daily":false,"chose_seed":false,"campfire_upgraded":10,"win_rate":0,"timestamp":1541252743,"path_taken":["M","?","$","?","M","R","E","M","T","R","M","E","?","E","R","BOSS","M","M","?","?","?","R","$","R","T","?","R","?","E","?","R","BOSS","M","?","M","$","?","R","E","$","T","?","M","R","M","M","R","BOSS"],"build_version":"2018-11-01","purchased_purges":5,"victory":false,"max_hp_per_floor":[80,80,80,80,80,80,80,80,80,80,80,80,80,80,80,80,80,80,80,80,80,80,80,80,80,80,80,80,80,80,80,80,80,80,80,80,80,80,80,80,80,85,85,85,85,85,85,85,85,85],"card_choices":[{"not_picked":["Burning Pact","Havoc"],"picked":"Iron Wave","floor":1},{"not_picked":["Warcry","Rupture"],"picked":"Clash","floor":5},{"not_picked":["Clothesline","Heavy Blade","Dark Embrace"],"picked":"SKIP","floor":7},{"not_picked":["Anger","Body Slam"],"picked":"Inflame","floor":8},{"not_picked":["Clash","Rupture"],"picked":"Spot Weakness","floor":11},{"not_picked":["Headbutt","Warcry"],"picked":"Clash","floor":12},{"not_picked":["Shrug It Off","Burning Pact"],"picked":"Twin Strike","floor":14},{"not_picked":["Dark Embrace","Barricade"],"picked":"Immolate","floor":16},{"not_picked":["Fire Breathing","Bloodletting"],"picked":"Dropkick+1","floor":18},{"not_picked":["Clothesline","Rupture+1","Reckless Charge"],"picked":"SKIP","floor":19},{"not_picked":["Fire Breathing","Wild Strike"],"picked":"Clash+1","floor":22},{"not_picked":["Flame Barrier","Feel No Pain"],"picked":"Corruption","floor":30},{"not_picked":["Offering","Juggernaut"],"picked":"Feed","floor":33},{"not_picked":["Sword Boomerang+1","Warcry+1"],"picked":"Heavy Blade+1","floor":35},{"not_picked":["Body Slam+1","Cleave"],"picked":"Searing Blow+1","floor":36},{"not_picked":["Intimidate+1","Dropkick+1","Sever Soul+1"],"picked":"SKIP","floor":37},{"not_picked":["Warcry","Heavy Blade+1"],"picked":"Whirlwind","floor":41},{"not_picked":["Corruption","Dual Wield"],"picked":"Sword Boomerang","floor":44},{"not_picked":["Armaments","Cleave+1","Second Wind"],"picked":"SKIP","floor":45},{"not_picked":["Feed","Havoc+1"],"picked":"Iron Wave","floor":47},{"not_picked":["Carnage","Intimidate+1"],"picked":"Metallicize+1","floor":48}],"player_experience":383511,"relics_obtained":[{"floor":7,"key":"Kunai"},{"floor":9,"key":"Art of War"},{"floor":12,"key":"Bottled Lightning"},{"floor":14,"key":"Boot"},{"floor":20,"key":"Nilry\u0027s Codex"},{"floor":26,"key":"Ancient Tea Set"},{"floor":30,"key":"Lantern"},{"floor":39,"key":"MawBank"},{"floor":41,"key":"Blue Candle"},{"floor":43,"key":"The Courier"}],"event_choices":[{"damage_healed":0,"gold_gain":0,"player_choice":"Take Wound","damage_taken":0,"relics_obtained":["Golden Idol"],"max_hp_gain":0,"max_hp_loss":0,"event_name":"Golden Idol","floor":2,"gold_loss":0,"cards_obtained":["Injury"]},{"damage_healed":0,"gold_gain":0,"player_choice":"Entered Light","damage_taken":16,"max_hp_gain":0,"max_hp_loss":0,"event_name":"Shining Light","floor":4,"gold_loss":0,"cards_upgraded":["Strike_R","Defend_R"]},{"cards_removed":["Strike_R"],"damage_healed":0,"gold_gain":0,"player_choice":"Forget","damage_taken":0,"max_hp_gain":0,"max_hp_loss":0,"event_name":"Living Wall","floor":13,"gold_loss":0},{"damage_healed":0,"gold_gain":0,"player_choice":"Obtained Book","damage_taken":16,"max_hp_gain":0,"max_hp_loss":0,"event_name":"Cursed Tome","floor":20,"gold_loss":0},{"damage_healed":0,"gold_gain":0,"player_choice":"Got Potions","damage_taken":0,"max_hp_gain":0,"max_hp_loss":0,"event_name":"Lab","floor":21,"gold_loss":0},{"damage_healed":0,"gold_gain":0,"player_choice":"Obtained Relic","damage_taken":0,"relics_obtained":["Bag of Preparation"],"max_hp_gain":0,"max_hp_loss":0,"event_name":"Addict","floor":27,"gold_loss":85},{"damage_healed":0,"gold_gain":100,"player_choice":"Pray","damage_taken":0,"max_hp_gain":0,"max_hp_loss":0,"event_name":"Golden Shrine","floor":31,"gold_loss":0},{"damage_healed":0,"gold_gain":0,"player_choice":"Relic","damage_taken":0,"max_hp_gain":0,"max_hp_loss":0,"event_name":"Wheel of Change","floor":39,"gold_loss":0}],"is_beta":false,"boss_relics":[{"not_picked":["Calling Bell","Pandora\u0027s Box"],"picked":"Cursed Key"},{"not_picked":["Mark of Pain","Runic Pyramid"],"picked":"Coffee Dripper"}],"items_purged_floors":[3,24,29,38,42],"is_endless":false,"potions_floor_spawned":[5,8,11,12,16,18,41,44,45,48],"killed_by":"Time Eater","ascension_level":7}