{"gold_per_floor":[111,59,24,24,35,35,68,68,68,11,31,57,67,77,77,154,154,166,177,157,172,11,11],"floor_reached":23,"playtime":554,"items_purged":["Strike_B"],"score":452,"play_id":"722d2153-999a-4949-b8d9-47d84a2648f4","local_time":"20181124140602","is_ascension_mode":true,"campfire_choices":[{"data":"Conserve Battery","floor":6,"key":"SMITH"},{"data":"Coolheaded","floor":8,"key":"SMITH"},{"data":"Defragment","floor":15,"key":"SMITH"}],"neow_cost":"NONE","seed_source_timestamp":357061815909384,"circlet_count":0,"master_deck":["AscendersBane","Strike_B","Strike_B","Strike_B","Defend_B+1","Defend_B","Defend_B+1","Defend_B","Zap","Dualcast","Coolheaded+1","Ball Lightning","Conserve Battery+1","Conserve Battery","Fusion","Defragment+1","Loop","Buffer","Rainbow","Defragment"],"special_seed":0,"relics":["Cracked Core","NeowsBlessing","Singing Bowl","Boot","War Paint","Pantograph","Busted Crown"],"potions_floor_usage":[12,12,16,18,23],"damage_taken":[{"damage":0.0,"enemies":"Jaw Worm","floor":1.0,"turns":1.0},{"damage":0.0,"enemies":"Cultist","floor":5.0,"turns":1.0},{"damage":0,"enemies":"Lagavulin","floor":7,"turns":1},{"damage":1,"enemies":"Small Slimes","floor":11,"turns":3},{"damage":3,"enemies":"3 Sentries","floor":12,"turns":8},{"damage":0,"enemies":"2 Fungi Beasts","floor":13,"turns":3},{"damage":7,"enemies":"Looter","floor":14,"turns":3},{"damage":11,"enemies":"The Guardian","floor":16,"turns":12},{"damage":15,"enemies":"3 Byrds","floor":18,"turns":5},{"damage":18,"enemies":"Chosen","floor":19,"turns":6},{"damage":0,"enemies":"Centurion and Healer","floor":21,"turns":7},{"damage":63,"enemies":"Slavers","floor":23,"turns":3}],"seed_played":"-4847937036004549280","potions_obtained":[{"floor":1.0,"key":"EssenceOfSteel"},{"floor":11,"key":"Energy Potion"},{"floor":13,"key":"SpeedPotion"},{"floor":14,"key":"AttackPotion"},{"floor":16,"key":"Poison Potion"},{"floor":20,"key":"FocusPotion"},{"floor":21,"key":"GamblersBrew"}],"is_trial":false,"path_per_floor":["M","$","?","T","M","M","R","E","R","T","$","M","E","M","M","R","B",null,"M","M","?","M","$","E"],"character_chosen":"DEFECT","items_purchased":["Ball Lightning","Conserve Battery","Defragment"],"campfire_rested":0,"item_purchase_floors":[2,10,22],"current_hp_per_floor":[64,64,71,71,71,71,73,73,73,73,72,69,69,62,62,62,70,57,41,41,43,43,0],"gold":11,"neow_bonus":"THREE_ENEMY_KILL","is_prod":false,"is_daily":false,"chose_seed":false,"campfire_upgraded":3,"win_rate":0,"timestamp":1543064762,"path_taken":["M","$","?","?","M","R","E","R","T","$","M","E","M","?","R","BOSS","M","M","?","?","$","E"],"build_version":"2018-11-15","purchased_purges":1,"victory":false,"max_hp_per_floor":[71,71,71,71,71,71,73,73,73,73,73,73,73,73,73,73,73,75,77,77,79,79,79],"card_choices":[{"not_picked":["Auto Shields","Leap"],"picked":"Coolheaded","floor":1.0},{"not_picked":["Go for the Eyes","Stack"],"picked":"Conserve Battery","floor":5},{"not_picked":["Hologram","Rebound","Chaos"],"picked":"Singing Bowl","floor":7},{"not_picked":["Go for the Eyes","Ball Lightning"],"picked":"Fusion","floor":11},{"not_picked":["Doom and Gloom","Chill"],"picked":"Defragment","floor":12},{"not_picked":["Ball Lightning","Sweeping Beam"],"picked":"Loop","floor":13},{"not_picked":["Stack","Steam"],"picked":"Buffer","floor":14},{"not_picked":["Reboot","Thunder Strike"],"picked":"Rainbow","floor":16},{"not_picked":["Ball Lightning"],"picked":"Singing Bowl","floor":18},{"not_picked":["Coolheaded"],"picked":"Singing Bowl","floor":19},{"not_picked":["Fusion"],"picked":"Singing Bowl","floor":21}],"player_experience":773394,"relics_obtained":[{"floor":4.0,"key":"Singing Bowl"},{"floor":7,"key":"Boot"},{"floor":9,"key":"War Paint"},{"floor":12,"key":"Pantograph"}],"event_choices":[{"damage_healed":17.0,"max_hp_gain":0.0,"max_hp_loss":0.0,"gold_gain":0.0,"event_name":"The Cleric","player_choice":"Healed","floor":3.0,"gold_loss":35.0,"damage_taken":0.0},{"damage_healed":0,"gold_gain":0,"player_choice":"Bought 1 Potion","damage_taken":0,"max_hp_gain":0,"max_hp_loss":0,"event_name":"The Woman in Blue","floor":20,"gold_loss":0}],"is_beta":true,"boss_relics":[{"not_picked":["Velvet Choker","Ectoplasm"],"picked":"Busted Crown"}],"items_purged_floors":[22],"is_endless":false,"potions_floor_spawned":[1,11,13,14,16,21],"killed_by":"Slavers","ascension_level":20}