{"gold_per_floor":[116,116,116,133,133,133,166,166,166,177,190,208,46,57,57,128,128,144,144,159,159,159,159,172,186,236,236,236,236,67,84,84,159,159,174,174,2,14,27,27,40,40,86,86,100,0,100,100,100,100],"floor_reached":50,"playtime":1539,"items_purged":["Strike_G","Strike_G+1"],"score":1084,"play_id":"9fadb06f-1888-4ee6-b96a-9f968d41c286","local_time":"20181203111754","is_ascension_mode":true,"campfire_choices":[{"data":"Adrenaline","floor":6.0,"key":"SMITH"},{"data":"Leg Sweep","floor":8.0,"key":"SMITH"},{"data":"Footwork","floor":15.0,"key":"SMITH"},{"floor":23.0,"key":"REST"},{"data":"Deadly Poison","floor":27.0,"key":"SMITH"},{"data":"Deadly Poison","floor":29.0,"key":"SMITH"},{"data":"Noxious Fumes","floor":32.0,"key":"SMITH"},{"floor":40.0,"key":"REST"},{"data":"After Image","floor":42,"key":"SMITH"},{"floor":49,"key":"REST"}],"neow_cost":"NONE","seed_source_timestamp":90053377411348,"circlet_count":0,"master_deck":["AscendersBane","Defend_G+1","Defend_G+1","Defend_G+1","Defend_G+1","Defend_G+1","Survivor","Neutralize","Dagger Spray","Adrenaline+1","Well Laid Plans","Leg Sweep+1","Poisoned Stab","Deadly Poison+1","Deadly Poison+1","Footwork+1","Bane","After Image+1","Noxious Fumes+1","A Thousand Cuts","After Image","Deadly Poison+1"],"special_seed":0,"relics":["Ring of the Snake","NeowsBlessing","Anchor","Snake Skull","Shuriken","Busted Crown","Nilry\u0027s Codex","Pen Nib","Bottled Flame","Lantern","Sozu","Oddly Smooth Stone","Art of War","Mango"],"potions_floor_usage":[41,50],"damage_taken":[{"damage":0.0,"enemies":"Jaw Worm","floor":1.0,"turns":1.0},{"damage":0.0,"enemies":"Small Slimes","floor":4.0,"turns":1.0},{"damage":0.0,"enemies":"Lagavulin","floor":7.0,"turns":1.0},{"damage":0.0,"enemies":"2 Louse","floor":10.0,"turns":2.0},{"damage":0.0,"enemies":"Looter","floor":11.0,"turns":3.0},{"damage":6.0,"enemies":"Exordium Thugs","floor":12.0,"turns":5.0},{"damage":0.0,"enemies":"Gremlin Gang","floor":14.0,"turns":3.0},{"damage":12.0,"enemies":"The Guardian","floor":16.0,"turns":10.0},{"damage":2.0,"enemies":"Shell Parasite","floor":18.0,"turns":5.0},{"damage":9.0,"enemies":"Chosen","floor":20.0,"turns":6.0},{"damage":0.0,"enemies":"Sentry and Sphere","floor":24.0,"turns":6.0},{"damage":0.0,"enemies":"Centurion and Healer","floor":25.0,"turns":8.0},{"damage":4.0,"enemies":"Snecko","floor":31.0,"turns":4.0},{"damage":0.0,"enemies":"Champ","floor":33.0,"turns":10.0},{"damage":20.0,"enemies":"Orb Walker","floor":35.0,"turns":4.0},{"damage":0.0,"enemies":"3 Darklings","floor":38.0,"turns":5.0},{"damage":4.0,"enemies":"Writhing Mass","floor":39.0,"turns":6.0},{"damage":8,"enemies":"Transient","floor":41,"turns":6},{"damage":17,"enemies":"3 Darklings","floor":45,"turns":5},{"damage":15,"enemies":"Mind Bloom Boss Battle","floor":47,"turns":6},{"damage":67,"enemies":"Awakened One","floor":50,"turns":4}],"seed_played":"-5011943813816483459","potions_obtained":[{"floor":4.0,"key":"Poison Potion"},{"floor":10.0,"key":"Dexterity Potion"},{"floor":11.0,"key":"Explosive Potion"},{"floor":24.0,"key":"PowerPotion"}],"is_trial":false,"path_per_floor":["M","?","?","M","?","R","E","R","T","M","M","M","$","M","R","B",null,"M","?","M","?","?","R","M","M","T","R","T","R","$","M","R","B",null,"M","?","$","M","M","R","M","R","T","?","M","$","?","?","R","B"],"character_chosen":"THE_SILENT","items_purchased":["Footwork","Lantern","Oddly Smooth Stone"],"campfire_rested":3,"item_purchase_floors":[13,30,37],"current_hp_per_floor":[59,59,48,48,48,48,48,48,48,48,48,42,42,42,42,30,57,55,55,46,25,25,44,44,44,44,44,44,44,44,40,40,40,60,40,40,40,40,36,55,47,47,47,47,30,30,29,29,53,0],"gold":100,"neow_bonus":"THREE_ENEMY_KILL","is_prod":false,"is_daily":false,"chose_seed":false,"campfire_upgraded":7,"win_rate":0,"timestamp":1543832274,"path_taken":["M","?","?","M","?","R","E","R","T","?","M","M","$","M","R","BOSS","M","?","M","?","?","R","M","M","T","R","?","R","$","M","R","BOSS","M","?","$","M","?","R","M","R","T","?","M","?","?","?","R","BOSS"],"build_version":"2018-11-15","purchased_purges":2,"victory":false,"max_hp_per_floor":[66,66,66,66,66,66,66,66,66,66,66,66,66,66,66,66,66,66,66,66,66,66,66,66,66,66,66,66,66,66,66,66,66,66,66,66,66,66,66,66,66,66,66,66,66,66,80,80,80,80],"card_choices":[{"not_picked":["Quick Slash","Dodge and Roll"],"picked":"Dagger Spray","floor":1.0},{"not_picked":["Slice","Deflect"],"picked":"Well Laid Plans","floor":4.0},{"not_picked":["Blade Dance","Outmaneuver"],"picked":"Leg Sweep","floor":7.0},{"not_picked":["Night Terror","Prepared"],"picked":"Poisoned Stab","floor":10.0},{"not_picked":["Acrobatics","Backstab"],"picked":"Deadly Poison","floor":11.0},{"not_picked":["Dagger Throw","Blade Dance"],"picked":"Deadly Poison","floor":12.0},{"not_picked":["Riddle With Holes","Well Laid Plans"],"picked":"Bane","floor":14.0},{"not_picked":["Night Terror","Envenom"],"picked":"After Image","floor":16.0},{"not_picked":["Outmaneuver"],"picked":"SKIP","floor":18.0},{"not_picked":["Prepared+1"],"picked":"SKIP","floor":20.0},{"not_picked":["All Out Attack"],"picked":"SKIP","floor":24.0},{"not_picked":["Reflex"],"picked":"SKIP","floor":25.0},{"not_picked":[],"picked":"Noxious Fumes","floor":31.0},{"not_picked":[],"picked":"A Thousand Cuts","floor":33.0},{"not_picked":["Outmaneuver"],"picked":"SKIP","floor":35.0},{"not_picked":["Backflip"],"picked":"SKIP","floor":38.0},{"not_picked":["Acrobatics"],"picked":"SKIP","floor":39.0},{"not_picked":["Quick Slash"],"picked":"SKIP","floor":41},{"not_picked":["All Out Attack"],"picked":"SKIP","floor":45},{"not_picked":[],"picked":"Deadly Poison+1","floor":47}],"player_experience":787752,"relics_obtained":[{"floor":7.0,"key":"Snake Skull"},{"floor":9.0,"key":"Shuriken"},{"floor":21.0,"key":"Nilry\u0027s Codex"},{"floor":26.0,"key":"Pen Nib"},{"floor":28.0,"key":"Bottled Flame"},{"floor":43,"key":"Art of War"},{"floor":47,"key":"Mango"}],"event_choices":[{"damage_healed":0.0,"max_hp_gain":0.0,"max_hp_loss":0.0,"gold_gain":0.0,"cards_transformed":["Strike_G"],"event_name":"Living Wall","player_choice":"Change","floor":2.0,"gold_loss":0.0,"damage_taken":0.0,"cards_obtained":["Adrenaline"]},{"damage_healed":0.0,"max_hp_gain":0.0,"max_hp_loss":0.0,"gold_gain":0.0,"event_name":"Scrap Ooze","player_choice":"Success","floor":3.0,"gold_loss":0.0,"damage_taken":11.0,"relics_obtained":["Anchor"]},{"damage_healed":0.0,"max_hp_gain":0.0,"max_hp_loss":0.0,"gold_gain":0.0,"event_name":"Liars Game","player_choice":"Ignored","floor":5.0,"gold_loss":0.0,"damage_taken":0.0},{"damage_healed":0.0,"max_hp_gain":0.0,"max_hp_loss":0.0,"gold_gain":0.0,"event_name":"Ghosts","player_choice":"Ignored","floor":19.0,"gold_loss":0.0,"damage_taken":0.0},{"damage_healed":0.0,"max_hp_gain":0.0,"max_hp_loss":0.0,"gold_gain":0.0,"event_name":"Cursed Tome","player_choice":"Obtained Book","floor":21.0,"gold_loss":0.0,"damage_taken":21.0},{"damage_healed":0.0,"max_hp_gain":0.0,"max_hp_loss":0.0,"gold_gain":0.0,"event_name":"Back to Basics","player_choice":"Simplicity","floor":22.0,"gold_loss":0.0,"damage_taken":0.0,"cards_upgraded":["Defend_G","Defend_G","Defend_G","Defend_G","Defend_G","Strike_G","Strike_G","Strike_G"]},{"damage_healed":0.0,"max_hp_gain":0.0,"max_hp_loss":0.0,"gold_gain":0.0,"event_name":"Match and Keep!","player_choice":"0 cards matched","floor":36.0,"gold_loss":0.0,"damage_taken":0.0,"cards_obtained":[]},{"damage_healed":0,"gold_gain":0,"cards_transformed":["Strike_G"],"player_choice":"Transformed","damage_taken":0,"max_hp_gain":0,"max_hp_loss":0,"event_name":"Transmorgrifier","floor":44,"gold_loss":0,"cards_obtained":["After Image"]},{"damage_healed":0,"gold_gain":0,"player_choice":"Fight","damage_taken":0,"max_hp_gain":0,"max_hp_loss":0,"event_name":"MindBloom","floor":47,"gold_loss":0},{"cards_removed":["Strike_G"],"damage_healed":0,"gold_gain":0,"player_choice":"Offered Basic","damage_taken":0,"max_hp_gain":0,"max_hp_loss":0,"event_name":"Bonfire Elementals","floor":48,"gold_loss":0}],"is_beta":true,"boss_relics":[{"not_picked":["Ring of the Serpent","Tiny House"],"picked":"Busted Crown"},{"not_picked":["Eternal Feather","Velvet Choker"],"picked":"Sozu"}],"items_purged_floors":[13,46],"is_endless":false,"potions_floor_spawned":[4,10,11,12,24,25,31,39,41,45],"killed_by":"Awakened One","ascension_level":20}