{"gold_per_floor":[117,135,146,156,176,203,222,222,222,222,253,271,287,305,305,401,401,413,425,370,450,464,464,464],"floor_reached":24,"playtime":2409,"items_purged":[],"score":214,"play_id":"22e22ed6-7b84-43b6-9109-431c835d5cb0","local_time":"20190915231232","is_ascension_mode":false,"campfire_choices":[{"floor":8.0,"key":"REST"},{"data":"Perseverance","floor":10.0,"key":"SMITH"},{"floor":15.0,"key":"REST"},{"data":"DeusExMachina","floor":23,"key":"SMITH"}],"neow_cost":"NONE","seed_source_timestamp":2366695120253,"circlet_count":0,"master_deck":["Strike_P","Defend_P","Defend_P","Defend_P","Defend_P","Eruption","Vigilance","FollowUp","CarveReality","SpiritShield","Evaluate","Consecrate","Perseverance+1","Consecrate","Consecrate","Conclude","CutThroughFate","DeusExMachina+1","FearNoEvil+1","CrushJoints+1","Halt+1","CutThroughFate+1","Scrawl+1"],"special_seed":0,"relics":["PureWater","Potion Belt","HornCleat","Orichalcum","Astrolabe","Tiny Chest","Darkstone Periapt"],"potions_floor_usage":[22,22,22,24],"damage_taken":[{"damage":18.0,"enemies":"Cultist","floor":1.0,"turns":6.0},{"damage":8.0,"enemies":"2 Louse","floor":2.0,"turns":3.0},{"damage":1.0,"enemies":"Jaw Worm","floor":3.0,"turns":3.0},{"damage":17.0,"enemies":"Exordium Thugs","floor":4.0,"turns":4.0},{"damage":1.0,"enemies":"Blue Slaver","floor":5.0,"turns":3.0},{"damage":9.0,"enemies":"3 Sentries","floor":6.0,"turns":10.0},{"damage":6.0,"enemies":"Red Slaver","floor":7.0,"turns":5.0},{"damage":16.0,"enemies":"Gremlin Nob","floor":11.0,"turns":4.0},{"damage":2.0,"enemies":"Large Slime","floor":12.0,"turns":11.0},{"damage":0.0,"enemies":"2 Fungi Beasts","floor":13.0,"turns":2.0},{"damage":2.0,"enemies":"Blue Slaver","floor":14.0,"turns":4.0},{"damage":17.0,"enemies":"Slime Boss","floor":16.0,"turns":8.0},{"damage":10.0,"enemies":"2 Thieves","floor":18.0,"turns":3.0},{"damage":14.0,"enemies":"3 Byrds","floor":19.0,"turns":4.0},{"damage":0,"enemies":"Centurion and Healer","floor":22,"turns":1},{"damage":54,"enemies":"Book of Stabbing","floor":24,"turns":7}],"seed_played":"4416822461610934132","potions_obtained":[{"floor":2.0,"key":"StancePotion"},{"floor":4.0,"key":"PowerPotion"},{"floor":5.0,"key":"Swift Potion"},{"floor":6.0,"key":"Poison Potion"},{"floor":13.0,"key":"Fruit Juice"},{"floor":14.0,"key":"Explosive Potion"},{"floor":19.0,"key":"Block Potion"},{"floor":22,"key":"Poison Potion"}],"is_trial":false,"path_per_floor":["M","M","M","M","M","E","M","R","T","R","E","M","M","M","R","B",null,"M","M","?","T","M","R","E"],"character_chosen":"WATCHER","items_purchased":[],"campfire_rested":2,"item_purchase_floors":[],"current_hp_per_floor":[53,45,44,27,26,17,11,32,32,32,16,14,19,17,39,22,76,66,52,52,52,52,52,0],"gold":464,"neow_bonus":"TEN_PERCENT_HP_BONUS","is_prod":false,"is_daily":false,"chose_seed":false,"campfire_upgraded":2,"win_rate":0.0,"timestamp":1568556752,"path_taken":["M","M","M","M","M","E","M","R","T","R","E","M","M","M","R","BOSS","M","?","?","?","?","R","E"],"build_version":"2019-09-12","purchased_purges":0,"victory":false,"max_hp_per_floor":[71,71,71,71,71,71,71,71,71,71,71,71,76,76,76,76,76,76,76,76,76,76,76,76],"card_choices":[{"not_picked":["JustLucky","CrushJoints"],"picked":"FollowUp","floor":1.0},{"not_picked":["CrushJoints","DeceiveReality"],"picked":"CarveReality","floor":2.0},{"not_picked":["ClearTheMind","CleanseEvil"],"picked":"SpiritShield","floor":3.0},{"not_picked":["FollowUp","ThirdEye"],"picked":"Evaluate","floor":4.0},{"not_picked":["Sanctity","Tantrum"],"picked":"Consecrate","floor":5.0},{"not_picked":["InnerPeace","Ragnarok"],"picked":"Perseverance","floor":6.0},{"not_picked":["EmptyBody","BowlingBash"],"picked":"Consecrate","floor":7.0},{"not_picked":["Perseverance","Collect"],"picked":"Consecrate","floor":11.0},{"not_picked":["WindmillStrike","BowlingBash","FlyingSleeves"],"picked":"SKIP","floor":12.0},{"not_picked":["Consecrate","Swivel"],"picked":"Conclude","floor":13.0},{"not_picked":["Worship","FlyingSleeves"],"picked":"CutThroughFate","floor":14.0},{"not_picked":["MasterReality","SignatureMove"],"picked":"DeusExMachina","floor":16.0},{"not_picked":["Crescendo","Worship","JustLucky"],"picked":"SKIP","floor":18.0},{"not_picked":["Halt","Protect"],"picked":"CutThroughFate+1","floor":19.0},{"not_picked":["Conclude","EmptyMind"],"picked":"Scrawl+1","floor":22}],"player_experience":481232,"relics_obtained":[{"floor":6.0,"key":"Potion Belt"},{"floor":9.0,"key":"HornCleat"},{"floor":11.0,"key":"Orichalcum"},{"floor":21.0,"key":"Darkstone Periapt"}],"event_choices":[{"damage_healed":0.0,"max_hp_gain":0.0,"max_hp_loss":0.0,"gold_gain":0.0,"event_name":"Addict","player_choice":"Obtained Relic","floor":20.0,"gold_loss":85.0,"damage_taken":0.0,"relics_obtained":["Tiny Chest"]}],"is_beta":true,"boss_relics":[{"not_picked":["Coffee Dripper","Runic Dome"],"picked":"Astrolabe"}],"items_purged_floors":[],"is_endless":false,"potions_floor_spawned":[2,4,5,6,13,14,19,22],"killed_by":"Book of Stabbing","ascension_level":0}