{"gold_per_floor":[116,116,137,161,161,205,205,241,241,241,241,277,452,452,452,573,573,557,570,570,588,588,624,624],"floor_reached":24,"playtime":1233,"items_purged":[],"score":280,"play_id":"19fa86cb-d079-4914-b706-fa16e51a5e14","local_time":"20180710181920","is_ascension_mode":true,"campfire_choices":[{"floor":7,"key":"REST"},{"floor":11,"key":"REST"},{"floor":15,"key":"REST"}],"neow_cost":"NONE","seed_source_timestamp":283476347756,"circlet_count":0,"master_deck":["Strike_R","Strike_R","Strike_R","Strike_R+1","Strike_R","Defend_R","Defend_R","Defend_R","Defend_R","Bash","Twin Strike+1","Carnage","Flex","Clash","Shrug It Off","Doubt","Reaper","Clumsy","Decay","Clash+1","Ghostly Armor+1","Ghostly","Ghostly","Ghostly","Ghostly","Ghostly","Sword Boomerang+1"],"relics":["Eternal Feather","Golden Idol","Bird Faced Urn","Ginger","Bronze Scales","Blue Candle","Boot","Calling Bell","Happy Flower","Matryoshka","Torii","Prayer Wheel"],"potions_floor_usage":[12,16,16,18],"damage_taken":[{"damage":6,"enemies":"Jaw Worm","floor":1,"turns":5},{"damage":6,"enemies":"2 Louse","floor":3,"turns":3},{"damage":4,"enemies":"Small Slimes","floor":4,"turns":3},{"damage":45,"enemies":"Lagavulin","floor":6,"turns":6},{"damage":14,"enemies":"Gremlin Nob","floor":8,"turns":3},{"damage":6,"enemies":"3 Sentries","floor":12,"turns":6},{"damage":57,"enemies":"Hexaghost","floor":16,"turns":12},{"damage":19,"enemies":"2 Thieves","floor":18,"turns":4},{"damage":16,"enemies":"Chosen","floor":19,"turns":4},{"damage":31,"enemies":"Snecko","floor":21,"turns":6},{"damage":10,"enemies":"Slavers","floor":23,"turns":9},{"damage":37,"enemies":"3 Cultists","floor":24,"turns":6}],"seed_played":"-3617911923875251014","potions_obtained":[{"floor":1,"key":"PowerPotion"},{"floor":8,"key":"Block Potion"},{"floor":12,"key":"Dexterity Potion"},{"floor":16,"key":"Block Potion"},{"floor":21,"key":"Strength Potion"}],"is_trial":false,"path_per_floor":["M","?","M","M","T","E","R","E","T","?","R","E","?","?","R","B",null,"M","M","?","M","?","E"],"character_chosen":"IRONCLAD","items_purchased":[],"campfire_rested":3,"item_purchase_floors":[],"current_hp_per_floor":[74,74,68,64,64,19,47,33,33,33,61,57,57,41,71,14,80,61,45,45,18,18,16,0],"gold":624,"neow_bonus":"BOSS_RELIC","is_prod":false,"is_daily":false,"chose_seed":false,"campfire_upgraded":0,"win_rate":0,"timestamp":1531217960,"path_taken":["M","?","M","M","?","E","R","E","T","?","R","E","?","?","R","BOSS","M","M","?","?","?","E","M"],"build_version":"2018-07-05","purchased_purges":0,"victory":false,"max_hp_per_floor":[80,80,80,80,80,80,80,80,80,80,80,80,80,80,80,80,80,80,80,80,80,40,40,40],"card_choices":[{"not_picked":["Anger","Reckless Charge","Heavy Blade"],"picked":"SKIP","floor":1},{"not_picked":["Metallicize","Headbutt"],"picked":"Twin Strike","floor":3},{"not_picked":["Pummel","Second Wind"],"picked":"Carnage","floor":4},{"not_picked":["Iron Wave","Power Through"],"picked":"Flex","floor":6},{"not_picked":["Thunderclap","Armaments"],"picked":"Clash","floor":8},{"not_picked":["Berserk","Dropkick"],"picked":"Shrug It Off","floor":12},{"not_picked":["Demon Form","Barricade"],"picked":"Reaper","floor":16},{"not_picked":["Dropkick","Anger"],"picked":"Clash+1","floor":18},{"not_picked":["Warcry","Headbutt","Sentinel"],"picked":"SKIP","floor":19},{"not_picked":["Body Slam","Uppercut"],"picked":"Ghostly Armor+1","floor":21},{"not_picked":["Cleave","Heavy Blade"],"picked":"Sword Boomerang+1","floor":23}],"player_experience":122597,"relics_obtained":[{"floor":5,"key":"Bird Faced Urn"},{"floor":6,"key":"Ginger"},{"floor":8,"key":"Bronze Scales"},{"floor":9,"key":"Blue Candle"},{"floor":12,"key":"Boot"},{"floor":17,"key":"Happy Flower"},{"floor":17,"key":"Matryoshka"},{"floor":17,"key":"Torii"},{"floor":23,"key":"Prayer Wheel"}],"event_choices":[{"event_name":"Golden Idol","player_choice":"Take Wound","floor":2,"damage_taken":0},{"event_name":"Living Wall","player_choice":"Forget","floor":10,"damage_taken":0},{"event_name":"Liars Game","player_choice":"agreed","floor":13,"damage_taken":0},{"event_name":"Shining Light","player_choice":"Entered Light","floor":14,"damage_taken":0},{"event_name":"Purifier","player_choice":"One Purge","floor":20,"damage_taken":0},{"event_name":"Ghosts","player_choice":"Became a Ghost","floor":22,"damage_taken":0}],"boss_relics":[{"not_picked":["Philosopher\u0027s Stone","Tiny House"],"picked":"Calling Bell"}],"items_purged_floors":[],"is_endless":false,"potions_floor_spawned":[1,8,12,16,21],"killed_by":"3 Cultists","ascension_level":2}