{"gold_per_floor":[116,191,205,205,205,240,220,32,57,71,83,94,94,114,114],"floor_reached":15,"playtime":232,"items_purged":["Strike_R"],"score":244,"play_id":"482fc7c4-e918-4b57-a88f-7cd6a0f36b9a","local_time":"20190506005223","is_ascension_mode":true,"campfire_choices":[],"neow_cost":"NONE","seed_source_timestamp":395542425807367,"circlet_count":0,"master_deck":["AscendersBane","Strike_R","Strike_R","Strike_R","Strike_R","Defend_R","Defend_R","Defend_R","Defend_R","Bash","True Grit","Ghostly Armor","Armaments","Shrug It Off"],"relics":["Burning Blood","NeowsBlessing","Letter Opener","Shuriken","Bronze Scales"],"potions_floor_usage":[11],"damage_taken":[{"damage":0,"enemies":"Cultist","floor":1,"turns":1},{"damage":0,"enemies":"Jaw Worm","floor":3,"turns":1},{"damage":0,"enemies":"Gremlin Nob","floor":6,"turns":1},{"damage":2,"enemies":"2 Louse","floor":10,"turns":3},{"damage":12,"enemies":"Exordium Thugs","floor":11,"turns":8},{"damage":11,"enemies":"Blue Slaver","floor":12,"turns":6},{"damage":3,"enemies":"2 Fungi Beasts","floor":14,"turns":4}],"seed_played":"-6536423871198628233","potions_obtained":[{"floor":1,"key":"SpeedPotion"},{"floor":7,"key":"Explosive Potion"},{"floor":12,"key":"Swift Potion"}],"is_trial":false,"path_per_floor":["M","?","M","?","?","E","?","$","T","M","M","M","$","M","R"],"character_chosen":"IRONCLAD","items_purchased":["Armaments","Shrug It Off"],"campfire_rested":0,"item_purchase_floors":[8,8],"current_hp_per_floor":[74,63,69,58,58,64,64,64,64,68,62,57,57,60,60],"gold":114,"neow_bonus":"THREE_ENEMY_KILL","is_prod":false,"is_daily":false,"chose_seed":false,"campfire_upgraded":0,"win_rate":0,"timestamp":1557096743,"path_taken":["M","?","M","?","?","E","?","$","T","?","M","M","$","M","R"],"build_version":"2019-01-23","purchased_purges":1,"victory":false,"max_hp_per_floor":[75,75,75,75,75,75,75,75,75,75,75,75,75,75,75],"card_choices":[{"not_picked":["Shockwave","Headbutt"],"picked":"True Grit","floor":1},{"not_picked":["Cleave","Pummel","Spot Weakness"],"picked":"SKIP","floor":3},{"not_picked":["Burning Pact","Clothesline"],"picked":"Ghostly Armor","floor":6},{"not_picked":["Second Wind","Clash","Clothesline"],"picked":"SKIP","floor":10},{"not_picked":["Combust","Pommel Strike","Iron Wave"],"picked":"SKIP","floor":11},{"not_picked":["Metallicize","Anger","Armaments"],"picked":"SKIP","floor":12},{"not_picked":["Headbutt","Bludgeon","Havoc"],"picked":"SKIP","floor":14}],"player_experience":864012,"relics_obtained":[{"floor":6,"key":"Shuriken"},{"floor":9,"key":"Bronze Scales"}],"event_choices":[{"damage_healed":0,"gold_gain":75,"player_choice":"Gather Gold","damage_taken":11,"max_hp_gain":0,"max_hp_loss":0,"event_name":"World of Goop","floor":2,"gold_loss":0},{"damage_healed":0,"gold_gain":0,"player_choice":"Success","damage_taken":11,"relics_obtained":["Letter Opener"],"max_hp_gain":0,"max_hp_loss":0,"event_name":"Scrap Ooze","floor":4,"gold_loss":0},{"damage_healed":0,"gold_gain":0,"player_choice":"Leave","damage_taken":0,"max_hp_gain":0,"max_hp_loss":0,"event_name":"The Cleric","floor":5,"gold_loss":0},{"damage_healed":0,"gold_gain":0,"player_choice":"Bought 1 Potion","damage_taken":0,"max_hp_gain":0,"max_hp_loss":0,"event_name":"The Woman in Blue","floor":7,"gold_loss":0}],"is_beta":false,"boss_relics":[],"items_purged_floors":[8],"is_endless":false,"potions_floor_spawned":[1,10,12],"ascension_level":20}