{"gold_per_floor":[113,93,109,34,48,48,48,83,153,167,167,25,38,73,73,144,144,158,58,72,72,72,105,105,119,142,158,158,158,33,48,48,126,126,138,138,158,158,258,258,285,285,308,308,308,325,343,360,360,360],"floor_reached":51,"playtime":1561,"items_purged":["Strike_G","Strike_G","Strike_G"],"score":1240,"play_id":"300536d1-1f7d-4c80-b1fc-9b2567c0359a","local_time":"20190406002242","is_ascension_mode":true,"campfire_choices":[{"data":"Catalyst","floor":6.0,"key":"SMITH"},{"data":"Footwork","floor":11.0,"key":"SMITH"},{"data":"Noxious Fumes","floor":15.0,"key":"SMITH"},{"floor":24.0,"key":"REST"},{"floor":28.0,"key":"REST"},{"data":"Bouncing Flask","floor":32.0,"key":"SMITH"},{"data":"Burst","floor":40.0,"key":"SMITH"},{"data":"Deadly Poison","floor":42.0,"key":"SMITH"},{"data":"Deadly Poison","floor":45.0,"key":"SMITH"},{"data":"Footwork","floor":49,"key":"SMITH"}],"neow_cost":"NONE","seed_source_timestamp":20403043880024,"circlet_count":0,"master_deck":["AscendersBane","Defend_G","Defend_G","Defend_G","Defend_G","Defend_G","Strike_G","Strike_G","Survivor","Neutralize","Deadly Poison+1","Bane","Catalyst+1","Backstab","Blur","Footwork+1","Noxious Fumes+1","Deadly Poison+1","Corpse Explosion","Well Laid Plans","Deadly Poison","Noxious Fumes+1","Bouncing Flask+1","Leg Sweep","Backflip","Burst+1","Leg Sweep+1","Catalyst+1","Footwork+1","Footwork"],"special_seed":0,"relics":["Ring of the Snake","Blood Vial","Potion Belt","Girya","Mummified Hand","Prayer Wheel","Velvet Choker","Letter Opener","Dream Catcher","Eternal Feather","Unceasing Top","Thread and Needle","Gambling Chip","Juzu Bracelet"],"potions_floor_usage":[50],"damage_taken":[{"damage":2.0,"enemies":"Cultist","floor":1.0,"turns":4.0},{"damage":0.0,"enemies":"Jaw Worm","floor":3.0,"turns":4.0},{"damage":0.0,"enemies":"2 Louse","floor":5.0,"turns":3.0},{"damage":9.0,"enemies":"3 Sentries","floor":8.0,"turns":7.0},{"damage":1.0,"enemies":"Large Slime","floor":10.0,"turns":7.0},{"damage":9.0,"enemies":"2 Fungi Beasts","floor":13.0,"turns":4.0},{"damage":4.0,"enemies":"Gremlin Nob","floor":14.0,"turns":3.0},{"damage":36.0,"enemies":"The Guardian","floor":16.0,"turns":7.0},{"damage":11.0,"enemies":"Shell Parasite","floor":18.0,"turns":3.0},{"damage":10.0,"enemies":"Spheric Guardian","floor":20.0,"turns":4.0},{"damage":21.0,"enemies":"Gremlin Leader","floor":23.0,"turns":6.0},{"damage":20.0,"enemies":"Shelled Parasite and Fungi","floor":25.0,"turns":4.0},{"damage":2.0,"enemies":"Centurion and Healer","floor":27.0,"turns":3.0},{"damage":4.0,"enemies":"Cultist and Chosen","floor":31.0,"turns":5.0},{"damage":19.0,"enemies":"Collector","floor":33.0,"turns":8.0},{"damage":0.0,"enemies":"Orb Walker","floor":35.0,"turns":2.0},{"damage":0.0,"enemies":"3 Darklings","floor":37.0,"turns":6.0},{"damage":14.0,"enemies":"Mind Bloom Boss Battle","floor":39.0,"turns":6.0},{"damage":29.0,"enemies":"Giant Head","floor":41.0,"turns":8.0},{"damage":0,"enemies":"Writhing Mass","floor":46,"turns":3},{"damage":8,"enemies":"Maw","floor":47,"turns":5},{"damage":0,"enemies":"Jaw Worm Horde","floor":48,"turns":4},{"damage":7,"enemies":"Time Eater","floor":50,"turns":5}],"seed_played":"3103813557338933928","potions_obtained":[{"floor":1.0,"key":"Dexterity Potion"},{"floor":2.0,"key":"Swift Potion"},{"floor":5.0,"key":"PowerPotion"},{"floor":14.0,"key":"Swift Potion"},{"floor":16.0,"key":"Dexterity Potion"},{"floor":18.0,"key":"SteroidPotion"},{"floor":25.0,"key":"SpeedPotion"},{"floor":27.0,"key":"Block Potion"},{"floor":33.0,"key":"GamblersBrew"},{"floor":39.0,"key":"SneckoOil"},{"floor":41.0,"key":"Strength Potion"},{"floor":46,"key":"Explosive Potion"}],"is_trial":false,"path_per_floor":["M","?","M","$","M","R","?","E","T","M","R","$","M","E","R","B",null,"M","$","M","$","?","E","R","M","T","M","R","?","$","M","R","B",null,"M","?","M","?","?","R","E","R","T","?","R","M","M","M","R","B",null],"character_chosen":"THE_SILENT","items_purchased":["Catalyst","Noxious Fumes"],"campfire_rested":2,"item_purchase_floors":[4,12],"current_hp_per_floor":[59,59,61,61,63,63,58,51,51,52,52,52,45,43,43,9,52,43,43,35,35,35,16,35,17,17,17,36,36,36,34,34,17,54,56,56,58,58,46,61,34,49,49,49,64,66,58,60,66,59],"gold":360,"neow_bonus":"RANDOM_COMMON_RELIC","is_prod":false,"is_daily":false,"chose_seed":false,"campfire_upgraded":8,"win_rate":0,"timestamp":1554502962,"path_taken":["M","?","?","$","M","R","?","E","T","M","R","$","M","E","R","BOSS","M","$","M","$","?","E","R","M","T","M","R","?","$","M","R","BOSS","M","?","?","?","?","R","E","R","T","?","R","M","M","M","R","BOSS"],"build_version":"2019-01-23","purchased_purges":3,"victory":true,"max_hp_per_floor":[66,66,66,66,66,66,66,66,66,66,66,66,66,66,66,66,66,66,66,66,66,66,66,66,66,66,66,66,66,66,66,66,66,66,66,66,66,66,66,66,66,66,66,66,66,66,66,66,66,66],"card_choices":[{"not_picked":["Caltrops","Acrobatics"],"picked":"Deadly Poison","floor":1.0},{"not_picked":["Setup","Glass Knife"],"picked":"Bane","floor":3.0},{"not_picked":["Sucker Punch","Caltrops"],"picked":"Backstab","floor":5.0},{"not_picked":["Choke","Quick Slash"],"picked":"Blur","floor":8.0},{"not_picked":["Masterful Stab","Setup"],"picked":"Footwork","floor":10.0},{"not_picked":["Poisoned Stab","Blade Dance"],"picked":"Deadly Poison","floor":13.0},{"not_picked":["Flying Knee","Backstab","Dagger Throw"],"picked":"SKIP","floor":14.0},{"not_picked":["Venomology","Phantasmal Killer"],"picked":"Corpse Explosion","floor":16.0},{"not_picked":["PiercingWail","Deadly Poison"],"picked":"Well Laid Plans","floor":18.0},{"not_picked":["Prepared","Dagger Throw"],"picked":"Deadly Poison","floor":18.0},{"not_picked":["Blade Dance","Terror"],"picked":"Noxious Fumes+1","floor":20.0},{"not_picked":["Dagger Spray","Crippling Poison+1"],"picked":"Bouncing Flask","floor":20.0},{"not_picked":["Underhanded Strike","Bane","Night Terror"],"picked":"SKIP","floor":23.0},{"not_picked":["Riddle With Holes","Sucker Punch","Flying Knee"],"picked":"SKIP","floor":25.0},{"not_picked":["Deflect","Expertise","Underhanded Strike"],"picked":"SKIP","floor":25.0},{"not_picked":["Acrobatics","Reflex+1","Well Laid Plans"],"picked":"SKIP","floor":27.0},{"not_picked":["Quick Slash","Cloak And Dagger","Deflect"],"picked":"SKIP","floor":27.0},{"not_picked":["Poisoned Stab","Outmaneuver"],"picked":"Leg Sweep","floor":28.0},{"not_picked":["Bane","Dagger Throw"],"picked":"Backflip","floor":31.0},{"not_picked":["All Out Attack","Night Terror","Bane"],"picked":"SKIP","floor":31.0},{"not_picked":["Envenom","Storm of Steel"],"picked":"Burst","floor":33.0},{"not_picked":["Concentrate","Prepared+1"],"picked":"Leg Sweep+1","floor":35.0},{"not_picked":["Poisoned Stab+1","Underhanded Strike","Blade Dance"],"picked":"SKIP","floor":35.0},{"not_picked":["Tactician","Cloak And Dagger","Deflect"],"picked":"SKIP","floor":37.0},{"not_picked":["Die Die Die","Eviscerate+1","Deflect"],"picked":"SKIP","floor":37.0},{"not_picked":["Slice","Leg Sweep","Underhanded Strike"],"picked":"SKIP","floor":41.0},{"not_picked":["Dodge and Roll","PiercingWail"],"picked":"Footwork","floor":46},{"not_picked":["Sucker Punch","Deadly Poison","Escape Plan"],"picked":"SKIP","floor":46},{"not_picked":["Underhanded Strike","Deadly Poison","Corpse Explosion"],"picked":"SKIP","floor":47},{"not_picked":["Skewer","Bane","Flying Knee"],"picked":"SKIP","floor":47},{"not_picked":["Slice+1","After Image"],"picked":"Footwork","floor":48},{"not_picked":["Dodge and Roll","Leg Sweep","Escape Plan"],"picked":"SKIP","floor":48}],"player_experience":815920,"relics_obtained":[{"floor":8.0,"key":"Girya"},{"floor":9.0,"key":"Mummified Hand"},{"floor":14.0,"key":"Prayer Wheel"},{"floor":23.0,"key":"Letter Opener"},{"floor":26.0,"key":"Dream Catcher"},{"floor":39.0,"key":"Thread and Needle"},{"floor":41.0,"key":"Gambling Chip"},{"floor":43.0,"key":"Juzu Bracelet"}],"event_choices":[{"damage_healed":0.0,"max_hp_gain":0.0,"max_hp_loss":0.0,"gold_gain":0.0,"event_name":"The Woman in Blue","player_choice":"Bought 1 Potion","floor":2.0,"gold_loss":0.0,"damage_taken":0.0},{"damage_healed":0.0,"max_hp_gain":0.0,"max_hp_loss":0.0,"gold_gain":0.0,"event_name":"Scrap Ooze","player_choice":"Success","floor":7.0,"gold_loss":0.0,"damage_taken":5.0,"relics_obtained":["Potion Belt"]},{"damage_healed":0.0,"max_hp_gain":0.0,"max_hp_loss":0.0,"gold_gain":0.0,"event_name":"Ghosts","player_choice":"Ignored","floor":22.0,"gold_loss":0.0,"damage_taken":0.0},{"damage_healed":0.0,"max_hp_gain":0.0,"max_hp_loss":0.0,"gold_gain":0.0,"event_name":"The Mausoleum","player_choice":"Ignored","floor":29.0,"gold_loss":0.0,"damage_taken":0.0},{"damage_healed":0.0,"max_hp_gain":0.0,"max_hp_loss":0.0,"gold_gain":0.0,"event_name":"WeMeetAgain","player_choice":"Gave Potion","floor":36.0,"gold_loss":0.0,"damage_taken":0.0,"relics_obtained":["Unceasing Top"]},{"damage_healed":0.0,"max_hp_gain":0.0,"max_hp_loss":0.0,"gold_gain":0.0,"event_name":"Tomb of Lord Red Mask","player_choice":"Ignored","floor":38.0,"gold_loss":0.0,"damage_taken":0.0},{"damage_healed":0.0,"max_hp_gain":0.0,"max_hp_loss":0.0,"gold_gain":0.0,"event_name":"MindBloom","player_choice":"Fight","floor":39.0,"gold_loss":0.0,"damage_taken":0.0},{"damage_healed":0.0,"max_hp_gain":0.0,"max_hp_loss":0.0,"gold_gain":0.0,"event_name":"Duplicator","player_choice":"Copied","floor":44.0,"gold_loss":0.0,"damage_taken":0.0,"cards_obtained":["Catalyst"]}],"is_beta":false,"boss_relics":[{"not_picked":["Lizard Tail","Orrery"],"picked":"Velvet Choker"},{"not_picked":["Sozu","Calling Bell"],"picked":"Eternal Feather"}],"items_purged_floors":[12,19,30],"is_endless":false,"potions_floor_spawned":[1,5,14,16,18,25,27,31,33,35,39,41,46],"ascension_level":15}