{"gold_per_floor":[115,128,138,63,63,94,94,123,123,123,123,273,154,229,229,308,308,323,213,227,14,114,114,147,179,234,234,248,268,296,146,146,220,220,232,232,107,107,127,158,158,82,82,82,82,111,0,0,0,0],"floor_reached":50,"playtime":915,"items_purged":["Doubt","Defend_R","Writhe"],"score":1176,"play_id":"e716971c-c7b9-4219-ae1c-0fde3c703a5a","local_time":"20181028142202","is_ascension_mode":true,"campfire_choices":[{"data":"Immolate","floor":7.0,"key":"SMITH"},{"floor":11.0,"key":"REST"},{"data":"Flex","floor":15.0,"key":"SMITH"},{"floor":23.0,"key":"REST"},{"floor":27.0,"key":"REST"},{"floor":32.0,"key":"REST"},{"data":"Flex","floor":44.0,"key":"SMITH"},{"floor":49.0,"key":"REST"}],"neow_cost":"NONE","seed_source_timestamp":15073606507344,"circlet_count":0,"master_deck":["Strike_R","Strike_R","Strike_R","Strike_R","Strike_R+1","Bash","AscendersBane","Immolate+1","Hemokinesis","Shockwave","Flex+1","Carnage+1","Double Tap+1","Inflame","Thunderclap+1","Flex+1","Heavy Blade+1","Offering","Heavy Blade+1","Uppercut+1","Doubt","Decay"],"special_seed":0,"relics":["Burning Blood","FaceOfCleric","Juzu Bracelet","Molten Egg 2","Pen Nib","Busted Crown","Brimstone","Peace Pipe","Mercury Hourglass","Kunai","Red Mask","Vajra","Frozen Egg 2","Cursed Key","Boot","Lantern","Blue Candle","Ancient Tea Set"],"potions_floor_usage":[50],"damage_taken":[{"damage":0.0,"enemies":"Small Slimes","floor":1.0,"turns":2.0},{"damage":0.0,"enemies":"2 Louse","floor":2.0,"turns":1.0},{"damage":3.0,"enemies":"Cultist","floor":3.0,"turns":2.0},{"damage":35.0,"enemies":"Lagavulin","floor":6.0,"turns":5.0},{"damage":18.0,"enemies":"3 Sentries","floor":8.0,"turns":4.0},{"damage":23.0,"enemies":"Slime Boss","floor":16.0,"turns":6.0},{"damage":19.0,"enemies":"Shell Parasite","floor":18.0,"turns":3.0},{"damage":11.0,"enemies":"Spheric Guardian","floor":20.0,"turns":3.0},{"damage":24.0,"enemies":"Colosseum Slavers","floor":22.0,"turns":2.0},{"damage":13.0,"enemies":"Colosseum Nobs","floor":22.0,"turns":3.0},{"damage":21.0,"enemies":"Gremlin Leader","floor":24.0,"turns":2.0},{"damage":0.0,"enemies":"Masked Bandits","floor":25.0,"turns":2.0},{"damage":3.0,"enemies":"Snecko","floor":28.0,"turns":2.0},{"damage":21.0,"enemies":"Snake Plant","floor":29.0,"turns":2.0},{"damage":12.0,"enemies":"Slavers","floor":30.0,"turns":2.0},{"damage":47.0,"enemies":"Automaton","floor":33.0,"turns":5.0},{"damage":9.0,"enemies":"Orb Walker","floor":35.0,"turns":2.0},{"damage":16.0,"enemies":"3 Darklings","floor":39.0,"turns":2.0},{"damage":34.0,"enemies":"Giant Head","floor":40.0,"turns":4.0},{"damage":3.0,"enemies":"Reptomancer","floor":46.0,"turns":2.0},{"damage":60,"enemies":"Time Eater","floor":50,"turns":3}],"seed_played":"5874803848859989996","potions_obtained":[{"floor":1.0,"key":"Ancient Potion"},{"floor":3.0,"key":"Weak Potion"},{"floor":22.0,"key":"Strength Potion"},{"floor":28.0,"key":"Weak Potion"},{"floor":46.0,"key":"Strength Potion"}],"is_trial":false,"path_per_floor":["M","M","M","?","?","E","R","E","T","?","R","?","$","?","R","B",null,"M","?","M","$","?","R","E","?","T","R","M","M","E","$","R","B",null,"M","?","$","?","M","E","?","$","T","R","?","E","?","?","R"],"character_chosen":"IRONCLAD","items_purchased":["Carnage+1","Brimstone","Heavy Blade+1","Uppercut+1"],"campfire_rested":5,"item_purchase_floors":[13,21,31,42],"current_hp_per_floor":[74,75,75,75,75,47,47,36,36,29,52,52,52,41,41,25,65,53,53,49,49,26,50,36,43,43,68,72,58,53,53,79,39,76,74,89,89,89,80,53,53,53,53,53,53,57,57,57,84,24],"gold":0,"neow_bonus":"ONE_RANDOM_RARE_CARD","is_prod":false,"is_daily":false,"chose_seed":false,"campfire_upgraded":3,"win_rate":0,"timestamp":1540732922,"path_taken":["M","M","M","?","?","E","R","E","T","?","R","?","$","?","R","BOSS","M","?","M","$","?","R","E","?","T","R","M","M","E","$","R","BOSS","M","?","$","?","M","E","?","$","T","R","?","E","?","?","R","BOSS"],"build_version":"2018-10-25v2","purchased_purges":3,"victory":false,"max_hp_per_floor":[75,75,75,75,75,76,76,77,77,77,77,77,77,77,77,78,78,79,79,80,80,82,82,83,84,84,84,85,86,87,87,87,88,88,89,89,89,89,90,91,91,91,91,91,91,92,92,92,92,92],"card_choices":[{"not_picked":["Entrench","Iron Wave"],"picked":"Hemokinesis","floor":1.0},{"not_picked":["Iron Wave","Shrug It Off"],"picked":"Shockwave","floor":2.0},{"not_picked":["Body Slam","Havoc","Pommel Strike"],"picked":"SKIP","floor":3.0},{"not_picked":["Body Slam","Feel No Pain","Disarm"],"picked":"SKIP","floor":6.0},{"not_picked":["Perfected Strike","Iron Wave"],"picked":"Flex","floor":8.0},{"not_picked":["Offering","Immolate+1"],"picked":"Double Tap","floor":16.0},{"not_picked":["Clothesline+1"],"picked":"SKIP","floor":18.0},{"not_picked":["Feel No Pain"],"picked":"SKIP","floor":20.0},{"not_picked":[],"picked":"Inflame","floor":24.0},{"not_picked":[],"picked":"Thunderclap+1","floor":25.0},{"not_picked":[],"picked":"Flex","floor":28.0},{"not_picked":["Flex"],"picked":"SKIP","floor":29.0},{"not_picked":["Feel No Pain"],"picked":"SKIP","floor":30.0},{"not_picked":[],"picked":"Offering","floor":33.0},{"not_picked":["Pommel Strike+1"],"picked":"SKIP","floor":35.0},{"not_picked":["Cleave+1"],"picked":"SKIP","floor":39.0},{"not_picked":[],"picked":"Heavy Blade+1","floor":40.0},{"not_picked":["Searing Blow+1"],"picked":"SKIP","floor":46.0}],"player_experience":711247,"relics_obtained":[{"floor":6.0,"key":"Juzu Bracelet"},{"floor":8.0,"key":"Molten Egg 2"},{"floor":9.0,"key":"Pen Nib"},{"floor":22.0,"key":"Peace Pipe"},{"floor":22.0,"key":"Mercury Hourglass"},{"floor":24.0,"key":"Kunai"},{"floor":25.0,"key":"Red Mask"},{"floor":26.0,"key":"Vajra"},{"floor":30.0,"key":"Frozen Egg 2"},{"floor":40.0,"key":"Boot"},{"floor":43.0,"key":"Lantern"},{"floor":46.0,"key":"Blue Candle"}],"event_choices":[{"cards_removed":["Defend_R"],"damage_healed":0.0,"max_hp_gain":0.0,"max_hp_loss":0.0,"gold_gain":0.0,"event_name":"The Cleric","player_choice":"Card Removal","floor":4.0,"gold_loss":75.0,"damage_taken":0.0},{"damage_healed":0.0,"max_hp_gain":0.0,"max_hp_loss":0.0,"gold_gain":0.0,"event_name":"FaceTrader","player_choice":"Trade","floor":5.0,"gold_loss":0.0,"damage_taken":0.0,"relics_obtained":["FaceOfCleric"]},{"cards_removed":["Defend_R"],"damage_healed":0.0,"max_hp_gain":0.0,"max_hp_loss":0.0,"gold_gain":0.0,"event_name":"Golden Wing","player_choice":"Card Removal","floor":10.0,"gold_loss":0.0,"damage_taken":7.0},{"damage_healed":0.0,"max_hp_gain":0.0,"max_hp_loss":0.0,"gold_gain":150.0,"event_name":"Liars Game","player_choice":"AGREE","floor":12.0,"gold_loss":0.0,"damage_taken":0.0,"cards_obtained":["Doubt"]},{"damage_healed":0.0,"max_hp_gain":0.0,"max_hp_loss":0.0,"gold_gain":75.0,"event_name":"World of Goop","player_choice":"Gather Gold","floor":14.0,"gold_loss":0.0,"damage_taken":11.0},{"cards_removed":["Defend_R"],"damage_healed":0.0,"max_hp_gain":0.0,"max_hp_loss":0.0,"gold_gain":0.0,"event_name":"Designer","player_choice":"Upgrade and Remove","floor":19.0,"gold_loss":110.0,"damage_taken":0.0,"cards_upgraded":["Strike_R"]},{"damage_healed":0.0,"max_hp_gain":0.0,"max_hp_loss":0.0,"gold_gain":0.0,"event_name":"Colosseum","player_choice":"Fight","floor":22.0,"gold_loss":0.0,"damage_taken":0.0},{"damage_healed":0.0,"max_hp_gain":0.0,"max_hp_loss":0.0,"gold_gain":0.0,"event_name":"Colosseum","player_choice":"Fought Nobs","floor":22.0,"gold_loss":0.0,"damage_taken":0.0},{"damage_healed":0.0,"max_hp_gain":0.0,"max_hp_loss":0.0,"gold_gain":0.0,"event_name":"Masked Bandits","player_choice":"Fought Bandits","floor":25.0,"gold_loss":0.0,"damage_taken":0.0},{"damage_healed":18.0,"max_hp_gain":0.0,"max_hp_loss":0.0,"gold_gain":0.0,"event_name":"Winding Halls","player_choice":"Writhe","floor":36.0,"gold_loss":0.0,"damage_taken":0.0,"cards_obtained":["Writhe"]},{"damage_healed":0.0,"max_hp_gain":0.0,"max_hp_loss":0.0,"gold_gain":0.0,"event_name":"SensoryStone","player_choice":"Memory 1","floor":38.0,"gold_loss":0.0,"damage_taken":0.0},{"damage_healed":0.0,"max_hp_gain":0.0,"max_hp_loss":0.0,"gold_gain":0.0,"event_name":"Upgrade Shrine","player_choice":"Upgraded","floor":41.0,"gold_loss":0.0,"damage_taken":0.0,"cards_upgraded":["Double Tap"]},{"damage_healed":0.0,"max_hp_gain":0.0,"max_hp_loss":0.0,"gold_gain":0.0,"event_name":"Wheel of Change","player_choice":"Cursed","floor":45.0,"gold_loss":0.0,"damage_taken":0.0,"cards_obtained":["Decay"]},{"damage_healed":0.0,"max_hp_gain":0.0,"max_hp_loss":0.0,"gold_gain":0.0,"event_name":"WeMeetAgain","player_choice":"Paid Gold","floor":47.0,"gold_loss":111.0,"damage_taken":0.0,"relics_obtained":["Ancient Tea Set"]},{"damage_healed":0.0,"max_hp_gain":0.0,"max_hp_loss":0.0,"gold_gain":0.0,"event_name":"Tomb of Lord Red Mask","player_choice":"Ignored","floor":48.0,"gold_loss":0.0,"damage_taken":0.0}],"is_beta":true,"boss_relics":[{"not_picked":["Black Blood","Mark of Pain"],"picked":"Busted Crown"},{"not_picked":["Velvet Choker","Tiny House"],"picked":"Cursed Key"}],"items_purged_floors":[13,31,37],"is_endless":false,"potions_floor_spawned":[1,3,22,22,28,29,33,46],"killed_by":"Time Eater","ascension_level":20}