{"path_per_floor":["M","?","?","$","M","E","M","E","T","R","?","E","M","M","R","B",null,"M","M","$","M","M","E","?","E","T","M","?","M","$","M","R","B",null,"M","?","M","M","$","E","R","M","T","?","M","M","$","M","R","B"],"character_chosen":"DEFECT","items_purchased":["Apotheosis","Barrage","Loop","Leap","Static Discharge","Capacitor","Leap","Ancient Tea Set","Skim"],"gold_per_floor":[114,189,189,10,25,55,71,101,101,101,51,76,92,103,103,203,203,216,231,22,37,57,86,86,116,116,131,131,143,38,51,51,148,148,160,160,173,188,17,51,51,65,140,190,203,219,16,27,27,27],"floor_reached":51,"campfire_rested":4,"playtime":4254,"current_hp_per_floor":[75,64,64,64,64,78,78,56,56,56,56,51,51,51,77,51,89,89,89,89,89,89,70,53,58,58,58,58,58,58,55,94,85,94,50,74,62,53,53,31,74,66,66,48,56,42,42,65,94,34],"items_purged":["Strike_B","Strike_B"],"gold":27,"score":743,"play_id":"8d3a5d90-4534-4849-9011-e97766ef38a2","local_time":"20180427212112","is_prod":false,"is_daily":false,"chose_seed":false,"is_ascension_mode":false,"campfire_upgraded":1,"timestamp":1524856872,"path_taken":["M","?","?","$","?","E","?","E","T","R","?","E","M","M","R","BOSS","M","M","$","M","M","E","?","E","T","M","?","M","$","M","R","BOSS","M","?","M","M","$","E","R","M","T","?","M","M","$","M","R","BOSS"],"build_version":"2018-04-26v2","seed_source_timestamp":16234566914618,"purchased_purges":2,"victory":true,"master_deck":["Defend_B","Defend_B","Defend_B","Defend_B","Zap","Dualcast","Cold Snap","Apotheosis+1","Capacitor","Impulse","Coolheaded","Glacier","Defragment","Fusion","Biased Cognition","Sweeping Beam","Ball Lightning","Barrage","Loop","Doom and Gloom","Go for the Eyes+1","Tempest","Multi-Cast","Force Field","Capacitor","Leap","Static Discharge","Blizzard","Biased Cognition","Conserve Battery","Writhe","Melter+1","Auto Shields+1","Capacitor","Leap","Streamline+1","Amplify","Self Repair","Skim","Skim+1"],"max_hp_per_floor":[75,75,75,75,75,89,89,89,89,89,89,89,89,89,89,89,89,89,89,89,89,89,89,94,94,94,94,94,94,94,94,94,94,94,94,94,94,94,94,94,94,94,94,94,94,94,94,94,94,94],"relics":["Cracked Core","NeowsBlessing","Mango","Meat on the Bone","Gremlin Horn","Mummified Hand","Sozu","Bag of Preparation","Mercury Hourglass","Regal Pillow","Lizard Tail","Blood Vial","Bottled Tornado","Ice Cream","Ancient Tea Set"],"card_choices":[{"not_picked":["Beam Cell","Blaster"],"picked":"Cold Snap","floor":1},{"not_picked":["Loop","Hello World"],"picked":"Capacitor","floor":5},{"not_picked":["Prime","Thunder Strike"],"picked":"Impulse","floor":6},{"not_picked":["Rip and Tear","Stack"],"picked":"Coolheaded","floor":7},{"not_picked":["Thunder Strike","Storm"],"picked":"Glacier","floor":8},{"not_picked":["Go for the Eyes","Capacitor"],"picked":"Defragment","floor":12},{"not_picked":["Coolheaded","Rebound"],"picked":"Fusion","floor":14},{"not_picked":["Prime","Reboot"],"picked":"Biased Cognition","floor":16},{"not_picked":["Cold Snap","Leap"],"picked":"Sweeping Beam","floor":18},{"not_picked":["Skim","Axe Kick"],"picked":"Ball Lightning","floor":19},{"not_picked":["Leap","Genetic Algorithm"],"picked":"Doom and Gloom","floor":21},{"not_picked":["Genetic Algorithm","Chill"],"picked":"Go for the Eyes","floor":22},{"not_picked":["Rip and Tear","Axe Kick"],"picked":"Tempest","floor":23},{"not_picked":["Hologram","FTL"],"picked":"Multi-Cast","floor":25},{"not_picked":["Flux Capacitor","Rip and Tear"],"picked":"Force Field","floor":27},{"not_picked":["Go for the Eyes","Genetic Algorithm"],"picked":"Capacitor","floor":29},{"not_picked":["Coolheaded","Impulse"],"picked":"Blizzard","floor":31},{"not_picked":["Machine Learning","Amplify"],"picked":"Biased Cognition","floor":33},{"not_picked":["Steam Power","Gash"],"picked":"Conserve Battery","floor":35},{"not_picked":["Heatsinks","Coolheaded"],"picked":"Melter","floor":37},{"not_picked":["Hologram","Capacitor"],"picked":"Auto Shields","floor":38},{"not_picked":["Coolheaded","Barrage"],"picked":"Streamline","floor":42},{"not_picked":["Capacitor","Hologram"],"picked":"Amplify","floor":45},{"not_picked":["Sweeping Beam","Capacitor"],"picked":"Self Repair","floor":46},{"not_picked":["Storm","Blaster"],"picked":"Skim","floor":48}],"player_experience":49877,"potions_floor_usage":[8,14,16,25],"damage_taken":[{"damage":0,"enemies":"Jaw Worm","floor":1,"turns":1},{"damage":0,"enemies":"2 Louse","floor":5,"turns":1},{"damage":0,"enemies":"3 Sentries","floor":6,"turns":1},{"damage":0,"enemies":"Cultist","floor":7,"turns":4},{"damage":22,"enemies":"Gremlin Nob","floor":8,"turns":4},{"damage":5,"enemies":"3 Sentries","floor":12,"turns":11},{"damage":0,"enemies":"Exordium Wildlife","floor":13,"turns":3},{"damage":0,"enemies":"Lots of Slimes","floor":14,"turns":4},{"damage":26,"enemies":"Hexaghost","floor":16,"turns":16},{"damage":0,"enemies":"Shell Parasite","floor":18,"turns":6},{"damage":0,"enemies":"Spheric Guardian","floor":19,"turns":6},{"damage":0,"enemies":"Snecko","floor":21,"turns":6},{"damage":0,"enemies":"Centurion and Healer","floor":22,"turns":4},{"damage":19,"enemies":"Book of Stabbing","floor":23,"turns":6},{"damage":7,"enemies":"Slavers","floor":25,"turns":5},{"damage":0,"enemies":"Chosen and Byrds","floor":27,"turns":2},{"damage":0,"enemies":"Snecko","floor":29,"turns":7},{"damage":15,"enemies":"Cultist and Chosen","floor":31,"turns":4},{"damage":9,"enemies":"Collector","floor":33,"turns":7},{"damage":44,"enemies":"Flame Bruiser 1 Orb","floor":35,"turns":6},{"damage":12,"enemies":"3 Darklings","floor":37,"turns":4},{"damage":9,"enemies":"Flame Bruiser 2 Orb","floor":38,"turns":4},{"damage":34,"enemies":"Nemesis","floor":40,"turns":7},{"damage":10,"enemies":"Spire Growth","floor":42,"turns":4},{"damage":20,"enemies":"Mysterious Sphere","floor":44,"turns":4},{"damage":6,"enemies":"Sphere and 2 Shapes","floor":45,"turns":4},{"damage":28,"enemies":"3 Darklings","floor":46,"turns":4},{"damage":1,"enemies":"4 Shapes","floor":48,"turns":6},{"damage":82,"enemies":"Time Eater","floor":50,"turns":13}],"event_choices":[{"event_name":"World of Goop","player_choice":"Gather Gold","floor":2,"damage_taken":0},{"event_name":"Purifier","player_choice":"One Purge","floor":3,"damage_taken":0},{"event_name":"The Cleric","player_choice":"Card Removal","floor":11,"damage_taken":0},{"event_name":"Forgotten Altar","player_choice":"Shed Blood","floor":24,"damage_taken":0},{"event_name":"Drug Dealer","player_choice":"Ignored","floor":28,"damage_taken":0},{"event_name":"Winding Halls","player_choice":"Writhe","floor":36,"damage_taken":0},{"event_name":"Mysterious Sphere","player_choice":"Fight","floor":44,"damage_taken":0}],"boss_relics":[{"not_picked":["Astrolabe","Velvet Choker"],"picked":"Sozu"},{"not_picked":["White Beast Statue","Runic Dome"],"picked":"Lizard Tail"}],"potions_floor_spawned":[1,8,12,16,18,22,27,29,31,33,35,37,38,42,45],"seed_played":"-8399991185139727535","ascension_level":0,"is_trial":false}