{"gold_per_floor":[114,189,189,189,154,180,52,85,85,112,112,112,112,123,123,123],"floor_reached":16,"playtime":160,"items_purged":["Strike_G"],"score":328,"play_id":"bf5bf99e-17c5-4de9-8122-80711b0796bb","local_time":"20190413195122","is_ascension_mode":true,"campfire_choices":[{"data":"Burst","floor":11,"key":"SMITH"},{"floor":15,"key":"REST"}],"neow_cost":"NONE","seed_source_timestamp":202475702284863,"circlet_count":0,"master_deck":["AscendersBane","Defend_G+1","Defend_G","Defend_G","Defend_G+1","Defend_G","Strike_G","Strike_G","Strike_G","Strike_G","Survivor","Neutralize","Bane+1","Burst+1","Glass Knife+1"],"special_seed":0,"relics":["Ring of the Snake","NeowsBlessing","The Courier","Singing Bowl","Bag of Marbles","War Paint"],"potions_floor_usage":[10],"damage_taken":[{"damage":0.0,"enemies":"2 Louse","floor":1.0,"turns":1.0},{"damage":0.0,"enemies":"Lagavulin","floor":6.0,"turns":1.0},{"damage":0.0,"enemies":"Gremlin Nob","floor":8.0,"turns":1.0},{"damage":20,"enemies":"Lagavulin","floor":10,"turns":5},{"damage":1,"enemies":"Jaw Worm","floor":14,"turns":2},{"damage":40,"enemies":"Slime Boss","floor":16,"turns":5}],"seed_played":"-1832005983153644814","potions_obtained":[{"floor":6.0,"key":"EssenceOfSteel"},{"floor":8.0,"key":"SteroidPotion"},{"floor":10,"key":"Swift Potion"}],"is_trial":false,"path_per_floor":["M","?","?","?","?","E","$","E","T","E","R","?","?","M","R","B"],"character_chosen":"THE_SILENT","items_purchased":["Burst"],"campfire_rested":1,"item_purchase_floors":[7],"current_hp_per_floor":[59,48,48,48,64,64,64,64,64,46,46,46,46,47,68,28],"gold":123,"neow_bonus":"THREE_ENEMY_KILL","is_prod":false,"is_daily":false,"chose_seed":false,"campfire_upgraded":1,"win_rate":0,"timestamp":1555177882,"path_taken":["M","?","?","?","?","E","?","E","T","E","R","?","?","M","R","BOSS"],"build_version":"2019-01-23","purchased_purges":1,"victory":false,"max_hp_per_floor":[66,66,66,66,66,66,66,66,66,68,68,68,68,70,70,70],"card_choices":[{"not_picked":["Dagger Throw","Deflect"],"picked":"Bane","floor":1.0},{"not_picked":["Blade Dance","Underhanded Strike","Flying Knee"],"picked":"SKIP","floor":6.0},{"not_picked":["Tactician","Poisoned Stab"],"picked":"Glass Knife","floor":8.0},{"not_picked":["Outmaneuver","Deflect","Skewer"],"picked":"Singing Bowl","floor":10},{"not_picked":["Cloak And Dagger","Prepared","Deflect"],"picked":"Singing Bowl","floor":14}],"player_experience":829012,"relics_obtained":[{"floor":6.0,"key":"The Courier"},{"floor":8.0,"key":"Singing Bowl"},{"floor":9.0,"key":"Bag of Marbles"},{"floor":10,"key":"War Paint"}],"event_choices":[{"damage_healed":0.0,"max_hp_gain":0.0,"max_hp_loss":0.0,"gold_gain":75.0,"event_name":"World of Goop","player_choice":"Gather Gold","floor":2.0,"gold_loss":0.0,"damage_taken":11.0},{"damage_healed":0.0,"max_hp_gain":0.0,"max_hp_loss":0.0,"gold_gain":0.0,"event_name":"Living Wall","player_choice":"Grow","floor":3.0,"gold_loss":0.0,"damage_taken":0.0,"cards_upgraded":["Bane"]},{"damage_healed":0.0,"max_hp_gain":0.0,"max_hp_loss":0.0,"gold_gain":0.0,"event_name":"Liars Game","player_choice":"Ignored","floor":4.0,"gold_loss":0.0,"damage_taken":0.0},{"damage_healed":16.0,"max_hp_gain":0.0,"max_hp_loss":0.0,"gold_gain":0.0,"event_name":"The Cleric","player_choice":"Healed","floor":5.0,"gold_loss":35.0,"damage_taken":0.0},{"damage_healed":0,"gold_gain":0,"player_choice":"Ignored","damage_taken":0,"max_hp_gain":0,"max_hp_loss":0,"event_name":"Shining Light","floor":12,"gold_loss":0},{"damage_healed":0,"gold_gain":0,"player_choice":"Forge","damage_taken":0,"max_hp_gain":0,"max_hp_loss":0,"event_name":"Accursed Blacksmith","floor":13,"gold_loss":0,"cards_upgraded":["Glass Knife"]}],"is_beta":false,"boss_relics":[],"items_purged_floors":[7],"is_endless":false,"potions_floor_spawned":[6,8,10],"killed_by":"Slime Boss","ascension_level":20}