{"gold_per_floor":[114,124,124,124,124,153,169,204,204,129,129,129,129,141,141,242,242,254,272,272,288,301,301,312,312,338,354,383,383],"floor_reached":29,"playtime":1418,"items_purged":["Strike_G"],"score":280,"play_id":"707e97f0-aafd-48d2-ba8d-3622ea7b53c7","local_time":"20180725212439","is_ascension_mode":false,"campfire_choices":[{"data":"Dash","floor":11.0,"key":"SMITH"},{"floor":13.0,"key":"REST"},{"data":"Corpse Explosion","floor":15.0,"key":"SMITH"},{"data":"Catalyst","floor":23.0,"key":"SMITH"},{"data":"Neutralize","floor":25.0,"key":"SMITH"}],"neow_cost":"","seed_source_timestamp":1004340425122,"circlet_count":0,"master_deck":["Defend_G","Defend_G","Defend_G","Defend_G","Strike_G","Strike_G","Strike_G","Strike_G","Survivor","Neutralize+1","Poisoned Stab","Dash+1","Corpse Explosion+1","Deadly Poison","Die Die Die","Poisoned Stab","Bane","Catalyst+1","Quick Slash+1"],"special_seed":0,"relics":["Ring of the Snake","Omamori","Mummified Hand","Ancient Tea Set","Mango","Velvet Choker","Orichalcum","Art of War"],"potions_floor_usage":[28,28],"damage_taken":[{"damage":0.0,"enemies":"2 Louse","floor":1.0,"turns":3.0},{"damage":3.0,"enemies":"Jaw Worm","floor":2.0,"turns":5.0},{"damage":29.0,"enemies":"3 Sentries","floor":6.0,"turns":13.0},{"damage":0.0,"enemies":"Cultist","floor":7.0,"turns":3.0},{"damage":23.0,"enemies":"Gremlin Nob","floor":8.0,"turns":5.0},{"damage":0.0,"enemies":"2 Fungi Beasts","floor":14.0,"turns":2.0},{"damage":49.0,"enemies":"Slime Boss","floor":16.0,"turns":11.0},{"damage":2.0,"enemies":"Chosen","floor":18.0,"turns":4.0},{"damage":9.0,"enemies":"Spheric Guardian","floor":19.0,"turns":5.0},{"damage":20.0,"enemies":"Centurion and Healer","floor":21.0,"turns":3.0},{"damage":18.0,"enemies":"Snake Plant","floor":22.0,"turns":4.0},{"damage":0.0,"enemies":"Snecko","floor":24.0,"turns":2.0},{"damage":15,"enemies":"Slaver and Parasite","floor":27,"turns":6},{"damage":14,"enemies":"Slavers","floor":28,"turns":5},{"damage":12,"enemies":"Snake Plant","floor":29,"turns":2}],"seed_played":"-3608682252398819535","potions_obtained":[{"floor":7.0,"key":"SpeedPotion"},{"floor":8.0,"key":"SmokeBomb"},{"floor":14.0,"key":"FearPotion"},{"floor":21.0,"key":"Fire Potion"},{"floor":24.0,"key":"Dexterity Potion"}],"is_trial":false,"path_per_floor":["M","M","?","?","?","E","M","E","T","$","R","?","R","M","R","B",null,"M","M","?","M","M","R","M","R","T","M","E"],"character_chosen":"THE_SILENT","items_purchased":[],"campfire_rested":1,"item_purchase_floors":[],"current_hp_per_floor":[70,67,60,60,65,36,36,13,13,13,13,24,50,50,50,1,89,87,78,78,58,40,40,40,40,40,25,11,0],"gold":383,"neow_bonus":"","is_prod":false,"is_daily":false,"chose_seed":false,"campfire_upgraded":4,"win_rate":0,"timestamp":1532525079,"path_taken":["M","M","?","?","?","E","M","E","T","$","R","?","R","M","R","BOSS","M","M","?","M","M","R","M","R","T","?","E","?"],"build_version":"2018-07-19v2","purchased_purges":1,"victory":false,"max_hp_per_floor":[70,70,70,70,75,75,75,75,75,75,75,89,89,89,89,89,89,89,89,89,89,89,89,89,89,89,89,89,89],"card_choices":[{"not_picked":["PiercingWail","Sucker Punch","Underhanded Strike"],"picked":"SKIP","floor":1.0},{"not_picked":["Distraction","Noxious Fumes"],"picked":"Poisoned Stab","floor":2.0},{"not_picked":["Dodge and Roll","Quick Slash"],"picked":"Dash","floor":6.0},{"not_picked":["Prepared","Dodge and Roll"],"picked":"Corpse Explosion","floor":7.0},{"not_picked":["Caltrops","Bane"],"picked":"Deadly Poison","floor":8.0},{"not_picked":["Quick Slash","Dagger Throw","Dodge and Roll"],"picked":"SKIP","floor":14.0},{"not_picked":["After Image","A Thousand Cuts"],"picked":"Die Die Die","floor":16.0},{"not_picked":["Sucker Punch","Outmaneuver"],"picked":"Poisoned Stab","floor":18.0},{"not_picked":["Masterful Stab","Sucker Punch+1"],"picked":"Bane","floor":19.0},{"not_picked":["Outmaneuver","Bane+1"],"picked":"Catalyst","floor":21.0},{"not_picked":["Cloak And Dagger","Concentrate"],"picked":"Quick Slash+1","floor":22.0},{"not_picked":["Underhanded Strike","PiercingWail","Slice"],"picked":"SKIP","floor":24.0},{"not_picked":["Dash","Dagger Throw","Caltrops"],"picked":"SKIP","floor":27},{"not_picked":["Grand Finale","Blade Dance","Leg Sweep+1"],"picked":"SKIP","floor":28}],"player_experience":205831,"relics_obtained":[{"floor":6.0,"key":"Omamori"},{"floor":8.0,"key":"Mummified Hand"},{"floor":9.0,"key":"Ancient Tea Set"},{"floor":26.0,"key":"Orichalcum"},{"floor":28,"key":"Art of War"}],"event_choices":[{"event_name":"Golden Wing","player_choice":"Card Removal","floor":3.0,"damage_taken":0.0},{"event_name":"Shining Light","player_choice":"Ignored","floor":4.0,"damage_taken":0.0},{"event_name":"Big Fish","player_choice":"Donut","floor":5.0,"damage_taken":0.0},{"event_name":"Scrap Ooze","player_choice":"success","floor":12.0,"damage_taken":3.0},{"event_name":"Drug Dealer","player_choice":"Ignored","floor":20.0,"damage_taken":0.0}],"is_beta":false,"boss_relics":[{"not_picked":["Runic Pyramid","Sozu"],"picked":"Velvet Choker"}],"items_purged_floors":[10],"is_endless":false,"potions_floor_spawned":[7,8,14,21,24],"killed_by":"Snake Plant","ascension_level":0}