{"gold_per_floor":[112,62,62,26,42,72,90,58,58,71,71],"floor_reached":11,"playtime":348,"items_purged":[],"score":95,"play_id":"976bf9ea-9276-4a7c-9a62-9e5bdf81449d","local_time":"20181030125202","is_ascension_mode":true,"campfire_choices":[],"neow_cost":"NONE","seed_source_timestamp":6044779952893,"circlet_count":0,"master_deck":["Strike_B","Strike_B+1","Strike_B","Defend_B","Defend_B","Defend_B","Zap","Dualcast","Tempest","Lockon+1","Storm","FTL","Tempest","Conserve Battery"],"relics":["Cracked Core","Ginger","Whetstone","Matryoshka"],"potions_floor_usage":[7,11],"damage_taken":[{"damage":2,"enemies":"Jaw Worm","floor":1,"turns":3},{"damage":0,"enemies":"Small Slimes","floor":5,"turns":2},{"damage":36,"enemies":"Gremlin Nob","floor":6,"turns":4},{"damage":0,"enemies":"2 Louse","floor":7,"turns":2},{"damage":17,"enemies":"Looter","floor":10,"turns":3},{"damage":20,"enemies":"Lagavulin","floor":11,"turns":2}],"seed_played":"6733724689270947881","potions_obtained":[{"floor":5,"key":"Poison Potion"},{"floor":10,"key":"Energy Potion"}],"is_trial":false,"path_per_floor":["M","?","?","$","M","E","M","?","T","M"],"character_chosen":"DEFECT","items_purchased":["Lockon"],"campfire_rested":0,"item_purchase_floors":[4],"current_hp_per_floor":[66,66,59,59,59,23,23,23,23,6,0],"gold":71,"neow_bonus":"REMOVE_CARD","is_prod":false,"is_daily":false,"chose_seed":false,"campfire_upgraded":0,"win_rate":0,"timestamp":1540875122,"path_taken":["M","?","?","$","M","E","?","?","T","M","E"],"build_version":"2018-10-25v2","purchased_purges":0,"victory":false,"max_hp_per_floor":[75,75,75,75,75,75,75,75,75,75,75],"card_choices":[{"not_picked":["Leap","Stack"],"picked":"Tempest","floor":1},{"not_picked":["Go for the Eyes","Redo"],"picked":"Storm","floor":5},{"not_picked":["Stack","Reinforced Body"],"picked":"FTL","floor":6},{"not_picked":["Leap","Gash"],"picked":"Tempest","floor":7},{"not_picked":["Compile Driver","Redo"],"picked":"Conserve Battery","floor":10}],"player_experience":377398,"relics_obtained":[{"floor":6,"key":"Whetstone"},{"floor":9,"key":"Matryoshka"}],"event_choices":[{"cards_removed":["Strike_B"],"damage_healed":0,"gold_gain":0,"player_choice":"Card Removal","damage_taken":0,"max_hp_gain":0,"max_hp_loss":0,"event_name":"The Cleric","floor":2,"gold_loss":50},{"damage_healed":0,"gold_gain":0,"player_choice":"Success","damage_taken":7,"relics_obtained":["Ginger"],"max_hp_gain":0,"max_hp_loss":0,"event_name":"Scrap Ooze","floor":3,"gold_loss":0},{"damage_healed":0,"gold_gain":0,"player_choice":"Left Gold","damage_taken":0,"max_hp_gain":0,"max_hp_loss":0,"event_name":"World of Goop","floor":8,"gold_loss":32}],"is_beta":false,"boss_relics":[],"items_purged_floors":[],"is_endless":false,"potions_floor_spawned":[5,10],"killed_by":"Lagavulin","ascension_level":6}