{"gold_per_floor":[110,110,110,120,45,57,70,70,139,158,158,175,192,92,92,189,189,179,190,190,190,204,204,204,223,223,240,259,259,134,151,151,151],"floor_reached":33,"playtime":1536,"items_purged":["Pain","Defend_R","Strike_R+1"],"score":268,"play_id":"065f38a1-5ce4-4633-8f05-46858f32ab74","local_time":"20180728224320","is_ascension_mode":false,"campfire_choices":[{"data":"Armaments","floor":8.0,"key":"SMITH"},{"data":"Iron Wave","floor":11.0,"key":"SMITH"},{"data":"Rage","floor":15.0,"key":"SMITH"},{"data":"Feed","floor":23,"key":"SMITH"},{"floor":32,"key":"REST"}],"neow_cost":"CURSE","seed_source_timestamp":4245943900022,"circlet_count":0,"master_deck":["Strike_R+1","Strike_R+1","Strike_R+1","Strike_R+1","Defend_R+1","Defend_R+1","Defend_R+1","Bash","Juggernaut","Iron Wave+1","Metallicize","Armaments+1","Rage+1","Feed+1","Rage","Iron Wave+1","Iron Wave","True Grit"],"special_seed":0,"relics":["Burning Blood"],"potions_floor_usage":[28,28,28,33,33],"damage_taken":[{"damage":7.0,"enemies":"2 Louse","floor":1.0,"turns":4.0},{"damage":4.0,"enemies":"Small Slimes","floor":4.0,"turns":4.0},{"damage":1.0,"enemies":"Cultist","floor":6.0,"turns":4.0},{"damage":3.0,"enemies":"Exordium Wildlife","floor":7.0,"turns":5.0},{"damage":6.0,"enemies":"2 Fungi Beasts","floor":10.0,"turns":4.0},{"damage":0.0,"enemies":"Large Slime","floor":12.0,"turns":5.0},{"damage":10.0,"enemies":"Lots of Slimes","floor":13.0,"turns":4.0},{"damage":34.0,"enemies":"Hexaghost","floor":16.0,"turns":8.0},{"damage":35.0,"enemies":"2 Thieves","floor":18.0,"turns":4.0},{"damage":14.0,"enemies":"3 Byrds","floor":19.0,"turns":6.0},{"damage":11,"enemies":"Snecko","floor":22,"turns":5},{"damage":26,"enemies":"Sentry and Sphere","floor":25,"turns":6},{"damage":23,"enemies":"Slaver and Parasite","floor":27,"turns":7},{"damage":11,"enemies":"Centurion and Healer","floor":28,"turns":6},{"damage":15,"enemies":"Snake Plant","floor":31,"turns":5},{"damage":76,"enemies":"Collector","floor":33,"turns":5}],"seed_played":"5326062420050601936","potions_obtained":[{"floor":6.0,"key":"BloodPotion"},{"floor":12.0,"key":"Dexterity Potion"},{"floor":13.0,"key":"LiquidBronze"},{"floor":19.0,"key":"Block Potion"},{"floor":25,"key":"Explosive Potion"},{"floor":28,"key":"Fire Potion"},{"floor":31,"key":"Dexterity Potion"}],"is_trial":false,"path_per_floor":["M","?","?","M","$","M","M","R","T","M","R","M","M","$","R","B",null,"M","M","?","?","M","R","T","M","T","M","M","?","$","M","R"],"character_chosen":"IRONCLAD","items_purchased":[],"campfire_rested":1,"item_purchase_floors":[],"current_hp_per_floor":[79,79,84,85,85,85,85,85,85,85,85,85,81,81,81,53,85,59,55,55,55,50,50,50,34,34,21,30,30,30,21,52,0],"gold":151,"neow_bonus":"THREE_RARE_CARDS","is_prod":false,"is_daily":false,"chose_seed":false,"campfire_upgraded":4,"win_rate":0,"timestamp":1532789000,"path_taken":["M","?","?","?","$","M","M","R","T","M","R","?","M","$","R","BOSS","M","?","?","?","M","R","?","M","T","M","M","?","$","?","R","BOSS"],"build_version":"2018-07-26","purchased_purges":3,"victory":false,"max_hp_per_floor":[80,80,85,85,85,85,85,85,85,85,85,85,85,85,85,85,85,88,92,92,92,92,92,92,96,96,100,104,104,104,104,104,104],"card_choices":[{"not_picked":["Immolate","Impervious"],"picked":"Juggernaut","floor":0.0},{"not_picked":["Second Wind","Clash"],"picked":"Iron Wave","floor":1.0},{"not_picked":["Warcry","Spot Weakness","Headbutt"],"picked":"SKIP","floor":4.0},{"not_picked":["Thunderclap","Ghostly Armor"],"picked":"Metallicize","floor":6.0},{"not_picked":["Perfected Strike","Twin Strike"],"picked":"Armaments","floor":7.0},{"not_picked":["Clash","Anger","Flex"],"picked":"SKIP","floor":10.0},{"not_picked":["Clothesline","Carnage"],"picked":"Rage","floor":12.0},{"not_picked":["Anger","Hemokinesis","Carnage"],"picked":"SKIP","floor":13.0},{"not_picked":["Immolate","Dark Embrace"],"picked":"Feed","floor":16.0},{"not_picked":["Perfected Strike","Clash+1"],"picked":"Rage","floor":18.0},{"not_picked":["Warcry+1","Disarm"],"picked":"Iron Wave+1","floor":19.0},{"not_picked":["Warcry","Wild Strike","Sword Boomerang"],"picked":"SKIP","floor":22},{"not_picked":["Infernal Blade","Dropkick","Carnage"],"picked":"SKIP","floor":25},{"not_picked":["Warcry+1","Uppercut"],"picked":"Iron Wave","floor":27},{"not_picked":["Reaper","Wild Strike+1"],"picked":"True Grit","floor":28},{"not_picked":["Inflame+1","Sword Boomerang+1","Headbutt"],"picked":"SKIP","floor":31}],"player_experience":232986,"relics_obtained":[],"event_choices":[{"event_name":"Scrap Ooze","player_choice":"unsuccessful","floor":2.0,"damage_taken":0.0},{"event_name":"Big Fish","player_choice":"Donut","floor":3.0,"damage_taken":0.0},{"event_name":"Back to Basics","player_choice":"Simplicity","floor":20,"damage_taken":0},{"event_name":"Addict","player_choice":"Ignored","floor":21,"damage_taken":0},{"event_name":"Ghosts","player_choice":"Ignored","floor":29,"damage_taken":0}],"is_beta":false,"boss_relics":[{"not_picked":["Calling Bell","Velvet Choker","White Beast Statue"]}],"items_purged_floors":[5,14,30],"is_endless":false,"potions_floor_spawned":[6,12,13,19,25,27,28,31],"killed_by":"Collector","ascension_level":0}