{"path_per_floor":["M","M","M","?","M","E","R","M","T","E","R","?","M","E","R","B",null,"M","M","?"],"character_chosen":"DEFECT","items_purchased":[],"gold_per_floor":[117,137,152,152,170,195,195,210,237,293,293,368,379,407,407,509,509,527,511,426,426],"floor_reached":21,"campfire_rested":1,"playtime":1067,"current_hp_per_floor":[75,74,74,79,76,66,66,58,58,45,45,34,21,8,32,7,70,45,20,20,0],"items_purged":[],"gold":426,"score":261,"play_id":"88d1ba59-3987-4a65-833c-6f02604ca87f","local_time":"20180511191345","is_prod":false,"is_daily":false,"chose_seed":false,"is_ascension_mode":true,"campfire_upgraded":2,"timestamp":1526058825,"path_taken":["M","M","M","?","M","E","R","M","T","E","R","?","M","E","R","BOSS","M","M","?","M"],"build_version":"2018-05-10","seed_source_timestamp":112880633131881,"purchased_purges":0,"victory":false,"master_deck":["Strike_B","Strike_B","Strike_B","Strike_B","Defend_B","Defend_B","Defend_B","Defend_B","Zap","Dualcast","Sweeping Beam","Defragment+1","Redo","Defragment+1","Machine Learning","Defragment","Ball Lightning","Thunder Strike","Doubt","Parasite","Regret","Heatsinks","Cold Snap+1"],"max_hp_per_floor":[82,82,82,82,82,82,82,82,82,82,82,82,82,82,82,82,89,89,89,89,89],"relics":["Cracked Core","Question Card","Anchor","Tiny Chest","Happy Flower","Calling Bell","Strawberry","Matryoshka","Bird Faced Urn","Toolbox"],"card_choices":[{"not_picked":["Skim","Chaos"],"picked":"Sweeping Beam","floor":1},{"not_picked":["Sweeping Beam","Aggregate"],"picked":"Defragment","floor":2},{"not_picked":["White Noise","Steam"],"picked":"Coolheaded","floor":3},{"not_picked":["Coolheaded","Turbo"],"picked":"Redo","floor":5},{"not_picked":["Rebound","Steam Power"],"picked":"Defragment","floor":6},{"not_picked":["Coolheaded","Axe Kick","Cold Snap"],"picked":"Machine Learning","floor":8},{"not_picked":["Creative AI","Blizzard","Reboot"],"picked":"Defragment","floor":10},{"not_picked":["Capacitor","Go for the Eyes","Coolheaded"],"picked":"Ball Lightning","floor":14},{"not_picked":["Fission","Multi-Cast","Biased Cognition"],"picked":"Thunder Strike","floor":16},{"not_picked":["Double Energy","Hologram","Beam Cell"],"picked":"Heatsinks","floor":18},{"not_picked":["Turbo","Rebound","Creative AI"],"picked":"Cold Snap","floor":19}],"player_experience":124541,"potions_floor_usage":[6,6,10,14,19,21],"damage_taken":[{"damage":0,"enemies":"2 Louse","floor":1,"turns":1},{"damage":1,"enemies":"Cultist","floor":2,"turns":3},{"damage":0,"enemies":"Small Slimes","floor":3,"turns":2},{"damage":3,"enemies":"Blue Slaver","floor":5,"turns":4},{"damage":10,"enemies":"3 Sentries","floor":6,"turns":5},{"damage":8,"enemies":"Red Slaver","floor":8,"turns":3},{"damage":13,"enemies":"Lagavulin","floor":10,"turns":7},{"damage":13,"enemies":"3 Louse","floor":13,"turns":3},{"damage":13,"enemies":"3 Sentries","floor":14,"turns":6},{"damage":25,"enemies":"The Guardian","floor":16,"turns":9},{"damage":29,"enemies":"Chosen","floor":18,"turns":5},{"damage":29,"enemies":"2 Thieves","floor":19,"turns":4},{"damage":33,"enemies":"Cultist and Chosen","floor":21,"turns":3}],"event_choices":[{"event_name":"Bonfire Elementals","player_choice":"COMMON","floor":4,"damage_taken":0},{"event_name":"World of Goop","player_choice":"Gather Gold","floor":12,"damage_taken":0},{"event_name":"Addict","player_choice":"Obtained Relic","floor":20,"damage_taken":0}],"boss_relics":[{"not_picked":["Astrolabe","Snecko Eye"],"picked":"Calling Bell"}],"potions_floor_spawned":[2,3,8,10,16,19],"seed_played":"-1906296591196400467","killed_by":"Cultist and Chosen","ascension_level":6,"is_trial":false}