{"gold_per_floor":[110,126,11,24,40,66,76,108,135,135,162,162,162,173,173,276,276,286,148,168,267,267,302,302,177,177,177,92,92,134,146,158,267,279,309,321,333,364,65,65,95,115,115,115,133,133,144,163,163,163],"floor_reached":50,"playtime":4042,"items_purged":["Defend_P","Strike_P","Strike_P","Pain"],"score":553,"play_id":"0a900a49-0dba-495a-9ca6-8af42d961ff9","local_time":"20190916012803","is_ascension_mode":false,"campfire_choices":[{"floor":10.0,"key":"REST"},{"floor":13.0,"key":"REST"},{"floor":15.0,"key":"REST"},{"floor":24.0,"key":"DIG"},{"floor":27.0,"key":"DIG"},{"floor":29.0,"key":"DIG"},{"floor":32.0,"key":"REST"},{"floor":40.0,"key":"DIG"},{"floor":44,"key":"REST"},{"floor":49,"key":"DIG"}],"neow_cost":"NONE","seed_source_timestamp":7609630143528,"circlet_count":0,"master_deck":["Strike_P","Defend_P","Defend_P+1","Defend_P","Eruption","Vigilance","Halt","EmptyFist","Adaptation","EmptyFist","EmptyFist","Meditate+1","Halt","Sanctity","Judgement","CurseOfTheBell","EmptyFist+1","Conclude","FollowUp","EmptyBody+1","Adaptation","Judgement","EmptyBody+1","DevaForm","Parasite"],"special_seed":0,"relics":["Philosopher\u0027s Stone","Mummified Hand","Shovel","Centennial Puzzle","War Paint","Calling Bell","Potion Belt","Kunai","Peace Pipe","Pen Nib","Du-Vu Doll","Shuriken","WingedGreaves","Anchor","MawBank","Gremlin Horn","MutagenicStrength","VioletLotus","WarpedTongs","Bronze Scales","Pantograph","Molten Egg 2","Bag of Preparation"],"potions_floor_usage":[41,50,50,50],"damage_taken":[{"damage":0.0,"enemies":"Jaw Worm","floor":1.0,"turns":4.0},{"damage":2.0,"enemies":"Small Slimes","floor":2.0,"turns":7.0},{"damage":3.0,"enemies":"2 Louse","floor":4.0,"turns":2.0},{"damage":9.0,"enemies":"2 Fungi Beasts","floor":5.0,"turns":3.0},{"damage":30.0,"enemies":"Gremlin Nob","floor":6.0,"turns":4.0},{"damage":6.0,"enemies":"Looter","floor":7.0,"turns":3.0},{"damage":4.0,"enemies":"Lagavulin","floor":8.0,"turns":5.0},{"damage":29.0,"enemies":"Gremlin Nob","floor":11.0,"turns":4.0},{"damage":6.0,"enemies":"Exordium Wildlife","floor":14.0,"turns":3.0},{"damage":17.0,"enemies":"Slime Boss","floor":16.0,"turns":11.0},{"damage":0.0,"enemies":"Spheric Guardian","floor":18.0,"turns":3.0},{"damage":1.0,"enemies":"2 Thieves","floor":20.0,"turns":4.0},{"damage":28.0,"enemies":"Gremlin Leader","floor":23.0,"turns":10.0},{"damage":21.0,"enemies":"Book of Stabbing","floor":30.0,"turns":7.0},{"damage":11.0,"enemies":"Champ","floor":33.0,"turns":10.0},{"damage":6.0,"enemies":"Orb Walker","floor":35.0,"turns":3.0},{"damage":6.0,"enemies":"3 Shapes","floor":38.0,"turns":3.0},{"damage":28,"enemies":"Nemesis","floor":41,"turns":5},{"damage":8,"enemies":"3 Darklings","floor":42,"turns":4},{"damage":0,"enemies":"Sphere and 2 Shapes","floor":45,"turns":2},{"damage":9,"enemies":"Writhing Mass","floor":47,"turns":5},{"damage":0,"enemies":"3 Darklings","floor":48,"turns":3},{"damage":64,"enemies":"Time Eater","floor":50,"turns":9}],"seed_played":"3220466123731081945","potions_obtained":[{"floor":2.0,"key":"Fire Potion"},{"floor":4.0,"key":"Dexterity Potion"},{"floor":11.0,"key":"AttackPotion"},{"floor":14.0,"key":"Swift Potion"},{"floor":16.0,"key":"FearPotion"},{"floor":20.0,"key":"Ancient Potion"},{"floor":23.0,"key":"Dexterity Potion"},{"floor":35.0,"key":"Ancient Potion"},{"floor":38.0,"key":"Swift Potion"},{"floor":42,"key":"LiquidBronze"}],"is_trial":false,"path_per_floor":["M","M","$","M","M","E","M","E","T","R","E","?","R","M","R","B",null,"M","$","M","?","?","E","R","$","T","R","?","R","E","?","R","B",null,"M","?","?","M","$","R","E","M","T","R","M","?","M","M","R","B"],"character_chosen":"WATCHER","items_purchased":["Adaptation","Conclude","DevaForm"],"campfire_rested":5,"item_purchase_floors":[3,19,39],"current_hp_per_floor":[65,63,63,60,51,21,15,11,11,30,1,1,20,14,33,16,65,65,65,64,64,64,36,36,36,36,36,36,36,15,15,34,23,65,59,59,59,53,53,53,25,17,17,36,36,36,27,27,27,0],"gold":163,"neow_bonus":"BOSS_RELIC","is_prod":false,"is_daily":false,"chose_seed":false,"campfire_upgraded":0,"win_rate":0.0,"timestamp":1568564883,"path_taken":["M","M","$","M","M","E","M","E","T","R","E","?","R","M","R","BOSS","M","$","M","?","?","E","R","$","T","R","?","R","E","?","R","BOSS","M","?","?","M","$","R","E","M","T","R","?","?","M","M","R","BOSS"],"build_version":"2019-09-12","purchased_purges":4,"victory":false,"max_hp_per_floor":[65,65,65,65,65,65,65,65,65,65,65,65,65,65,65,65,65,65,65,65,65,65,65,65,65,65,65,65,65,65,65,65,65,65,65,65,65,65,65,65,65,65,65,65,65,62,62,62,62,62],"card_choices":[{"not_picked":["EmptyMind","JustLucky"],"picked":"Halt","floor":1.0},{"not_picked":["Protect","CutThroughFate"],"picked":"EmptyFist","floor":2.0},{"not_picked":["Worship","Crescendo"],"picked":"EmptyFist","floor":4.0},{"not_picked":["EmptyBody","CarveReality"],"picked":"EmptyFist","floor":5.0},{"not_picked":["Vault","Weave"],"picked":"Meditate","floor":6.0},{"not_picked":["InnerPeace","Protect"],"picked":"Halt","floor":7.0},{"not_picked":["InnerPeace","WaveOfTheHand","Blasphemy"],"picked":"SKIP","floor":8.0},{"not_picked":["CutThroughFate","ForeignInfluence","EmptyMind"],"picked":"SKIP","floor":11.0},{"not_picked":["Prostrate","ForeignInfluence"],"picked":"Sanctity","floor":14.0},{"not_picked":["Wallop","Unraveling"],"picked":"Judgement","floor":16.0},{"not_picked":["BowlingBash","Tantrum"],"picked":"EmptyFist+1","floor":18.0},{"not_picked":["Evaluate","Halt"],"picked":"FollowUp","floor":20.0},{"not_picked":["FlowState","Prostrate"],"picked":"EmptyBody+1","floor":23.0},{"not_picked":["FlyingSleeves","SpiritShield"],"picked":"Adaptation","floor":30.0},{"not_picked":["DeusExMachina","Vault"],"picked":"Judgement","floor":33.0},{"not_picked":["ClearTheMind+1","FollowUp"],"picked":"EmptyBody+1","floor":35.0},{"not_picked":["Tantrum+1","EmptyFist","FlyingSleeves+1"],"picked":"SKIP","floor":38.0},{"not_picked":["Prostrate","WindmillStrike+1","CarveReality"],"picked":"SKIP","floor":41},{"not_picked":["Scrawl+1","ForeignInfluence+1","FollowUp+1"],"picked":"SKIP","floor":42},{"not_picked":["EmptyFist+1","ThirdEye","WindmillStrike+1"],"picked":"SKIP","floor":45},{"not_picked":["FollowUp+1","FlyingSleeves+1","Weave+1"],"picked":"SKIP","floor":47},{"not_picked":["FollowUp+1","CleanseEvil","EmptyMind"],"picked":"SKIP","floor":48}],"player_experience":484932,"relics_obtained":[{"floor":6.0,"key":"Mummified Hand"},{"floor":8.0,"key":"Shovel"},{"floor":9.0,"key":"Centennial Puzzle"},{"floor":11.0,"key":"War Paint"},{"floor":17.0,"key":"Potion Belt"},{"floor":17.0,"key":"Kunai"},{"floor":17.0,"key":"Peace Pipe"},{"floor":23.0,"key":"Pen Nib"},{"floor":24.0,"key":"Du-Vu Doll"},{"floor":26.0,"key":"Shuriken"},{"floor":27.0,"key":"WingedGreaves"},{"floor":29.0,"key":"MawBank"},{"floor":30.0,"key":"Gremlin Horn"},{"floor":40.0,"key":"Bronze Scales"},{"floor":41,"key":"Pantograph"},{"floor":43,"key":"Molten Egg 2"},{"floor":49,"key":"Bag of Preparation"}],"event_choices":[{"damage_healed":0.0,"max_hp_gain":0.0,"max_hp_loss":0.0,"gold_gain":0.0,"event_name":"Golden Idol","player_choice":"Ignored","floor":12.0,"gold_loss":0.0,"damage_taken":0.0},{"damage_healed":0.0,"max_hp_gain":0.0,"max_hp_loss":0.0,"gold_gain":99.0,"event_name":"Nest","player_choice":"Stole From Cult","floor":21.0,"gold_loss":0.0,"damage_taken":0.0},{"cards_removed":["Strike_P"],"damage_healed":0.0,"max_hp_gain":0.0,"max_hp_loss":0.0,"gold_gain":0.0,"event_name":"Back to Basics","player_choice":"Elegance","floor":22.0,"gold_loss":0.0,"damage_taken":0.0},{"damage_healed":0.0,"max_hp_gain":0.0,"max_hp_loss":0.0,"gold_gain":0.0,"event_name":"Addict","player_choice":"Obtained Relic","floor":28.0,"gold_loss":85.0,"damage_taken":0.0,"relics_obtained":["Anchor"]},{"damage_healed":0.0,"max_hp_gain":0.0,"max_hp_loss":0.0,"gold_gain":0.0,"event_name":"Drug Dealer","player_choice":"Inject Mutagens","floor":31.0,"gold_loss":0.0,"damage_taken":0.0,"relics_obtained":["MutagenicStrength"]},{"damage_healed":0.0,"max_hp_gain":0.0,"max_hp_loss":0.0,"gold_gain":0.0,"event_name":"Tomb of Lord Red Mask","player_choice":"Ignored","floor":36.0,"gold_loss":0.0,"damage_taken":0.0},{"damage_healed":0.0,"max_hp_gain":0.0,"max_hp_loss":0.0,"gold_gain":0.0,"event_name":"Accursed Blacksmith","player_choice":"Rummage","floor":37.0,"gold_loss":0.0,"damage_taken":0.0,"relics_obtained":["WarpedTongs"],"cards_obtained":["Pain"]},{"damage_healed":0,"gold_gain":0,"player_choice":"Max HP","damage_taken":0,"max_hp_gain":0,"max_hp_loss":3,"event_name":"Winding Halls","floor":46,"gold_loss":0}],"is_beta":true,"boss_relics":[{"not_picked":["Fusion Hammer","SacredBark"],"picked":"Calling Bell"},{"not_picked":["Busted Crown","Tiny House"],"picked":"VioletLotus"}],"items_purged_floors":[3,19,25,39],"is_endless":false,"potions_floor_spawned":[2,4,11,14,16,20,23,35,38,42],"killed_by":"Time Eater","ascension_level":0}