{"gold_per_floor":[366,366,173,173,4,4,22,51,97,97,8,27,40,55,55,132,132,132,92,11,11,11,11,11,11,11,11,11,11,11,11,11,11,11,11,11,11,11,0,0,0,0,0,0,0,0,0,0,0,0,0,0,0,0,0,0],"floor_reached":56,"playtime":1343,"items_purged":[],"score":1886,"play_id":"02240bb4-4172-49c1-bfa1-17269337489f","local_time":"20190511010330","is_ascension_mode":true,"campfire_choices":[{"data":"Apotheosis","floor":6.0,"key":"SMITH"},{"data":"Bash","floor":10.0,"key":"SMITH"},{"floor":15.0,"key":"RECALL"},{"floor":24.0,"key":"REST"},{"data":"Limit Break","floor":28.0,"key":"SMITH"},{"floor":32.0,"key":"REST"},{"data":"Inflame","floor":44.0,"key":"SMITH"},{"data":"Demon Form","floor":49.0,"key":"SMITH"},{"floor":53.0,"key":"REST"}],"neow_cost":"PERCENT_DAMAGE","seed_source_timestamp":30604429234047,"circlet_count":0,"master_deck":["AscendersBane","Strike_R","Strike_R","Strike_R","Strike_R","Strike_R","Defend_R","Defend_R","Bash+1","Apotheosis+1","Battle Trance+1","Whirlwind","Sword Boomerang","Infernal Blade+1","Limit Break+1","Inflame+1","Heavy Blade","Dropkick","Reaper","Demon Form+1","Uppercut","Inflame"],"special_seed":0,"relics":["Burning Blood","Du-Vu Doll","Oddly Smooth Stone","Magic Flower","Vajra","Ectoplasm","MutagenicStrength","Omamori","Juzu Bracelet","Red Skull","Cursed Key","Gambling Chip","Red Mask","Art of War","Paper Frog","War Paint","Centennial Puzzle"],"potions_floor_usage":[56,56],"damage_taken":[{"damage":4.0,"enemies":"Jaw Worm","floor":1.0,"turns":4.0},{"damage":0.0,"enemies":"Small Slimes","floor":7.0,"turns":3.0},{"damage":8.0,"enemies":"Gremlin Nob","floor":8.0,"turns":3.0},{"damage":0.0,"enemies":"Cultist","floor":12.0,"turns":2.0},{"damage":11.0,"enemies":"Blue Slaver","floor":13.0,"turns":3.0},{"damage":11.0,"enemies":"Looter","floor":14.0,"turns":2.0},{"damage":18.0,"enemies":"Slime Boss","floor":16.0,"turns":6.0},{"damage":0.0,"enemies":"Chosen","floor":18.0,"turns":3.0},{"damage":22.0,"enemies":"2 Thieves","floor":19.0,"turns":2.0},{"damage":23.0,"enemies":"Gremlin Leader","floor":23.0,"turns":5.0},{"damage":0.0,"enemies":"Chosen and Byrds","floor":25.0,"turns":4.0},{"damage":24.0,"enemies":"Sentry and Sphere","floor":27.0,"turns":4.0},{"damage":17.0,"enemies":"Book of Stabbing","floor":29.0,"turns":3.0},{"damage":4.0,"enemies":"Centurion and Healer","floor":30.0,"turns":4.0},{"damage":38.0,"enemies":"Collector","floor":33.0,"turns":4.0},{"damage":0.0,"enemies":"3 Darklings","floor":35.0,"turns":1.0},{"damage":14.0,"enemies":"Orb Walker","floor":36.0,"turns":2.0},{"damage":4.0,"enemies":"Mind Bloom Boss Battle","floor":38.0,"turns":4.0},{"damage":46.0,"enemies":"Reptomancer","floor":40.0,"turns":4.0},{"damage":13.0,"enemies":"Giant Head","floor":45.0,"turns":4.0},{"damage":0.0,"enemies":"Spire Growth","floor":46.0,"turns":2.0},{"damage":21.0,"enemies":"Transient","floor":48.0,"turns":5.0},{"damage":66.0,"enemies":"Donu and Deca","floor":50.0,"turns":5.0},{"damage":98.0,"enemies":"Awakened One","floor":51.0,"turns":6.0},{"damage":97.0,"enemies":"Shield and Spear","floor":55.0,"turns":4.0},{"damage":76,"enemies":"The Heart","floor":56,"turns":3}],"seed_played":"7947506111273771573","potions_obtained":[{"floor":1.0,"key":"Swift Potion"},{"floor":8.0,"key":"Weak Potion"},{"floor":14.0,"key":"SteroidPotion"},{"floor":19.0,"key":"Strength Potion"},{"floor":23.0,"key":"LiquidBronze"},{"floor":29.0,"key":"Swift Potion"},{"floor":36.0,"key":"Weak Potion"},{"floor":38.0,"key":"Ancient Potion"}],"is_trial":false,"path_per_floor":["M","?","$","?","$","R","M","E","T","R","$","M","M","M","R","B",null,"M","M","$","?","?","E","R","M","T","M","R","E","M","?","R","B",null,"M","M","T","?","?","E","?","?","T","R","E","M","$","M","R","B","B",null,"R","$","E","B"],"character_chosen":"IRONCLAD","items_purchased":["Apotheosis","Oddly Smooth Stone","Battle Trance","Disarm"],"campfire_rested":3,"item_purchase_floors":[3,5,11,20],"current_hp_per_floor":[52,52,52,47,47,47,53,51,51,51,51,60,58,56,56,47,68,75,62,62,62,62,48,70,75,75,60,60,52,57,57,75,46,68,75,75,75,75,75,75,75,75,75,75,75,75,75,75,75,54,33,65,75,75,46,0],"gold":0,"neow_bonus":"TWO_FIFTY_GOLD","is_prod":false,"is_daily":false,"chose_seed":false,"campfire_upgraded":5,"win_rate":0,"timestamp":1557529410,"path_taken":["M","?","$","?","$","R","M","E","T","R","$","M","M","M","R","BOSS","M","M","$","?","?","E","R","M","T","M","R","E","M","?","R","BOSS","M","M","?","?","?","E","?","?","T","R","E","M","?","M","R","BOSS","BOSS","R","$","E","BOSS"],"build_version":"2019-01-23","purchased_purges":0,"victory":false,"max_hp_per_floor":[75,75,75,75,75,75,75,75,75,75,75,75,75,75,75,75,75,75,75,75,75,75,75,75,75,75,75,75,75,75,75,75,75,75,75,75,75,75,75,75,75,75,75,75,75,75,75,75,75,75,75,75,75,75,75,75],"card_choices":[{"not_picked":["Hemokinesis","Headbutt","Infernal Blade"],"picked":"SKIP","floor":1.0},{"not_picked":["Heavy Blade","Rupture","True Grit"],"picked":"SKIP","floor":7.0},{"not_picked":["Seeing Red","Anger","Dropkick"],"picked":"SKIP","floor":8.0},{"not_picked":["Wild Strike","Anger"],"picked":"Whirlwind","floor":12.0},{"not_picked":["Anger","Shrug It Off"],"picked":"Sword Boomerang","floor":13.0},{"not_picked":["Wild Strike","Ghostly Armor"],"picked":"Infernal Blade","floor":14.0},{"not_picked":["Berserk","Feed"],"picked":"Limit Break","floor":16.0},{"not_picked":["Disarm","True Grit","Reckless Charge"],"picked":"SKIP","floor":18.0},{"not_picked":["True Grit","Power Through","Cleave"],"picked":"SKIP","floor":19.0},{"not_picked":["Pummel","Ghostly Armor"],"picked":"Inflame","floor":23.0},{"not_picked":["True Grit","Headbutt","Flame Barrier+1"],"picked":"SKIP","floor":25.0},{"not_picked":["Dropkick","Combust","Dual Wield"],"picked":"SKIP","floor":27.0},{"not_picked":["Seeing Red","Perfected Strike"],"picked":"Heavy Blade","floor":29.0},{"not_picked":["Clash","Intimidate","Perfected Strike"],"picked":"SKIP","floor":30.0},{"not_picked":["Limit Break","Feed"],"picked":"Reaper","floor":33.0},{"not_picked":["True Grit","Body Slam","Whirlwind+1"],"picked":"SKIP","floor":35.0},{"not_picked":["Headbutt","Shrug It Off","Clash+1"],"picked":"SKIP","floor":36.0},{"not_picked":["Dropkick","Offering","Anger"],"picked":"SKIP","floor":40.0},{"not_picked":["Bloodletting","Corruption"],"picked":"Demon Form","floor":45.0},{"not_picked":["Perfected Strike+1","Twin Strike"],"picked":"Uppercut","floor":46.0},{"not_picked":["Sever Soul","Second Wind","Wild Strike"],"picked":"SKIP","floor":48.0},{"not_picked":["Entrench","Warcry"],"picked":"Inflame","floor":55.0}],"player_experience":876388,"relics_obtained":[{"floor":8.0,"key":"Magic Flower"},{"floor":9.0,"key":"Vajra"},{"floor":23.0,"key":"Omamori"},{"floor":26.0,"key":"Juzu Bracelet"},{"floor":29.0,"key":"Red Skull"},{"floor":38.0,"key":"Gambling Chip"},{"floor":40.0,"key":"Art of War"},{"floor":43.0,"key":"Paper Frog"},{"floor":45.0,"key":"War Paint"},{"floor":55.0,"key":"Centennial Puzzle"}],"event_choices":[{"damage_healed":0.0,"max_hp_gain":0.0,"max_hp_loss":0.0,"gold_gain":0.0,"event_name":"Shining Light","player_choice":"Ignored","floor":2.0,"gold_loss":0.0,"damage_taken":0.0},{"damage_healed":0.0,"max_hp_gain":0.0,"max_hp_loss":0.0,"gold_gain":0.0,"event_name":"Scrap Ooze","player_choice":"Success","floor":4.0,"gold_loss":0.0,"damage_taken":5.0,"relics_obtained":["Du-Vu Doll"]},{"damage_healed":0.0,"max_hp_gain":0.0,"max_hp_loss":0.0,"gold_gain":0.0,"event_name":"Beggar","player_choice":"Ignored","floor":21.0,"gold_loss":0.0,"damage_taken":0.0},{"damage_healed":0.0,"max_hp_gain":0.0,"max_hp_loss":0.0,"gold_gain":0.0,"event_name":"Drug Dealer","player_choice":"Inject Mutagens","floor":22.0,"gold_loss":0.0,"damage_taken":0.0,"relics_obtained":["MutagenicStrength"]},{"damage_healed":0.0,"max_hp_gain":0.0,"max_hp_loss":0.0,"gold_gain":0.0,"cards_transformed":["Defend_R"],"event_name":"Transmorgrifier","player_choice":"Transformed","floor":31.0,"gold_loss":0.0,"damage_taken":0.0,"cards_obtained":["Dropkick"]},{"damage_healed":0.0,"max_hp_gain":0.0,"max_hp_loss":0.0,"gold_gain":0.0,"event_name":"MindBloom","player_choice":"Fight","floor":38.0,"gold_loss":0.0,"damage_taken":0.0},{"damage_healed":0.0,"max_hp_gain":0.0,"max_hp_loss":0.0,"gold_gain":0.0,"event_name":"Tomb of Lord Red Mask","player_choice":"Paid","floor":39.0,"gold_loss":11.0,"damage_taken":0.0,"relics_obtained":["Red Mask"]},{"cards_removed":["Disarm"],"damage_healed":0.0,"max_hp_gain":0.0,"max_hp_loss":0.0,"gold_gain":0.0,"event_name":"Falling","player_choice":"Removed Skill","floor":41.0,"gold_loss":0.0,"damage_taken":0.0},{"cards_removed":["Defend_R"],"damage_healed":0.0,"max_hp_gain":0.0,"max_hp_loss":0.0,"gold_gain":0.0,"event_name":"Purifier","player_choice":"Purged","floor":42.0,"gold_loss":0.0,"damage_taken":0.0}],"is_beta":false,"boss_relics":[{"not_picked":["Mark of Pain","Eternal Feather"],"picked":"Ectoplasm"},{"not_picked":["Velvet Choker","Snecko Eye"],"picked":"Cursed Key"}],"items_purged_floors":[],"is_endless":false,"potions_floor_spawned":[1,8,14,19,23,25,29,36,38,45,55],"killed_by":"The Heart","ascension_level":20}