{"gold_per_floor":[110,127,143,161,180,180,192,227,227,227],"floor_reached":10,"playtime":240,"items_purged":[],"score":133,"play_id":"df94db75-c65e-465f-8431-9a7b20bb161a","local_time":"20180918014408","is_ascension_mode":true,"campfire_choices":[{"data":"Sunder","floor":6,"key":"SMITH"}],"neow_cost":"","seed_source_timestamp":50451879136861,"circlet_count":0,"master_deck":["Strike_B","Strike_B","Strike_B","Strike_B","Defend_B","Defend_B","Defend_B","Defend_B","Zap","Dualcast","AscendersBane","Ball Lightning","Ball Lightning","Coolheaded","Hologram","Sunder+1","Compile Driver","Coolheaded"],"relics":["Cracked Core","Anchor","Darkstone Periapt"],"potions_floor_usage":[8],"damage_taken":[{"damage":1,"enemies":"Cultist","floor":1,"turns":3},{"damage":7,"enemies":"Jaw Worm","floor":2,"turns":3},{"damage":0,"enemies":"Small Slimes","floor":3,"turns":2},{"damage":5,"enemies":"Looter","floor":4,"turns":3},{"damage":10,"enemies":"Exordium Wildlife","floor":5,"turns":3},{"damage":10,"enemies":"3 Louse","floor":7,"turns":2},{"damage":24,"enemies":"3 Sentries","floor":8,"turns":6},{"damage":10,"enemies":"Lagavulin","floor":10,"turns":3}],"seed_played":"-8048531570543770455","potions_obtained":[{"floor":2,"key":"Ancient Potion"},{"floor":4,"key":"PowerPotion"}],"is_trial":false,"path_per_floor":["M","M","M","M","M","R","M","E","T"],"character_chosen":"DEFECT","items_purchased":[],"campfire_rested":0,"item_purchase_floors":[],"current_hp_per_floor":[63,56,56,51,41,41,31,7,7,0],"gold":227,"neow_bonus":"","is_prod":false,"is_daily":false,"chose_seed":false,"campfire_upgraded":1,"win_rate":0,"timestamp":1537227848,"path_taken":["M","M","M","M","M","R","?","E","T","E"],"build_version":"2018-09-12","purchased_purges":0,"victory":false,"max_hp_per_floor":[71,71,71,71,71,71,71,71,71,71],"card_choices":[{"not_picked":["Rebound","Redo"],"picked":"Ball Lightning","floor":1},{"not_picked":["Compile Driver","Double Energy"],"picked":"Ball Lightning","floor":2},{"not_picked":["Cold Snap","Turbo"],"picked":"Coolheaded","floor":3},{"not_picked":["Turbo","Rip and Tear"],"picked":"Hologram","floor":4},{"not_picked":["Gash","Hologram"],"picked":"Sunder","floor":5},{"not_picked":["Steam Power","Tempest"],"picked":"Compile Driver","floor":7},{"not_picked":["Static Discharge","Sunder"],"picked":"Coolheaded","floor":8}],"player_experience":649375,"relics_obtained":[{"floor":8,"key":"Anchor"},{"floor":9,"key":"Darkstone Periapt"}],"event_choices":[],"is_beta":true,"boss_relics":[],"items_purged_floors":[],"is_endless":false,"potions_floor_spawned":[2,4,7],"killed_by":"Lagavulin","ascension_level":17}