{"gold_per_floor":[114,124,134,59,73,73,104,104,104,131,81,98,98,198,198,301,301,313,3,3,19,37,37],"floor_reached":23,"playtime":1441,"items_purged":["Doubt","Strike_R"],"score":271,"play_id":"7dc0a56f-0dbe-448d-9021-29d8233ed862","local_time":"20181103203321","is_ascension_mode":true,"campfire_choices":[{"data":"Barricade","floor":6,"key":"SMITH"},{"data":"Shockwave","floor":8,"key":"SMITH"},{"floor":15,"key":"REST"}],"neow_cost":"CURSE","seed_source_timestamp":21576585232085,"circlet_count":0,"master_deck":["Strike_R","Strike_R","Strike_R","Strike_R","Defend_R","Defend_R","Defend_R","Defend_R","Bash","Barricade+1","Pummel","Metallicize","Flame Barrier","Shockwave+1","Flex","Rage","Iron Wave","True Grit","Rampage+1","Armaments","Deflect"],"relics":["Burning Blood","Pen Nib","Matryoshka","Peace Pipe","Sozu","PrismaticShard","MutagenicStrength"],"potions_floor_usage":[10,12,16,23],"damage_taken":[{"damage":2,"enemies":"2 Louse","floor":1,"turns":6},{"damage":23,"enemies":"Jaw Worm","floor":2,"turns":5},{"damage":6,"enemies":"Cultist","floor":3,"turns":4},{"damage":8,"enemies":"Blue Slaver","floor":5,"turns":5},{"damage":27,"enemies":"Gremlin Nob","floor":7,"turns":5},{"damage":24,"enemies":"3 Sentries","floor":10,"turns":13},{"damage":11,"enemies":"Gremlin Gang","floor":12,"turns":7},{"damage":20,"enemies":"The Guardian","floor":16,"turns":18},{"damage":43,"enemies":"Spheric Guardian","floor":18,"turns":10},{"damage":11,"enemies":"2 Thieves","floor":21,"turns":5},{"damage":23,"enemies":"Snake Plant","floor":22,"turns":7},{"damage":12,"enemies":"Centurion and Healer","floor":23,"turns":4}],"seed_played":"6234279634641347331","potions_obtained":[{"floor":2,"key":"Weak Potion"},{"floor":5,"key":"Swift Potion"},{"floor":7,"key":"Block Potion"},{"floor":10,"key":"Energy Potion"}],"is_trial":false,"path_per_floor":["M","M","M","$","M","R","E","R","T","E","$","M","?","?","R","B",null,"M","$","?","M","M","M"],"character_chosen":"IRONCLAD","items_purchased":["Iron Wave","PrismaticShard"],"campfire_rested":1,"item_purchase_floors":[11,19],"current_hp_per_floor":[76,59,59,59,57,57,36,36,36,18,18,13,18,18,43,29,71,34,34,34,29,12,0],"gold":37,"neow_bonus":"THREE_RARE_CARDS","is_prod":false,"is_daily":false,"chose_seed":false,"campfire_upgraded":2,"win_rate":0,"timestamp":1541248401,"path_taken":["M","M","M","$","M","R","E","R","T","E","$","M","?","?","R","BOSS","M","$","?","M","M","M"],"build_version":"2018-11-01","purchased_purges":2,"victory":false,"max_hp_per_floor":[80,80,80,80,80,80,80,80,80,80,80,80,85,85,85,85,85,85,85,85,85,85,85],"card_choices":[{"not_picked":["Impervious","Limit Break"],"picked":"Barricade","floor":0},{"not_picked":["Searing Blow","Pommel Strike"],"picked":"Pummel","floor":1},{"not_picked":["Shrug It Off","Infernal Blade"],"picked":"Metallicize","floor":2},{"not_picked":["Twin Strike","Hemokinesis"],"picked":"Flame Barrier","floor":3},{"not_picked":["Twin Strike","Wild Strike"],"picked":"Shockwave","floor":5},{"not_picked":["Brutality","Thunderclap"],"picked":"Flex","floor":7},{"not_picked":["True Grit","Cleave"],"picked":"Rage","floor":10},{"not_picked":["Wild Strike","Heavy Blade"],"picked":"True Grit","floor":12},{"not_picked":["Combust","Wild Strike"],"picked":"Rampage+1","floor":18},{"not_picked":["PanicButton","Dropkick"],"picked":"Armaments","floor":21},{"not_picked":["Prepared","Sucker Punch+1"],"picked":"Deflect","floor":22}],"player_experience":382070,"relics_obtained":[{"floor":7,"key":"Pen Nib"},{"floor":9,"key":"Matryoshka"},{"floor":10,"key":"Peace Pipe"}],"event_choices":[{"damage_healed":0,"gold_gain":0,"player_choice":"Donut","damage_taken":0,"max_hp_gain":5,"max_hp_loss":0,"event_name":"Big Fish","floor":13,"gold_loss":0},{"damage_healed":0,"gold_gain":100,"player_choice":"Pray","damage_taken":0,"max_hp_gain":0,"max_hp_loss":0,"event_name":"Golden Shrine","floor":14,"gold_loss":0},{"damage_healed":0,"gold_gain":0,"player_choice":"Inject Mutagens","damage_taken":0,"relics_obtained":["MutagenicStrength"],"max_hp_gain":0,"max_hp_loss":0,"event_name":"Drug Dealer","floor":20,"gold_loss":0}],"is_beta":false,"boss_relics":[{"not_picked":["Empty Cage","Ectoplasm"],"picked":"Sozu"}],"items_purged_floors":[4,19],"is_endless":false,"potions_floor_spawned":[2,5,7,10,18,21],"killed_by":"Centurion and Healer","ascension_level":7}