{"gold_per_floor":[11,11,11,111,124,149,167,187,210,210,135,148,166,177,177,177],"floor_reached":16,"playtime":1411,"items_purged":["Strike_R"],"score":104,"play_id":"d0ac79d5-8267-4bc0-9992-8ad9c75378bf","local_time":"20180703192007","is_ascension_mode":false,"campfire_choices":[{"floor":15,"key":"REST"}],"neow_cost":"NO_GOLD","seed_source_timestamp":38038780900017,"circlet_count":0,"master_deck":["Strike_R","Strike_R","Strike_R","Defend_R","Defend_R","Defend_R","Defend_R","Bash","Juggernaut","Entrench","Body Slam","Shrug It Off","Iron Wave","Flex","Fiend Fire","Bash","Iron Wave","Shrug It Off","Feel No Pain"],"relics":["Burning Blood","Bronze Scales","Pen Nib"],"potions_floor_usage":[6,13],"damage_taken":[{"damage":15,"enemies":"Small Slimes","floor":1,"turns":4},{"damage":6,"enemies":"Jaw Worm","floor":5,"turns":7},{"damage":36,"enemies":"3 Sentries","floor":6,"turns":10},{"damage":0,"enemies":"2 Louse","floor":7,"turns":3},{"damage":13,"enemies":"Large Slime","floor":8,"turns":7},{"damage":15,"enemies":"Red Slaver","floor":12,"turns":5},{"damage":13,"enemies":"Gremlin Gang","floor":13,"turns":4},{"damage":13,"enemies":"3 Louse","floor":14,"turns":3},{"damage":49,"enemies":"Slime Boss","floor":16,"turns":11}],"seed_played":"906368994809901985","potions_obtained":[{"floor":1,"key":"PowerPotion"},{"floor":7,"key":"Dexterity Potion"},{"floor":8,"key":"BloodPotion"}],"is_trial":false,"path_per_floor":["M","?","?","?","M","E","M","M","T","?","$","M","M","M","R"],"character_chosen":"IRONCLAD","items_purchased":[],"campfire_rested":1,"item_purchase_floors":[],"current_hp_per_floor":[71,76,76,76,76,46,52,45,45,45,45,36,29,22,47,0],"gold":177,"neow_bonus":"THREE_RARE_CARDS","is_prod":false,"is_daily":false,"chose_seed":false,"campfire_upgraded":0,"win_rate":0,"timestamp":1530616807,"path_taken":["M","?","?","?","M","E","M","M","T","?","?","M","M","?","R","BOSS"],"build_version":"2018-06-28","purchased_purges":1,"victory":false,"max_hp_per_floor":[80,85,85,85,85,85,85,85,85,85,85,85,85,85,85,85],"card_choices":[{"not_picked":["Fiend Fire","Dark Embrace"],"picked":"Juggernaut","floor":0},{"not_picked":["Reckless Charge","Anger","Flex"],"picked":"SKIP","floor":1},{"not_picked":["Flex","Wild Strike"],"picked":"Entrench","floor":5},{"not_picked":["Dropkick","Iron Wave"],"picked":"Body Slam","floor":6},{"not_picked":["Sever Soul","Double Tap"],"picked":"Shrug It Off","floor":7},{"not_picked":["Power Through","Pommel Strike"],"picked":"Iron Wave","floor":8},{"not_picked":["Headbutt","Combust"],"picked":"Iron Wave","floor":12},{"not_picked":["Thunderclap","Blood for Blood"],"picked":"Shrug It Off","floor":13},{"not_picked":["Fiend Fire","Rampage"],"picked":"Feel No Pain","floor":14}],"player_experience":57579,"relics_obtained":[{"floor":6,"key":"Bronze Scales"},{"floor":9,"key":"Pen Nib"}],"event_choices":[{"event_name":"Big Fish","player_choice":"Donut","floor":2,"damage_taken":0},{"event_name":"Living Wall","player_choice":"Forget","floor":3,"damage_taken":0},{"event_name":"Golden Shrine","player_choice":"Pray","floor":4,"damage_taken":0},{"event_name":"Match and Keep!","player_choice":"3 cards matched","floor":10,"damage_taken":0}],"boss_relics":[],"items_purged_floors":[11],"is_endless":false,"potions_floor_spawned":[1,7,8],"killed_by":"Slime Boss","ascension_level":0}