{"gold_per_floor":[110,121,135,150,217,217,15,15,15,43,43,61,61,17,17,92,92,103,28,28,40,54,54],"floor_reached":23,"playtime":552,"items_purged":[],"score":353,"play_id":"4bd6a721-82fa-47e7-9c6d-5f905559c4ec","local_time":"20181029142052","is_ascension_mode":true,"campfire_choices":[{"data":"Lockon","floor":6.0,"key":"SMITH"},{"data":"Zap","floor":8.0,"key":"SMITH"},{"floor":15.0,"key":"REST"}],"neow_cost":"NONE","seed_source_timestamp":101747268895737,"circlet_count":0,"master_deck":["Strike_B","Defend_B","Defend_B","Defend_B","Defend_B","Zap+1","Dualcast","AscendersBane","Doom and Gloom","Lockon+1","Force Field","Ball Lightning","Electrodynamics","Steam","Redo","White Noise","Core Surge","Barrage+1","Echo Form+1","Undo+1","Heatsinks","Storm","Turbo","Redo"],"special_seed":0,"relics":["Cracked Core","Oddly Smooth Stone","Orichalcum","Mummified Hand","Astrolabe"],"potions_floor_usage":[23],"damage_taken":[{"damage":2.0,"enemies":"2 Louse","floor":1.0,"turns":3.0},{"damage":6.0,"enemies":"Small Slimes","floor":2.0,"turns":3.0},{"damage":6.0,"enemies":"Jaw Worm","floor":3.0,"turns":2.0},{"damage":11.0,"enemies":"Exordium Thugs","floor":4.0,"turns":3.0},{"damage":22.0,"enemies":"Lagavulin","floor":10.0,"turns":5.0},{"damage":0.0,"enemies":"Large Slime","floor":12.0,"turns":3.0},{"damage":24.0,"enemies":"Hexaghost","floor":16.0,"turns":8.0},{"damage":17.0,"enemies":"3 Byrds","floor":18.0,"turns":3.0},{"damage":1.0,"enemies":"Chosen","floor":21.0,"turns":4.0},{"damage":17.0,"enemies":"Snecko","floor":22.0,"turns":5.0},{"damage":27,"enemies":"Slavers","floor":23,"turns":2}],"seed_played":"6897004958811534047","potions_obtained":[{"floor":1.0,"key":"AttackPotion"},{"floor":3.0,"key":"Swift Potion"},{"floor":22.0,"key":"SneckoOil"}],"is_trial":false,"path_per_floor":["M","M","M","M","?","R","$","R","T","E","?","M","?","$","R","B",null,"M","$","?","M","M"],"character_chosen":"DEFECT","items_purchased":["Electrodynamics","Steam","White Noise","Storm"],"campfire_rested":1,"item_purchase_floors":[7,7,14,19],"current_hp_per_floor":[62,56,50,39,39,39,39,39,39,17,17,17,17,17,38,14,57,40,40,40,39,22,0],"gold":54,"neow_bonus":"RANDOM_COMMON_RELIC","is_prod":false,"is_daily":false,"chose_seed":false,"campfire_upgraded":2,"win_rate":0,"timestamp":1540819252,"path_taken":["M","M","M","M","?","R","$","R","T","E","?","M","?","$","R","BOSS","M","$","?","M","?","E"],"build_version":"2018-10-25v2","purchased_purges":0,"victory":false,"max_hp_per_floor":[71,71,71,71,71,71,71,71,71,71,71,71,71,71,71,71,71,71,71,71,71,71,71],"card_choices":[{"not_picked":["Rebound","Blizzard"],"picked":"Doom and Gloom","floor":1.0},{"not_picked":["Rip and Tear","Sweeping Beam"],"picked":"Lockon","floor":2.0},{"not_picked":["Turbo","Go for the Eyes"],"picked":"Force Field","floor":3.0},{"not_picked":["Sweeping Beam","Compile Driver"],"picked":"Ball Lightning","floor":4.0},{"not_picked":["Coolheaded","Hello World","Redo"],"picked":"SKIP","floor":10.0},{"not_picked":["Compile Driver","Cold Snap"],"picked":"Redo","floor":12.0},{"not_picked":["All For One","Hyperbeam"],"picked":"Core Surge","floor":16.0},{"not_picked":["Rebound","Cold Snap"],"picked":"Heatsinks","floor":18.0},{"not_picked":["Barrage","Steam"],"picked":"Turbo","floor":21.0},{"not_picked":["Gash+1","Streamline"],"picked":"Redo","floor":22.0}],"player_experience":718059,"relics_obtained":[{"floor":9.0,"key":"Orichalcum"},{"floor":10.0,"key":"Mummified Hand"}],"event_choices":[{"damage_healed":0.0,"max_hp_gain":0.0,"max_hp_loss":0.0,"gold_gain":67.0,"event_name":"Golden Wing","player_choice":"Gained Gold","floor":5.0,"gold_loss":0.0,"damage_taken":0.0},{"damage_healed":0.0,"max_hp_gain":0.0,"max_hp_loss":0.0,"gold_gain":0.0,"event_name":"Golden Idol","player_choice":"Ignored","floor":11.0,"gold_loss":0.0,"damage_taken":0.0},{"damage_healed":0.0,"max_hp_gain":0.0,"max_hp_loss":0.0,"gold_gain":0.0,"event_name":"Scrap Ooze","player_choice":"Fled","floor":13.0,"gold_loss":0.0,"damage_taken":0.0},{"damage_healed":0.0,"max_hp_gain":0.0,"max_hp_loss":0.0,"gold_gain":0.0,"event_name":"Beggar","player_choice":"Ignored","floor":20.0,"gold_loss":0.0,"damage_taken":0.0}],"is_beta":true,"boss_relics":[{"not_picked":["White Beast Statue","Pandora\u0027s Box"],"picked":"Astrolabe"}],"items_purged_floors":[],"is_endless":false,"potions_floor_spawned":[1,3,4,22],"killed_by":"Slavers","ascension_level":17}