{"gold_per_floor":[114,114,36,52,17,48,61,95,119,135,135,146,71,85,85,160,160,160],"floor_reached":18,"playtime":452,"items_purged":["Strike_G"],"score":494,"play_id":"420c4542-4b36-420c-88c4-5dece7d173f7","local_time":"20190418124847","is_ascension_mode":true,"campfire_choices":[{"floor":11,"key":"REST"},{"data":"Bouncing Flask","floor":15,"key":"SMITH"}],"neow_cost":"NONE","seed_source_timestamp":180146274746509,"circlet_count":0,"master_deck":["AscendersBane","Defend_G","Defend_G+1","Defend_G+1","Defend_G","Defend_G","Strike_G","Strike_G","Strike_G","Strike_G","Survivor","Neutralize","Accuracy","Terror","Noxious Fumes","Deadly Poison","Bouncing Flask+1","Blur","Deadly Poison"],"relics":["Ring of the Snake","NeowsBlessing","Regal Pillow","Oddly Smooth Stone","Vajra","Runic Dome"],"potions_floor_usage":[8,10],"damage_taken":[{"damage":0,"enemies":"2 Louse","floor":1,"turns":1},{"damage":0,"enemies":"Jaw Worm","floor":4,"turns":1},{"damage":0,"enemies":"Gremlin Nob","floor":6,"turns":1},{"damage":1,"enemies":"Small Slimes","floor":7,"turns":4},{"damage":36,"enemies":"3 Sentries","floor":8,"turns":9},{"damage":14,"enemies":"Gremlin Gang","floor":10,"turns":4},{"damage":3,"enemies":"Large Slime","floor":12,"turns":5},{"damage":0,"enemies":"Blue Slaver","floor":14,"turns":6},{"damage":0,"enemies":"The Guardian","floor":16,"turns":9},{"damage":0,"enemies":"3 Byrds","floor":18,"turns":1}],"seed_played":"-6817442481264902789","potions_obtained":[{"floor":1,"key":"PowerPotion"},{"floor":4,"key":"Weak Potion"},{"floor":7,"key":"SteroidPotion"},{"floor":8,"key":"SpeedPotion"}],"is_trial":false,"path_per_floor":["M","?","$","M","?","E","M","E","T","M","R","M","$","M","R","B",null,"M"],"character_chosen":"THE_SILENT","items_purchased":["Terror"],"campfire_rested":1,"item_purchase_floors":[3],"current_hp_per_floor":[59,39,39,39,55,55,54,18,18,4,38,35,35,35,35,35,58,58],"gold":160,"neow_bonus":"THREE_ENEMY_KILL","is_prod":false,"is_daily":false,"chose_seed":false,"campfire_upgraded":1,"win_rate":0,"timestamp":1555584527,"path_taken":["M","?","$","M","?","E","M","E","T","M","R","M","$","M","R","BOSS","M"],"build_version":"2019-01-23","purchased_purges":1,"victory":false,"max_hp_per_floor":[66,66,66,66,66,66,66,66,66,66,66,66,66,66,66,66,66,66],"card_choices":[{"not_picked":["Tactician","Outmaneuver"],"picked":"Accuracy","floor":1},{"not_picked":["Outmaneuver","Dagger Throw","Terror"],"picked":"SKIP","floor":4},{"not_picked":["Backflip","Tools of the Trade"],"picked":"Noxious Fumes","floor":6},{"not_picked":["Sucker Punch","Accuracy"],"picked":"Deadly Poison","floor":7},{"not_picked":["Blur","PiercingWail"],"picked":"Bouncing Flask","floor":8},{"not_picked":["Backflip","Reflex","Infinite Blades"],"picked":"SKIP","floor":10},{"not_picked":["PiercingWail","Outmaneuver"],"picked":"Blur","floor":12},{"not_picked":["Blade Dance","Slice"],"picked":"Deadly Poison","floor":14}],"player_experience":848000,"relics_obtained":[{"floor":6,"key":"Regal Pillow"},{"floor":8,"key":"Oddly Smooth Stone"},{"floor":9,"key":"Vajra"}],"event_choices":[{"damage_healed":0,"gold_gain":0,"player_choice":"Entered Light","damage_taken":20,"max_hp_gain":0,"max_hp_loss":0,"event_name":"Shining Light","floor":2,"gold_loss":0,"cards_upgraded":["Defend_G","Defend_G"]},{"damage_healed":16,"gold_gain":0,"player_choice":"Healed","damage_taken":0,"max_hp_gain":0,"max_hp_loss":0,"event_name":"The Cleric","floor":5,"gold_loss":35}],"is_beta":false,"boss_relics":[{"not_picked":["Fusion Hammer","Velvet Choker"],"picked":"Runic Dome"}],"items_purged_floors":[13],"is_endless":false,"potions_floor_spawned":[1,4,7,8],"killed_by":"3 Byrds","ascension_level":20}