{"gold_per_floor":[113,113,113,113,136,175,175,214,214,99,99,99,99,123,123,252,252,273,298,298,298,130,161,161,177,204,243,256,294,312,335,335,463,463,478,478,492,492,516,550,550,588,588,632,632,34,49,89,89,89],"floor_reached":51,"playtime":2424,"items_purged":["Pain","Strike_P","Strike_P"],"score":1314,"play_id":"6ff8e604-fe81-4700-a61e-333c68b4559d","local_time":"20661003114136","is_ascension_mode":true,"campfire_choices":[{"data":"Eruption","floor":7.0,"key":"SMITH"},{"floor":11.0,"key":"REST"},{"data":"Meditate","floor":15.0,"key":"SMITH"},{"data":"Pray","floor":24.0,"key":"SMITH"},{"data":"EmptyMind","floor":32.0,"key":"SMITH"},{"data":"Prostrate","floor":41.0,"key":"SMITH"},{"data":"Adaptation","floor":45.0,"key":"SMITH"},{"data":"Vigilance","floor":49,"key":"SMITH"}],"neow_cost":"NONE","seed_source_timestamp":6492568580503,"circlet_count":0,"master_deck":["Strike_P+1","Strike_P","Defend_P","Defend_P","Defend_P+1","Eruption+1","Vigilance+1","Tantrum+1","Meditate+1","FollowUp","FlurryOfBlows","FollowUp","Pray+1","ForeignInfluence+1","Tantrum+1","FearNoEvil","Swivel+1","FollowUp","Consecrate","Prostrate+1","FollowUp+1","EmptyMind+1","Adaptation+1","Bandage Up+1","Devotion+1","Wallop"],"special_seed":0,"relics":["Cursed Key","Golden Idol","Mercury Hourglass","Ancient Tea Set","Akabeko","Shuriken","Black Star","Bag of Preparation","White Beast Statue","Toy Ornithopter","Lantern","Blood Vial","Omamori","Anchor","SlaversCollar","Boot","Dodecahedron","TeardropLocket","Regal Pillow","Ice Cream","War Paint","Calipers","PreservedInsect","Pear","Happy Flower"],"potions_floor_usage":[48,48,50],"damage_taken":[{"damage":0.0,"enemies":"Small Slimes","floor":1.0,"turns":3.0},{"damage":0.0,"enemies":"Jaw Worm","floor":5.0,"turns":2.0},{"damage":12.0,"enemies":"3 Sentries","floor":6.0,"turns":3.0},{"damage":12.0,"enemies":"Lagavulin","floor":8.0,"turns":4.0},{"damage":0.0,"enemies":"2 Louse","floor":14.0,"turns":1.0},{"damage":33.0,"enemies":"The Guardian","floor":16.0,"turns":8.0},{"damage":9.0,"enemies":"2 Thieves","floor":18.0,"turns":2.0},{"damage":4.0,"enemies":"Shell Parasite","floor":19.0,"turns":2.0},{"damage":0.0,"enemies":"Gremlin Leader","floor":23.0,"turns":4.0},{"damage":0.0,"enemies":"Chosen and Byrds","floor":25.0,"turns":2.0},{"damage":16.0,"enemies":"Book of Stabbing","floor":27.0,"turns":3.0},{"damage":13.0,"enemies":"Cultist and Chosen","floor":28.0,"turns":2.0},{"damage":0.0,"enemies":"Gremlin Leader","floor":29.0,"turns":3.0},{"damage":0.0,"enemies":"Snecko","floor":30.0,"turns":2.0},{"damage":0.0,"enemies":"3 Cultists","floor":31.0,"turns":2.0},{"damage":27.0,"enemies":"Champ","floor":33.0,"turns":4.0},{"damage":13.0,"enemies":"3 Shapes","floor":35.0,"turns":4.0},{"damage":0.0,"enemies":"3 Darklings","floor":37.0,"turns":2.0},{"damage":0.0,"enemies":"Transient","floor":39.0,"turns":5.0},{"damage":0.0,"enemies":"Nemesis","floor":40.0,"turns":1.0},{"damage":0.0,"enemies":"Reptomancer","floor":42.0,"turns":2.0},{"damage":0.0,"enemies":"Giant Head","floor":44.0,"turns":4.0},{"damage":0.0,"enemies":"Spire Growth","floor":47.0,"turns":4.0},{"damage":0,"enemies":"Nemesis","floor":48,"turns":3},{"damage":60,"enemies":"Donu and Deca","floor":50,"turns":4}],"seed_played":"-8961495645524938262","potions_obtained":[{"floor":1.0,"key":"Explosive Potion"},{"floor":8.0,"key":"Explosive Potion"},{"floor":16.0,"key":"LiquidBronze"},{"floor":18.0,"key":"Swift Potion"},{"floor":27.0,"key":"Fire Potion"},{"floor":28.0,"key":"SneckoOil"},{"floor":29.0,"key":"Block Potion"},{"floor":30.0,"key":"Weak Potion"},{"floor":33.0,"key":"Swift Potion"},{"floor":35.0,"key":"Explosive Potion"},{"floor":37.0,"key":"Block Potion"},{"floor":40.0,"key":"SpeedPotion"},{"floor":48,"key":"Weak Potion"}],"is_trial":false,"path_per_floor":["M","?","?","?","M","E","R","E","T","$","R","?","?","M","R","B",null,"M","M","?","?","$","E","R","M","T","E","M","E","M","M","R","B",null,"M","?","M","?","M","E","R","E","T","E","R","$","M","E","R","B",null],"character_chosen":"WATCHER","items_purchased":["FlurryOfBlows","FearNoEvil","Calipers","Wallop","PreservedInsect"],"campfire_rested":1,"item_purchase_floors":[10,22,46,46,46],"current_hp_per_floor":[72,54,51,37,37,25,25,13,13,13,34,39,39,39,39,6,59,50,46,71,71,71,71,71,71,71,60,59,61,68,70,70,50,70,64,64,66,66,72,77,77,77,77,77,77,77,77,87,87,33],"gold":89,"neow_bonus":"BOSS_RELIC","is_prod":false,"is_daily":false,"chose_seed":false,"campfire_upgraded":7,"win_rate":0,"timestamp":3053299296,"path_taken":["M","?","?","?","M","E","R","E","T","$","R","?","?","M","R","BOSS","M","M","?","?","$","E","R","?","T","E","?","E","M","M","R","BOSS","M","?","?","?","M","E","R","E","T","E","R","$","M","E","R","BOSS"],"build_version":"2019-09-27","purchased_purges":3,"victory":true,"max_hp_per_floor":[72,72,72,72,72,72,72,72,72,72,72,77,77,77,77,77,77,77,77,77,77,77,77,77,77,77,77,77,77,77,77,77,77,77,77,77,77,77,77,77,77,77,77,77,77,77,77,87,87,87],"card_choices":[{"not_picked":["Prostrate","CutThroughFate"],"picked":"Tantrum","floor":1.0},{"not_picked":["Halt","BattleHymn"],"picked":"Meditate","floor":5.0},{"not_picked":["Protect","Consecrate"],"picked":"FollowUp","floor":6.0},{"not_picked":["WaveOfTheHand","ThirdEye","EmptyFist"],"picked":"SKIP","floor":8.0},{"not_picked":["SpiritShield","Vengeance"],"picked":"FollowUp","floor":14.0},{"not_picked":["Blasphemy","SignatureMove"],"picked":"Pray","floor":16.0},{"not_picked":["CrushJoints","Weave"],"picked":"ForeignInfluence+1","floor":18.0},{"not_picked":["SashWhip","Conclude","Halt"],"picked":"SKIP","floor":19.0},{"not_picked":["Collect+1","SandsOfTime"],"picked":"Swivel+1","floor":23.0},{"not_picked":["WreathOfFlame","WindmillStrike"],"picked":"FollowUp","floor":25.0},{"not_picked":["Halt","Evaluate","Sanctity"],"picked":"SKIP","floor":27.0},{"not_picked":["WindmillStrike","ReachHeaven"],"picked":"Consecrate","floor":28.0},{"not_picked":["FearNoEvil+1","BowlingBash"],"picked":"Prostrate","floor":29.0},{"not_picked":["BowlingBash","Halt"],"picked":"FollowUp+1","floor":30.0},{"not_picked":["Wireheading","Fasting+1"],"picked":"EmptyMind","floor":31.0},{"not_picked":["DevaForm","Omniscience"],"picked":"Adaptation","floor":33.0},{"not_picked":["Perseverance","FollowUp","FlyingSleeves"],"picked":"SKIP","floor":35.0},{"not_picked":["WaveOfTheHand+1","Consecrate+1","FlurryOfBlows"],"picked":"SKIP","floor":37.0},{"not_picked":["Deep Breath","Blind"],"picked":"Bandage Up","floor":38.0},{"not_picked":["Fasting+1","DeceiveReality","Worship"],"picked":"SKIP","floor":39.0},{"not_picked":["SashWhip+1","JustLucky","ClearTheMind"],"picked":"SKIP","floor":40.0},{"not_picked":["ClearTheMind","Weave","Indignation+1"],"picked":"SKIP","floor":42.0},{"not_picked":["Perseverance","Crescendo"],"picked":"Devotion+1","floor":44.0},{"not_picked":["InnerPeace+1","SpiritShield","FollowUp+1"],"picked":"SKIP","floor":47.0},{"not_picked":["Alpha","FollowUp+1","CutThroughFate"],"picked":"SKIP","floor":48}],"player_experience":571245,"relics_obtained":[{"floor":6.0,"key":"Ancient Tea Set"},{"floor":8.0,"key":"Akabeko"},{"floor":9.0,"key":"Shuriken"},{"floor":23.0,"key":"Bag of Preparation"},{"floor":23.0,"key":"White Beast Statue"},{"floor":26.0,"key":"Toy Ornithopter"},{"floor":27.0,"key":"Lantern"},{"floor":27.0,"key":"Blood Vial"},{"floor":29.0,"key":"Omamori"},{"floor":29.0,"key":"Anchor"},{"floor":40.0,"key":"Boot"},{"floor":40.0,"key":"Dodecahedron"},{"floor":42.0,"key":"TeardropLocket"},{"floor":42.0,"key":"Regal Pillow"},{"floor":44.0,"key":"Ice Cream"},{"floor":44.0,"key":"War Paint"},{"floor":48,"key":"Pear"},{"floor":48,"key":"Happy Flower"}],"event_choices":[{"damage_healed":0.0,"max_hp_gain":0.0,"max_hp_loss":0.0,"gold_gain":0.0,"event_name":"Golden Idol","player_choice":"Take Damage","floor":2.0,"gold_loss":0.0,"damage_taken":18.0,"relics_obtained":["Golden Idol"]},{"damage_healed":0.0,"max_hp_gain":0.0,"max_hp_loss":0.0,"gold_gain":0.0,"event_name":"Scrap Ooze","player_choice":"Success","floor":3.0,"gold_loss":0.0,"damage_taken":3.0,"relics_obtained":["Mercury Hourglass"]},{"damage_healed":0.0,"max_hp_gain":0.0,"max_hp_loss":0.0,"gold_gain":0.0,"event_name":"Shining Light","player_choice":"Entered Light","floor":4.0,"gold_loss":0.0,"damage_taken":14.0,"cards_upgraded":["Tantrum","Strike_P"]},{"damage_healed":0.0,"max_hp_gain":5.0,"max_hp_loss":0.0,"gold_gain":0.0,"event_name":"Big Fish","player_choice":"Donut","floor":12.0,"gold_loss":0.0,"damage_taken":0.0},{"cards_removed":["Defend_P"],"damage_healed":0.0,"max_hp_gain":0.0,"max_hp_loss":0.0,"gold_gain":0.0,"event_name":"Living Wall","player_choice":"Forget","floor":13.0,"gold_loss":0.0,"damage_taken":0.0},{"damage_healed":25.0,"max_hp_gain":0.0,"max_hp_loss":0.0,"gold_gain":0.0,"event_name":"The Library","player_choice":"Heal","floor":20.0,"gold_loss":0.0,"damage_taken":0.0},{"damage_healed":0.0,"max_hp_gain":0.0,"max_hp_loss":0.0,"gold_gain":0.0,"event_name":"Duplicator","player_choice":"Copied","floor":21.0,"gold_loss":0.0,"damage_taken":0.0,"cards_obtained":["Tantrum"]},{"cards_removed":["Normality"],"damage_healed":0.0,"max_hp_gain":0.0,"max_hp_loss":0.0,"gold_gain":0.0,"event_name":"Fountain of Cleansing","player_choice":"Removed Curses","floor":36.0,"gold_loss":0.0,"damage_taken":0.0},{"damage_healed":0.0,"max_hp_gain":0.0,"max_hp_loss":0.0,"gold_gain":0.0,"event_name":"SensoryStone","player_choice":"Memory 1","floor":38.0,"gold_loss":0.0,"damage_taken":0.0}],"is_beta":true,"boss_relics":[{"not_picked":["VioletLotus","Snecko Eye"],"picked":"Black Star"},{"not_picked":["Pandora\u0027s Box","Velvet Choker"],"picked":"SlaversCollar"}],"items_purged_floors":[10,22,46],"is_endless":false,"potions_floor_spawned":[1,8,16,18,23,25,27,28,29,30,31,33,35,37,39,40,42,47,48],"ascension_level":5}