{"path_per_floor":["M","$","M","M","M","E","M","R","T","M","M","R","$","M","R","B",null,"M","?","M"],"character_chosen":"DEFECT","items_purchased":["Ornamental Fan","Apotheosis"],"gold_per_floor":[363,27,47,61,74,102,119,119,190,204,221,221,33,45,45,142,142,158,158,169,169],"floor_reached":21,"campfire_rested":0,"playtime":1304,"current_hp_per_floor":[74,74,72,70,58,44,42,42,42,35,27,27,27,33,33,21,62,37,37,15,0],"items_purged":["Normality"],"gold":169,"score":231,"play_id":"f86b976e-398a-4339-8dd1-780a5dedee51","local_time":"20180510235012","is_prod":false,"is_daily":false,"chose_seed":false,"is_ascension_mode":true,"campfire_upgraded":3,"timestamp":1525989012,"path_taken":["M","$","M","M","?","E","M","R","T","M","?","R","$","M","R","BOSS","M","?","?","M"],"build_version":"2018-05-10","seed_source_timestamp":42820892882300,"purchased_purges":1,"victory":false,"master_deck":["Strike_B","Strike_B","Strike_B","Strike_B","Defend_B","Defend_B","Defend_B","Defend_B","Zap+1","Dualcast","Streamline+1","Streamline","Cold Snap","Biased Cognition","Ball Lightning","Sweeping Beam","Self Repair","Apotheosis+1","Self Repair","Nova","Go for the Eyes","Defragment","Melter","Capacitor","Go for the Eyes","Defragment+1"],"max_hp_per_floor":[75,75,75,75,75,75,75,75,75,75,75,75,75,75,75,75,75,75,75,75,80],"relics":["Cracked Core","Ornamental Fan","Torii","Toolbox","Orrery"],"card_choices":[{"not_picked":["Heatsinks","Doom and Gloom"],"picked":"Streamline","floor":3},{"not_picked":["Hello World","Rebound"],"picked":"Streamline","floor":4},{"not_picked":["Barrage","Stack"],"picked":"Cold Snap","floor":5},{"not_picked":["Stack","Leap"],"picked":"Biased Cognition","floor":6},{"not_picked":["Beam Cell","Turbo"],"picked":"Ball Lightning","floor":7},{"not_picked":["Turbo","Axe Kick"],"picked":"Sweeping Beam","floor":10},{"not_picked":["Fusion","FTL"],"picked":"Self Repair","floor":11},{"not_picked":["Leap","Rip and Tear"],"picked":"Self Repair","floor":14},{"not_picked":["Biased Cognition","Meteor Strike"],"picked":"Nova","floor":16},{"not_picked":["Axe Kick","Steam"],"picked":"Go for the Eyes","floor":17},{"not_picked":["Skim","Steam"],"picked":"Defragment","floor":17},{"not_picked":["Rebound","FTL"],"picked":"Melter","floor":17},{"not_picked":["Double Energy","Skim"],"picked":"Capacitor","floor":17},{"not_picked":["Force Field","FTL"],"picked":"Go for the Eyes","floor":18},{"not_picked":["Skim","Hologram"],"picked":"Defragment","floor":20}],"player_experience":117218,"potions_floor_usage":[6,11,16,18,21],"damage_taken":[{"damage":1,"enemies":"Cultist","floor":1,"turns":3},{"damage":2,"enemies":"Jaw Worm","floor":3,"turns":3},{"damage":2,"enemies":"2 Louse","floor":4,"turns":3},{"damage":12,"enemies":"Exordium Wildlife","floor":5,"turns":4},{"damage":14,"enemies":"3 Sentries","floor":6,"turns":7},{"damage":2,"enemies":"Red Slaver","floor":7,"turns":4},{"damage":7,"enemies":"Looter","floor":10,"turns":3},{"damage":8,"enemies":"Large Slime","floor":11,"turns":5},{"damage":1,"enemies":"Exordium Thugs","floor":14,"turns":3},{"damage":32,"enemies":"The Guardian","floor":16,"turns":9},{"damage":39,"enemies":"3 Byrds","floor":18,"turns":4},{"damage":29,"enemies":"Spheric Guardian","floor":20,"turns":4},{"damage":38,"enemies":"Chosen and Byrds","floor":21,"turns":3}],"event_choices":[{"event_name":"Drug Dealer","player_choice":"Ignored","floor":19,"damage_taken":0}],"boss_relics":[{"not_picked":["Black Star","Eternal Feather"],"picked":"Orrery"}],"potions_floor_spawned":[4,6,7,11,14,20],"seed_played":"-4330905931762752349","killed_by":"Chosen and Byrds","ascension_level":5,"is_trial":false}