{"gold_per_floor":[119,129,144,158,83,83,148,148,148,165,165],"floor_reached":11,"playtime":396,"items_purged":["Strike_R"],"score":143,"play_id":"6fceb02f-dc58-4e12-b04d-94a533012554","local_time":"20181027233036","is_ascension_mode":true,"campfire_choices":[{"data":"Body Slam","floor":6,"key":"SMITH"},{"data":"Finesse","floor":8,"key":"SMITH"}],"neow_cost":"NONE","seed_source_timestamp":38972566725905,"circlet_count":0,"master_deck":["Strike_R","Strike_R","Strike_R","Strike_R","Defend_R","Defend_R","Defend_R","Defend_R","Bash","AscendersBane","Finesse+1","Body Slam+1","Burning Pact"],"relics":["Burning Blood","Tiny Chest","Omamori"],"potions_floor_usage":[7],"damage_taken":[{"damage":3,"enemies":"2 Louse","floor":1,"turns":3},{"damage":10,"enemies":"Small Slimes","floor":2,"turns":4},{"damage":5,"enemies":"Cultist","floor":3,"turns":4},{"damage":7,"enemies":"2 Fungi Beasts","floor":4,"turns":5},{"damage":33,"enemies":"3 Sentries","floor":7,"turns":9},{"damage":25,"enemies":"Large Slime","floor":10,"turns":9},{"damage":16,"enemies":"Exordium Thugs","floor":11,"turns":4}],"seed_played":"5697418366981709504","potions_obtained":[{"floor":3,"key":"AttackPotion"},{"floor":4,"key":"Swift Potion"}],"is_trial":false,"path_per_floor":["M","M","M","M","$","R","E","R","T","M"],"character_chosen":"IRONCLAD","items_purchased":[],"campfire_rested":0,"item_purchase_floors":[],"current_hp_per_floor":[71,67,68,67,67,67,40,40,40,21,5],"gold":165,"neow_bonus":"RANDOM_COLORLESS","is_prod":false,"is_daily":false,"chose_seed":false,"campfire_upgraded":2,"win_rate":0,"timestamp":1540675836,"path_taken":["M","M","M","M","$","R","E","R","T","M","M"],"build_version":"2018-10-25v2","purchased_purges":1,"victory":false,"max_hp_per_floor":[75,75,75,75,75,75,75,75,75,75,75],"card_choices":[{"not_picked":["Infernal Blade","Flex"],"picked":"Body Slam","floor":1},{"not_picked":["Wild Strike","Rampage","Anger"],"picked":"SKIP","floor":2},{"not_picked":["Pommel Strike","Headbutt","Twin Strike"],"picked":"SKIP","floor":3},{"not_picked":["Perfected Strike","Pommel Strike"],"picked":"Burning Pact","floor":4},{"not_picked":["Reckless Charge","Perfected Strike","Hemokinesis"],"picked":"SKIP","floor":7},{"not_picked":["Havoc","Flex","Pommel Strike"],"picked":"SKIP","floor":10}],"player_experience":704818,"relics_obtained":[{"floor":7,"key":"Tiny Chest"},{"floor":9,"key":"Omamori"}],"event_choices":[],"is_beta":true,"boss_relics":[],"items_purged_floors":[5],"is_endless":false,"potions_floor_spawned":[3,4],"killed_by":"Exordium Thugs","ascension_level":18}