{"gold_per_floor":[116,130,145,159,170,170,21,50,95,124,137,137,167,186,186,287,287,300,300,300,316,8,8],"floor_reached":23,"playtime":1425,"items_purged":[],"score":298,"play_id":"7c98e572-feea-4909-9179-8b5dcd2ad766","local_time":"20180716130212","is_ascension_mode":true,"campfire_choices":[{"data":"Zap","floor":12,"key":"SMITH"},{"floor":15,"key":"REST"}],"neow_cost":"NONE","seed_source_timestamp":264905665667859,"circlet_count":0,"master_deck":["Strike_B+1","Strike_B","Strike_B","Defend_B","Defend_B","Defend_B","Defend_B","Zap+1","Dualcast","Conserve Battery","Steam","Heatsinks","Coolheaded","Sweeping Beam+1","Sunder","Capacitor","All For One","Machine Learning","Go for the Eyes","Turbo","Turbo","Go for the Eyes","Rainbow","Defragment","Beam Cell","All For One","Skim","Sunder"],"relics":["Cracked Core","Bottled Flame","Dream Catcher","Kunai","Whetstone","Cursed Key","DollysMirror"],"potions_floor_usage":[8,10,10,13,23],"damage_taken":[{"damage":1,"enemies":"Cultist","floor":1,"turns":3},{"damage":1,"enemies":"2 Louse","floor":2,"turns":3},{"damage":7,"enemies":"Jaw Worm","floor":3,"turns":4},{"damage":1,"enemies":"Looter","floor":4,"turns":4},{"damage":2,"enemies":"Exordium Wildlife","floor":5,"turns":3},{"damage":10,"enemies":"3 Sentries","floor":8,"turns":5},{"damage":21,"enemies":"Lagavulin","floor":10,"turns":9},{"damage":0,"enemies":"Gremlin Gang","floor":11,"turns":4},{"damage":9,"enemies":"3 Sentries","floor":13,"turns":5},{"damage":1,"enemies":"Looter","floor":14,"turns":3},{"damage":27,"enemies":"Slime Boss","floor":16,"turns":11},{"damage":25,"enemies":"2 Thieves","floor":18,"turns":4},{"damage":15,"enemies":"Chosen","floor":21,"turns":6},{"damage":27,"enemies":"Slavers","floor":23,"turns":1}],"seed_played":"1294751508164125783","potions_obtained":[{"floor":1,"key":"AttackPotion"},{"floor":5,"key":"SpeedPotion"},{"floor":8,"key":"Ancient Potion"},{"floor":11,"key":"SkillPotion"},{"floor":16,"key":"Dexterity Potion"}],"is_trial":false,"path_per_floor":["M","M","M","M","M","?","$","E","T","E","M","R","E","M","R","B",null,"M","?","?","M","$"],"character_chosen":"DEFECT","items_purchased":["Sunder","Capacitor","DollysMirror","Skim","Sunder"],"campfire_rested":1,"item_purchase_floors":[7,7,22,22,22],"current_hp_per_floor":[74,73,66,65,63,56,56,46,46,25,25,25,16,15,39,12,65,40,40,40,25,25,0],"gold":8,"neow_bonus":"TEN_PERCENT_HP_BONUS","is_prod":false,"is_daily":false,"chose_seed":false,"campfire_upgraded":1,"win_rate":0,"timestamp":1531738932,"path_taken":["M","M","M","M","M","?","$","E","T","E","M","R","E","M","R","BOSS","M","?","?","M","$","E"],"build_version":"2018-07-13","purchased_purges":0,"victory":false,"max_hp_per_floor":[82,82,82,82,82,82,82,82,82,82,82,82,82,82,82,82,82,82,82,82,82,82,82],"card_choices":[{"not_picked":["Undo","White Noise"],"picked":"Conserve Battery","floor":1},{"not_picked":["Beam Cell","Sweeping Beam"],"picked":"Steam","floor":2},{"not_picked":["Hologram","Steam"],"picked":"Heatsinks","floor":3},{"not_picked":["Steam","Rip and Tear"],"picked":"Coolheaded","floor":4},{"not_picked":["Barrage","Ball Lightning"],"picked":"Sweeping Beam","floor":5},{"not_picked":["Leap","Meteor Strike"],"picked":"All For One","floor":8},{"not_picked":["Coolheaded","Hologram"],"picked":"Machine Learning","floor":10},{"not_picked":["Blizzard","Rebound"],"picked":"Go for the Eyes","floor":11},{"not_picked":["Steam Power","Hello World"],"picked":"Turbo","floor":13},{"not_picked":["Stack","Beam Cell"],"picked":"Turbo","floor":14},{"not_picked":["Rainbow","Auto Shields"],"picked":"Go for the Eyes","floor":15},{"not_picked":["Fission","Hyperbeam"],"picked":"Rainbow","floor":16},{"not_picked":["White Noise","Storm"],"picked":"Defragment","floor":18},{"not_picked":["Rebound","Conserve Battery"],"picked":"Beam Cell","floor":21}],"player_experience":408582,"relics_obtained":[{"floor":8,"key":"Bottled Flame"},{"floor":9,"key":"Dream Catcher"},{"floor":10,"key":"Kunai"},{"floor":13,"key":"Whetstone"}],"event_choices":[{"event_name":"Golden Wing","player_choice":"Card Removal","floor":6,"damage_taken":0},{"event_name":"Forgotten Altar","player_choice":"Smashed Altar","floor":19,"damage_taken":0},{"event_name":"Fountain of Cleansing","player_choice":"Removed Curse","floor":20,"damage_taken":0}],"boss_relics":[{"not_picked":["Empty Cage","Busted Crown"],"picked":"Cursed Key"}],"items_purged_floors":[],"is_endless":false,"potions_floor_spawned":[1,5,8,11,16],"killed_by":"Slavers","ascension_level":8}