{"gold_per_floor":[113,288,288,363,377,377,387,387,413,413],"floor_reached":10,"playtime":283,"items_purged":[],"score":56,"play_id":"cea9b162-0607-4476-9224-3605f63c7eca","local_time":"20190923233737","is_ascension_mode":false,"campfire_choices":[{"data":"Eruption","floor":8.0,"key":"SMITH"}],"neow_cost":"PERCENT_DAMAGE","seed_source_timestamp":36423774990887,"circlet_count":0,"master_deck":["Strike_P","Strike_P","Strike_P","Strike_P","Defend_P","Defend_P","Defend_P","Defend_P","Eruption+1","Vigilance","Unraveling","Doubt","FlyingSleeves","FlyingSleeves"],"special_seed":0,"relics":["PureWater","CultistMask","Akabeko"],"potions_floor_usage":[],"damage_taken":[{"damage":0.0,"enemies":"Jaw Worm","floor":1.0,"turns":1.0},{"damage":0.0,"enemies":"Small Slimes","floor":5.0,"turns":2.0},{"damage":0.0,"enemies":"2 Louse","floor":7.0,"turns":4.0},{"damage":38,"enemies":"Lagavulin","floor":10,"turns":6}],"seed_played":"-8048749844579692555","potions_obtained":[{"floor":7.0,"key":"Swift Potion"}],"is_trial":false,"path_per_floor":["M","?","?","?","M","?","M","R","T","E"],"character_chosen":"WATCHER","items_purchased":[],"campfire_rested":0,"item_purchase_floors":[],"current_hp_per_floor":[47,47,47,36,36,36,36,36,36,0],"gold":413,"neow_bonus":"THREE_RARE_CARDS","is_prod":false,"is_daily":false,"chose_seed":false,"campfire_upgraded":1,"win_rate":0,"timestamp":1569249457,"path_taken":["M","?","?","?","M","?","?","R","T","E"],"build_version":"2019-09-20","purchased_purges":0,"victory":false,"max_hp_per_floor":[65,65,65,65,65,65,65,65,65,65],"card_choices":[{"not_picked":["Omniscience","Nirvana"],"picked":"Unraveling","floor":0.0},{"not_picked":["SashWhip","Swivel","Perseverance"],"picked":"SKIP","floor":1.0},{"not_picked":["ThirdEye","PathToVictory"],"picked":"FlyingSleeves","floor":5.0},{"not_picked":["ThirdEye","Meditate"],"picked":"FlyingSleeves","floor":7.0}],"player_experience":524623,"relics_obtained":[{"floor":9.0,"key":"Akabeko"}],"event_choices":[{"damage_healed":0.0,"max_hp_gain":0.0,"max_hp_loss":0.0,"gold_gain":175.0,"event_name":"Liars Game","player_choice":"AGREE","floor":2.0,"gold_loss":0.0,"damage_taken":0.0,"cards_obtained":["Doubt"]},{"damage_healed":0.0,"max_hp_gain":0.0,"max_hp_loss":0.0,"gold_gain":0.0,"event_name":"Shining Light","player_choice":"Ignored","floor":3.0,"gold_loss":0.0,"damage_taken":0.0},{"damage_healed":0.0,"max_hp_gain":0.0,"max_hp_loss":0.0,"gold_gain":75.0,"event_name":"World of Goop","player_choice":"Gather Gold","floor":4.0,"gold_loss":0.0,"damage_taken":11.0},{"damage_healed":0.0,"max_hp_gain":0.0,"max_hp_loss":0.0,"gold_gain":0.0,"event_name":"FaceTrader","player_choice":"Trade","floor":6.0,"gold_loss":0.0,"damage_taken":0.0,"relics_obtained":["CultistMask"]}],"is_beta":true,"boss_relics":[],"items_purged_floors":[],"is_endless":false,"potions_floor_spawned":[7],"killed_by":"Lagavulin","ascension_level":0}