{"gold_per_floor":[118,118,139,164,164,164,11,38,50,62,93,120,82,138,150,285,297,324,336,363,400,425,437,449,480,492,522,534,566,601,636,648,779,791,817,829,861,873,905,917,592,608,608,622,134,169,183,209,209,209],"floor_reached":50,"playtime":2116,"items_purged":["Strike_R","Parasite"],"score":557,"play_id":"3cc5409f-0b3e-4c3d-8e68-cc59d9291ced","local_time":"20180725231710","is_ascension_mode":false,"campfire_choices":[{"data":"Flex","floor":6.0,"key":"SMITH"},{"data":"Carnage","floor":10.0,"key":"SMITH"},{"data":"Twin Strike","floor":15.0,"key":"SMITH"},{"data":"Bludgeon","floor":23.0,"key":"SMITH"},{"data":"Havoc","floor":32,"key":"SMITH"},{"data":"Armaments","floor":40,"key":"SMITH"},{"data":"Whirlwind","floor":49,"key":"SMITH"}],"neow_cost":"NONE","seed_source_timestamp":7066351408827,"circlet_count":0,"master_deck":["Strike_R","Strike_R","Defend_R","Defend_R","Defend_R","Defend_R","Bash+1","Thunderclap","Flex+1","Carnage+1","Twin Strike+1","Bludgeon+1","Havoc+1","Battle Trance+1","Armaments+1","Whirlwind+1","Madness","Parasite"],"special_seed":0,"relics":["Burning Blood","Golden Idol","MawBank","Pear","Gremlin Horn","Cursed Key","Champion Belt","Busted Crown","Strange Spoon","Oddly Smooth Stone","Ginger","Lantern","Blood Vial"],"potions_floor_usage":[29,33,33,46,50,50],"damage_taken":[{"damage":1.0,"enemies":"Jaw Worm","floor":1.0,"turns":4.0},{"damage":3.0,"enemies":"2 Louse","floor":3.0,"turns":3.0},{"damage":3.0,"enemies":"Small Slimes","floor":4.0,"turns":3.0},{"damage":12.0,"enemies":"Looter","floor":8.0,"turns":4.0},{"damage":5.0,"enemies":"3 Louse","floor":11.0,"turns":2.0},{"damage":11.0,"enemies":"Exordium Wildlife","floor":12.0,"turns":2.0},{"damage":6.0,"enemies":"Gremlin Nob","floor":14.0,"turns":3.0},{"damage":0.0,"enemies":"Slime Boss","floor":16.0,"turns":5.0},{"damage":10.0,"enemies":"Spheric Guardian","floor":18.0,"turns":3.0},{"damage":6.0,"enemies":"Chosen","floor":20.0,"turns":2.0},{"damage":0.0,"enemies":"Centurion and Healer","floor":21.0,"turns":3.0},{"damage":6.0,"enemies":"Snecko","floor":22.0,"turns":3.0},{"damage":15.0,"enemies":"Slaver and Parasite","floor":25.0,"turns":3.0},{"damage":12,"enemies":"Centurion and Healer","floor":27,"turns":3},{"damage":22,"enemies":"Sentry and Sphere","floor":29,"turns":4},{"damage":10,"enemies":"Snecko","floor":30,"turns":4},{"damage":0,"enemies":"Cultist and Chosen","floor":31,"turns":4},{"damage":26,"enemies":"Collector","floor":33,"turns":6},{"damage":11,"enemies":"Flame Bruiser 1 Orb","floor":35,"turns":3},{"damage":10,"enemies":"3 Shapes","floor":37,"turns":3},{"damage":0,"enemies":"Flame Bruiser 2 Orb","floor":39,"turns":3},{"damage":4,"enemies":"3 Darklings","floor":42,"turns":3},{"damage":20,"enemies":"Maw","floor":44,"turns":5},{"damage":9,"enemies":"Giant Head","floor":46,"turns":5},{"damage":11,"enemies":"Spire Growth","floor":47,"turns":3},{"damage":110,"enemies":"Awakened One","floor":50,"turns":12}],"seed_played":"1360997906155005845","potions_obtained":[{"floor":1.0,"key":"EssenceOfSteel"},{"floor":8.0,"key":"Explosive Potion"},{"floor":11.0,"key":"LiquidBronze"},{"floor":16.0,"key":"SpeedPotion"},{"floor":18.0,"key":"PowerPotion"},{"floor":20.0,"key":"Strength Potion"},{"floor":21.0,"key":"Strength Potion"},{"floor":27,"key":"SpeedPotion"},{"floor":30,"key":"AttackPotion"},{"floor":31,"key":"Regen Potion"},{"floor":37,"key":"Regen Potion"},{"floor":39,"key":"BloodPotion"}],"is_trial":false,"path_per_floor":["M","?","M","M","?","R","$","M","T","R","M","M","?","E","R","B",null,"M","?","M","M","M","R","?","M","T","M","?","M","M","M","R","B",null,"M","?","M","?","M","R","$","M","T","M","$","E","M","T","R"],"character_chosen":"IRONCLAD","items_purchased":["MawBank","Strange Spoon","Whirlwind","Madness","Ginger"],"campfire_rested":0,"item_purchase_floors":[7,41,41,45,45],"current_hp_per_floor":[80,60,63,66,66,66,66,60,70,70,71,66,66,66,66,72,90,86,86,86,90,90,90,90,81,81,75,75,59,55,61,61,41,90,85,85,81,81,87,87,87,89,89,75,75,86,81,81,81,0],"gold":209,"neow_bonus":"UPGRADE_CARD","is_prod":false,"is_daily":false,"chose_seed":false,"campfire_upgraded":7,"win_rate":0,"timestamp":1532531830,"path_taken":["M","?","M","M","?","R","?","M","T","R","M","?","?","E","R","BOSS","M","?","M","M","M","R","?","?","T","?","?","M","M","M","R","BOSS","M","?","?","?","M","R","$","M","T","M","$","E","M","?","R","BOSS"],"build_version":"2018-07-19v2","purchased_purges":2,"victory":false,"max_hp_per_floor":[80,80,80,80,80,80,80,80,90,90,90,90,90,90,90,90,90,90,90,90,90,90,90,90,90,90,90,90,90,90,90,90,90,90,90,90,90,90,90,90,90,90,90,90,87,87,87,87,87,87],"card_choices":[{"not_picked":["Power Through","Anger"],"picked":"Cleave","floor":1.0},{"not_picked":["Battle Trance","Heavy Blade"],"picked":"Thunderclap","floor":3.0},{"not_picked":["Wild Strike","Disarm"],"picked":"Flex","floor":4.0},{"not_picked":["Body Slam","Warcry"],"picked":"Carnage","floor":8.0},{"not_picked":["Perfected Strike","Uppercut","Wild Strike"],"picked":"SKIP","floor":11.0},{"not_picked":["Second Wind","Flex"],"picked":"Twin Strike","floor":12.0},{"not_picked":["Impervious","Clothesline","Anger"],"picked":"SKIP","floor":14.0},{"not_picked":["Dark Embrace","Demon Form"],"picked":"Bludgeon","floor":16.0},{"not_picked":["Bloodletting","Headbutt+1","Reckless Charge"],"picked":"SKIP","floor":18.0},{"not_picked":["Flex","Dual Wield"],"picked":"Havoc","floor":20.0},{"not_picked":["Clash","Iron Wave+1","Rage"],"picked":"SKIP","floor":21.0},{"not_picked":["Intimidate+1","Feel No Pain","Clothesline+1"],"picked":"SKIP","floor":22.0},{"not_picked":["Seeing Red","Shrug It Off","Evolve"],"picked":"SKIP","floor":25.0},{"not_picked":["Reaper","Pommel Strike+1","Shrug It Off+1"],"picked":"SKIP","floor":27},{"not_picked":["Warcry+1","Iron Wave"],"picked":"Battle Trance+1","floor":29},{"not_picked":["Dual Wield+1","Flex","Rage+1"],"picked":"SKIP","floor":30},{"not_picked":["Iron Wave","Wild Strike","Clothesline"],"picked":"SKIP","floor":31},{"not_picked":["Iron Wave","Wild Strike","Clothesline"],"picked":"SKIP","floor":31},{"not_picked":["Wild Strike"],"picked":"SKIP","floor":35},{"not_picked":[],"picked":"Armaments","floor":37},{"not_picked":["Clothesline"],"picked":"SKIP","floor":39},{"not_picked":["Thunderclap+1"],"picked":"SKIP","floor":42},{"not_picked":["Rupture"],"picked":"SKIP","floor":44},{"not_picked":["Whirlwind"],"picked":"SKIP","floor":46},{"not_picked":["Thunderclap"],"picked":"SKIP","floor":47}],"player_experience":210009,"relics_obtained":[{"floor":9.0,"key":"Pear"},{"floor":14.0,"key":"Gremlin Horn"},{"floor":43,"key":"Oddly Smooth Stone"},{"floor":46,"key":"Lantern"},{"floor":48,"key":"Blood Vial"}],"event_choices":[{"event_name":"Golden Idol","player_choice":"Take Damage","floor":2.0,"damage_taken":0.0},{"event_name":"Living Wall","player_choice":"Forget","floor":5.0,"damage_taken":0.0},{"event_name":"The Cleric","player_choice":"Card Removal","floor":13.0,"damage_taken":0.0},{"event_name":"The Mausoleum","player_choice":"Yes","floor":19.0,"damage_taken":0.0},{"event_name":"Fountain of Cleansing","player_choice":"Removed Curse","floor":24.0,"damage_taken":0.0},{"event_name":"Ghosts","player_choice":"Ignored","floor":28,"damage_taken":0},{"event_name":"Falling","player_choice":"Removed Attack","floor":36,"damage_taken":0},{"event_name":"Tomb of Lord Red Mask","player_choice":"Ignored","floor":38,"damage_taken":0}],"is_beta":false,"boss_relics":[{"not_picked":["Lizard Tail","Eternal Feather"],"picked":"Cursed Key"},{"not_picked":["Astrolabe","Fusion Hammer"],"picked":"Busted Crown"}],"items_purged_floors":[41,45],"is_endless":false,"potions_floor_spawned":[1,8,11,16,18,20,21,27,30,31,37,39,44],"killed_by":"Awakened One","ascension_level":0}