{"gold_per_floor":[113,113,38,38,57,88,88,88,88,114,132,132,158,170,170,170],"floor_reached":16,"playtime":326,"items_purged":["Strike_R"],"score":286,"play_id":"b21469ef-32c5-4dfb-9a4b-62207419d3c3","local_time":"20190507221042","is_ascension_mode":true,"campfire_choices":[{"data":"Cleave","floor":7,"key":"SMITH"},{"floor":15,"key":"REST"}],"neow_cost":"NONE","seed_source_timestamp":20303374889120,"circlet_count":0,"master_deck":["AscendersBane","Strike_R","Strike_R+1","Strike_R","Defend_R+1","Defend_R","Defend_R","Defend_R","Bash","Cleave+1","Entrench+1","Barricade","Iron Wave"],"relics":["Burning Blood","NeowsBlessing","Red Skull","Pantograph","Regal Pillow","Orichalcum"],"potions_floor_usage":[13],"damage_taken":[{"damage":0,"enemies":"Cultist","floor":1,"turns":1},{"damage":0,"enemies":"2 Louse","floor":5,"turns":1},{"damage":0,"enemies":"3 Sentries","floor":6,"turns":1},{"damage":40,"enemies":"Lagavulin","floor":10,"turns":5},{"damage":0,"enemies":"Small Slimes","floor":11,"turns":3},{"damage":23,"enemies":"Gremlin Nob","floor":13,"turns":4},{"damage":0,"enemies":"3 Louse","floor":14,"turns":1},{"damage":14,"enemies":"The Guardian","floor":16,"turns":6}],"seed_played":"-171744576564760866","potions_obtained":[{"floor":6,"key":"SmokeBomb"},{"floor":11,"key":"PowerPotion"},{"floor":13,"key":"Energy Potion"}],"is_trial":false,"path_per_floor":["M","?","$","?","M","E","R","?","T","E","M","?","E","M","R","B"],"character_chosen":"IRONCLAD","items_purchased":[],"campfire_rested":1,"item_purchase_floors":[],"current_hp_per_floor":[74,51,51,44,50,56,56,61,61,27,33,33,16,22,61,66],"gold":170,"neow_bonus":"THREE_ENEMY_KILL","is_prod":false,"is_daily":false,"chose_seed":false,"campfire_upgraded":1,"win_rate":0,"timestamp":1557259842,"path_taken":["M","?","$","?","M","E","R","?","T","E","M","?","E","M","R","BOSS"],"build_version":"2019-01-23","purchased_purges":1,"victory":false,"max_hp_per_floor":[75,75,75,75,75,75,75,80,80,80,80,80,80,80,80,80],"card_choices":[{"not_picked":["Iron Wave","Sword Boomerang","Cleave"],"picked":"SKIP","floor":1},{"not_picked":["Combust","Shockwave"],"picked":"Cleave","floor":5},{"not_picked":["Pommel Strike","Warcry","True Grit"],"picked":"SKIP","floor":6},{"not_picked":["Whirlwind","Twin Strike","Dual Wield"],"picked":"SKIP","floor":10},{"not_picked":["Burning Pact","Twin Strike"],"picked":"Entrench","floor":11},{"not_picked":["Cleave","Seeing Red"],"picked":"Barricade","floor":13},{"not_picked":["Twin Strike","Havoc"],"picked":"Iron Wave","floor":14}],"player_experience":870600,"relics_obtained":[{"floor":6,"key":"Red Skull"},{"floor":9,"key":"Pantograph"},{"floor":10,"key":"Regal Pillow"},{"floor":13,"key":"Orichalcum"}],"event_choices":[{"damage_healed":0,"gold_gain":0,"player_choice":"Entered Light","damage_taken":23,"max_hp_gain":0,"max_hp_loss":0,"event_name":"Shining Light","floor":2,"gold_loss":0,"cards_upgraded":["Strike_R","Defend_R"]},{"cards_removed":["Strike_R"],"damage_healed":0,"gold_gain":0,"player_choice":"Card Removal","damage_taken":7,"max_hp_gain":0,"max_hp_loss":0,"event_name":"Golden Wing","floor":4,"gold_loss":0},{"damage_healed":0,"gold_gain":0,"player_choice":"Donut","damage_taken":0,"max_hp_gain":5,"max_hp_loss":0,"event_name":"Big Fish","floor":8,"gold_loss":0},{"damage_healed":0,"gold_gain":0,"player_choice":"Grow","damage_taken":0,"max_hp_gain":0,"max_hp_loss":0,"event_name":"Living Wall","floor":12,"gold_loss":0,"cards_upgraded":["Entrench"]}],"is_beta":false,"boss_relics":[],"items_purged_floors":[3],"is_endless":false,"potions_floor_spawned":[6,11,13],"killed_by":"The Guardian","ascension_level":20}