{"gold_per_floor":[115,115,115,132,145,174,186,212,278,318,348,390,24,42,42,139,139,154,170,183,200,218,218,253,253,253,280,298,91,111,125,125,228,228,241,254,254,270,270,270,288,119,119,153,453,485,502,556,556,556],"floor_reached":51,"playtime":3670,"items_purged":["Strike_R","Defend_R"],"score":1136,"play_id":"98ccecc1-3400-4bbc-a916-cb6b4b8d1041","local_time":"20181106193743","is_ascension_mode":true,"campfire_choices":[{"data":"Armaments","floor":7.0,"key":"SMITH"},{"data":"Strike_R","floor":15.0,"key":"PURGE"},{"data":"Strike_R","floor":23.0,"key":"PURGE"},{"data":"Whirlwind","floor":32.0,"key":"SMITH"},{"data":"True Grit","floor":40.0,"key":"SMITH"},{"data":"Juggernaut","floor":49,"key":"SMITH"}],"neow_cost":"NONE","seed_source_timestamp":13781441955670,"circlet_count":0,"master_deck":["Defend_R","Defend_R","Defend_R","Bash","Armaments+1","Twin Strike","True Grit+1","Thunderclap","Cleave","Spot Weakness","Intimidate","Warcry","Impervious","Whirlwind+1","Feel No Pain","Feel No Pain+1","Burning Pact","Exhume","Second Wind","Body Slam+1","Dark Embrace","Heavy Blade+1","Seeing Red","Corruption","Havoc+1","Juggernaut+1"],"special_seed":0,"relics":["Burning Blood","Potion Belt","MawBank","Tiny Chest","Peace Pipe","Charon\u0027s Ashes","Dead Branch","Snecko Eye","PreservedInsect","Red Skull","Dodecahedron","Bird Faced Urn","Chemical X","Lizard Tail","Bronze Scales","Gremlin Horn","Self Forming Clay","Art of War"],"potions_floor_usage":[50,50,50],"damage_taken":[{"damage":2.0,"enemies":"Jaw Worm","floor":1.0,"turns":4.0},{"damage":1.0,"enemies":"2 Louse","floor":4.0,"turns":3.0},{"damage":1.0,"enemies":"Cultist","floor":5.0,"turns":4.0},{"damage":45.0,"enemies":"Lagavulin","floor":6.0,"turns":9.0},{"damage":3.0,"enemies":"Red Slaver","floor":8.0,"turns":4.0},{"damage":13.0,"enemies":"3 Sentries","floor":10.0,"turns":6.0},{"damage":4.0,"enemies":"Looter","floor":11.0,"turns":3.0},{"damage":25.0,"enemies":"Gremlin Nob","floor":12.0,"turns":4.0},{"damage":0.0,"enemies":"Lots of Slimes","floor":14.0,"turns":3.0},{"damage":7.0,"enemies":"Hexaghost","floor":16.0,"turns":9.0},{"damage":1.0,"enemies":"3 Byrds","floor":18.0,"turns":3.0},{"damage":22.0,"enemies":"Spheric Guardian","floor":19.0,"turns":4.0},{"damage":22.0,"enemies":"Centurion and Healer","floor":20.0,"turns":5.0},{"damage":22.0,"enemies":"Snake Plant","floor":21.0,"turns":4.0},{"damage":4.0,"enemies":"Shelled Parasite and Fungi","floor":22.0,"turns":4.0},{"damage":7.0,"enemies":"Gremlin Leader","floor":24.0,"turns":4.0},{"damage":13.0,"enemies":"Book of Stabbing","floor":27.0,"turns":6.0},{"damage":14.0,"enemies":"Centurion and Healer","floor":28.0,"turns":4.0},{"damage":0.0,"enemies":"Snake Plant","floor":30.0,"turns":4.0},{"damage":5.0,"enemies":"Shelled Parasite and Fungi","floor":31.0,"turns":4.0},{"damage":6.0,"enemies":"Champ","floor":33.0,"turns":8.0},{"damage":0.0,"enemies":"3 Shapes","floor":35.0,"turns":1.0},{"damage":0.0,"enemies":"Orb Walker","floor":36.0,"turns":2.0},{"damage":0.0,"enemies":"4 Shapes","floor":38.0,"turns":1.0},{"damage":6.0,"enemies":"Sphere and 2 Shapes","floor":41.0,"turns":2.0},{"damage":0,"enemies":"Giant Head","floor":44,"turns":5},{"damage":9,"enemies":"Nemesis","floor":46,"turns":1},{"damage":0,"enemies":"Maw","floor":47,"turns":4},{"damage":18,"enemies":"Awakened One","floor":50,"turns":4}],"seed_played":"-3984201112200571936","potions_obtained":[{"floor":1.0,"key":"FearPotion"},{"floor":5.0,"key":"FearPotion"},{"floor":12.0,"key":"EntropicBrew"},{"floor":14.0,"key":"Poison Potion"},{"floor":20.0,"key":"LiquidBronze"},{"floor":21.0,"key":"Block Potion"},{"floor":22.0,"key":"Block Potion"},{"floor":28.0,"key":"SteroidPotion"},{"floor":30.0,"key":"Dexterity Potion"},{"floor":31.0,"key":"Fire Potion"},{"floor":36.0,"key":"LiquidBronze"},{"floor":41.0,"key":"Dexterity Potion"},{"floor":44,"key":"Weak Potion"},{"floor":46,"key":"Fire Potion"}],"is_trial":false,"path_per_floor":["M","?","?","M","M","E","R","M","T","E","M","E","$","M","R","B",null,"M","M","M","M","M","R","E","T","T","E","M","$","M","M","R","B",null,"M","M","$","M","?","R","M","$","T","E","?","E","M","T","R","B",null],"character_chosen":"IRONCLAD","items_purchased":["Dead Branch","Chemical X","Corruption"],"campfire_rested":0,"item_purchase_floors":[13,29,42],"current_hp_per_floor":[76,73,73,78,80,41,41,44,44,37,39,20,20,26,26,25,66,71,55,39,23,25,25,24,24,24,17,15,15,23,26,26,32,68,74,80,80,80,80,80,80,80,80,80,80,80,80,80,80,80],"gold":556,"neow_bonus":"REMOVE_CARD","is_prod":false,"is_daily":false,"chose_seed":false,"campfire_upgraded":4,"win_rate":0,"timestamp":1541504263,"path_taken":["M","?","?","?","M","E","R","M","T","E","M","E","$","M","R","BOSS","M","M","M","M","M","R","E","?","T","E","M","$","M","M","R","BOSS","M","M","$","M","?","R","M","$","T","E","?","E","?","?","R","BOSS"],"build_version":"2018-11-01","purchased_purges":2,"victory":true,"max_hp_per_floor":[80,80,80,80,80,80,80,80,80,80,80,80,80,80,80,80,80,80,80,80,80,80,80,80,80,80,80,80,80,80,80,80,80,80,80,80,80,80,80,80,80,80,80,80,80,80,80,80,80,80],"card_choices":[{"not_picked":["Disarm","Pummel"],"picked":"Armaments","floor":1.0},{"not_picked":["Perfected Strike","Disarm"],"picked":"Twin Strike","floor":4.0},{"not_picked":["Sever Soul","Body Slam"],"picked":"True Grit","floor":5.0},{"not_picked":["Burning Pact","Disarm"],"picked":"Thunderclap","floor":6.0},{"not_picked":["Corruption","Warcry"],"picked":"Cleave","floor":8.0},{"not_picked":["Blood for Blood","Barricade"],"picked":"Spot Weakness","floor":10.0},{"not_picked":["Clothesline","Shockwave","Second Wind"],"picked":"SKIP","floor":11.0},{"not_picked":["Headbutt","Iron Wave"],"picked":"Intimidate","floor":12.0},{"not_picked":["Dual Wield","Anger"],"picked":"Warcry","floor":14.0},{"not_picked":["Brutality","Berserk"],"picked":"Impervious","floor":16.0},{"not_picked":["Clash","Thunderclap"],"picked":"Whirlwind","floor":18.0},{"not_picked":["Power Through","Armaments"],"picked":"Feel No Pain","floor":19.0},{"not_picked":["Pummel","Anger"],"picked":"Feel No Pain+1","floor":20.0},{"not_picked":["Searing Blow+1","Shrug It Off","Anger"],"picked":"SKIP","floor":21.0},{"not_picked":["Bloodletting","Wild Strike"],"picked":"Burning Pact","floor":22.0},{"not_picked":["Clash","Armaments"],"picked":"Exhume","floor":24.0},{"not_picked":["Perfected Strike","Wild Strike"],"picked":"Second Wind","floor":27.0},{"not_picked":["Sword Boomerang","Cleave","Perfected Strike"],"picked":"SKIP","floor":28.0},{"not_picked":["Sword Boomerang","Hemokinesis","Perfected Strike"],"picked":"SKIP","floor":30.0},{"not_picked":["Headbutt","Sword Boomerang"],"picked":"Body Slam+1","floor":31.0},{"not_picked":["Limit Break","Reaper"],"picked":"Dark Embrace","floor":33.0},{"not_picked":["Armaments+1","Thunderclap","Power Through+1"],"picked":"SKIP","floor":35.0},{"not_picked":["Warcry","Twin Strike"],"picked":"Heavy Blade+1","floor":36.0},{"not_picked":["Iron Wave+1","Anger+1","Sword Boomerang+1"],"picked":"SKIP","floor":38.0},{"not_picked":["Armaments+1","Shrug It Off+1"],"picked":"Seeing Red","floor":41.0},{"not_picked":["Shockwave","Headbutt+1"],"picked":"Havoc+1","floor":44},{"not_picked":["Infernal Blade","Barricade"],"picked":"Juggernaut","floor":46},{"not_picked":["True Grit+1","Combust+1","Body Slam+1"],"picked":"SKIP","floor":47}],"player_experience":388295,"relics_obtained":[{"floor":6.0,"key":"MawBank"},{"floor":9.0,"key":"Tiny Chest"},{"floor":10.0,"key":"Peace Pipe"},{"floor":12.0,"key":"Charon\u0027s Ashes"},{"floor":24.0,"key":"PreservedInsect"},{"floor":25.0,"key":"Red Skull"},{"floor":26.0,"key":"Dodecahedron"},{"floor":27.0,"key":"Bird Faced Urn"},{"floor":43.0,"key":"Bronze Scales"},{"floor":44,"key":"Gremlin Horn"},{"floor":46,"key":"Self Forming Clay"},{"floor":48,"key":"Art of War"}],"event_choices":[{"damage_healed":0.0,"max_hp_gain":0.0,"max_hp_loss":0.0,"gold_gain":0.0,"event_name":"Scrap Ooze","player_choice":"Success","floor":2.0,"gold_loss":0.0,"damage_taken":3.0,"relics_obtained":["Potion Belt"]},{"cards_removed":["Strike_R"],"damage_healed":0.0,"max_hp_gain":0.0,"max_hp_loss":0.0,"gold_gain":0.0,"event_name":"Wheel of Change","player_choice":"Card Removal","floor":3.0,"gold_loss":0.0,"damage_taken":0.0},{"damage_healed":0.0,"max_hp_gain":0.0,"max_hp_loss":0.0,"gold_gain":0.0,"event_name":"Tomb of Lord Red Mask","player_choice":"Ignored","floor":39.0,"gold_loss":0.0,"damage_taken":0.0},{"damage_healed":0,"gold_gain":300,"player_choice":"Gold","damage_taken":0,"max_hp_gain":0,"max_hp_loss":0,"event_name":"Wheel of Change","floor":45,"gold_loss":0}],"is_beta":false,"boss_relics":[{"not_picked":["Fusion Hammer","Ectoplasm"],"picked":"Snecko Eye"},{"not_picked":["White Beast Statue","Philosopher\u0027s Stone"],"picked":"Lizard Tail"}],"items_purged_floors":[13,42],"is_endless":false,"potions_floor_spawned":[1,5,12,14,20,21,22,28,30,31,36,41,44,46],"ascension_level":7}