{"gold_per_floor":[110,126,51,51,126,126,126,126,153,169,185,185,185],"floor_reached":13,"playtime":175,"items_purged":["Strike_G"],"score":146,"play_id":"d2942898-3e40-4c67-b062-83cd43c32d14","local_time":"20190917214648","is_ascension_mode":true,"campfire_choices":[{"data":"Catalyst","floor":6,"key":"SMITH"},{"data":"Survivor","floor":8,"key":"SMITH"},{"data":"Catalyst","floor":12,"key":"SMITH"}],"neow_cost":"NONE","seed_source_timestamp":28280901278540,"circlet_count":0,"master_deck":["AscendersBane","Strike_G","Strike_G","Strike_G","Defend_G","Defend_G","Defend_G","Defend_G","Defend_G","Survivor+1","Neutralize","Catalyst+1","Catalyst+1"],"relics":["Ring of the Snake","NeowsBlessing","Oddly Smooth Stone","Boot"],"potions_floor_usage":[13],"damage_taken":[{"damage":0,"enemies":"Cultist","floor":1,"turns":1},{"damage":0,"enemies":"2 Louse","floor":2,"turns":1},{"damage":0,"enemies":"Small Slimes","floor":10,"turns":2},{"damage":1,"enemies":"2 Fungi Beasts","floor":11,"turns":8},{"damage":50,"enemies":"Gremlin Nob","floor":13,"turns":4}],"seed_played":"8024879505536067339","potions_obtained":[{"floor":2,"key":"Dexterity Potion"},{"floor":10,"key":"Swift Potion"},{"floor":11,"key":"SkillPotion"}],"is_trial":false,"path_per_floor":["M","M","$","?","?","R","?","R","T","M","M","R","E"],"character_chosen":"THE_SILENT","items_purchased":[],"campfire_rested":0,"item_purchase_floors":[],"current_hp_per_floor":[59,59,59,59,48,48,37,37,37,37,36,36,0],"gold":185,"neow_bonus":"THREE_ENEMY_KILL","is_prod":false,"is_daily":false,"chose_seed":false,"campfire_upgraded":3,"win_rate":0,"timestamp":1568749608,"path_taken":["M","M","$","?","?","R","?","R","T","M","M","R","E"],"build_version":"2019-09-17","purchased_purges":1,"victory":false,"max_hp_per_floor":[66,66,66,66,66,66,66,66,66,66,66,66,66],"card_choices":[{"not_picked":["Cloak And Dagger","Prepared"],"picked":"Catalyst","floor":1},{"not_picked":["Flying Knee","Cloak And Dagger","Tactician"],"picked":"SKIP","floor":2},{"not_picked":["Underhanded Strike","Deflect"],"picked":"Catalyst","floor":10},{"not_picked":["Slice","Sucker Punch","Finisher"],"picked":"SKIP","floor":11}],"player_experience":826415,"relics_obtained":[{"floor":9,"key":"Boot"}],"event_choices":[{"cards_removed":["Strike_G"],"damage_healed":0,"gold_gain":0,"player_choice":"Forget","damage_taken":0,"max_hp_gain":0,"max_hp_loss":0,"event_name":"Living Wall","floor":4,"gold_loss":0},{"damage_healed":0,"gold_gain":75,"player_choice":"Gather Gold","damage_taken":11,"max_hp_gain":0,"max_hp_loss":0,"event_name":"World of Goop","floor":5,"gold_loss":0},{"damage_healed":0,"gold_gain":0,"player_choice":"Success","damage_taken":11,"relics_obtained":["Oddly Smooth Stone"],"max_hp_gain":0,"max_hp_loss":0,"event_name":"Scrap Ooze","floor":7,"gold_loss":0}],"is_beta":true,"boss_relics":[],"items_purged_floors":[3],"is_endless":false,"potions_floor_spawned":[2,10,11],"killed_by":"Gremlin Nob","ascension_level":20}