{"gold_per_floor":[113,288,17,28,45,74,87,87,110,110,35,35,51,66,66,165,165,183,83,83,103,117,117,133,133,157,171,199,199,71,90,90,188,188,199,55,55,155,174,204,204,222,222,222,233,533,533,533,533,533],"floor_reached":51,"playtime":1737,"items_purged":["Doubt","Strike_B"],"score":847,"play_id":"10b23b65-8a57-414e-aea6-1d19b3ea2263","local_time":"20190415011030","is_ascension_mode":false,"campfire_choices":[{"data":"Buffer","floor":8.0,"key":"SMITH"},{"floor":12.0,"key":"REST"},{"data":"Loop","floor":15.0,"key":"SMITH"},{"data":"Buffer","floor":23,"key":"SMITH"},{"data":"Hologram","floor":25,"key":"SMITH"},{"data":"Chaos","floor":29,"key":"SMITH"},{"data":"Heatsinks","floor":32,"key":"SMITH"},{"data":"Seek","floor":41,"key":"SMITH"},{"data":"Creative AI","floor":44,"key":"SMITH"},{"data":"Static Discharge","floor":47,"key":"SMITH"},{"data":"Reinforced Body","floor":49,"key":"SMITH"}],"neow_cost":"NONE","seed_source_timestamp":306425820436337,"circlet_count":0,"master_deck":["Defend_B","Defend_B","Defend_B","Defend_B","Zap","Dualcast","Electrodynamics","Chaos+1","Loop+1","Steam","Hologram+1","Reinforced Body+1","Buffer+1","White Noise","Conserve Battery","Buffer+1","Heatsinks+1","Multi-Cast","Conserve Battery","Glacier+1","Self Repair","Conserve Battery","Creative AI+1","Seek+1","Static Discharge+1"],"special_seed":0,"relics":["Cracked Core","Runic Capacitor","Bag of Preparation","Lantern","Philosopher\u0027s Stone","Strawberry","Juzu Bracelet","Coffee Dripper","Oddly Smooth Stone","FossilizedHelix","Gremlin Horn"],"potions_floor_usage":[33,50,50],"damage_taken":[{"damage":0.0,"enemies":"Small Slimes","floor":1.0,"turns":2.0},{"damage":7.0,"enemies":"2 Louse","floor":4.0,"turns":2.0},{"damage":1.0,"enemies":"Cultist","floor":5.0,"turns":4.0},{"damage":39.0,"enemies":"Lagavulin","floor":6.0,"turns":7.0},{"damage":11.0,"enemies":"Exordium Wildlife","floor":7.0,"turns":2.0},{"damage":0.0,"enemies":"Blue Slaver","floor":13.0,"turns":3.0},{"damage":0.0,"enemies":"3 Louse","floor":14.0,"turns":1.0},{"damage":35.0,"enemies":"The Guardian","floor":16.0,"turns":9.0},{"damage":0.0,"enemies":"Chosen","floor":18.0,"turns":6.0},{"damage":0,"enemies":"3 Byrds","floor":21,"turns":1},{"damage":0,"enemies":"Snecko","floor":22,"turns":5},{"damage":1,"enemies":"Centurion and Healer","floor":24,"turns":4},{"damage":19,"enemies":"Snake Plant","floor":27,"turns":6},{"damage":14,"enemies":"Slavers","floor":28,"turns":3},{"damage":0,"enemies":"Cultist and Chosen","floor":31,"turns":9},{"damage":0,"enemies":"Champ","floor":33,"turns":13},{"damage":0,"enemies":"3 Darklings","floor":35,"turns":3},{"damage":0,"enemies":"Mind Bloom Boss Battle","floor":38,"turns":7},{"damage":0,"enemies":"Orb Walker","floor":39,"turns":5},{"damage":0,"enemies":"Giant Head","floor":40,"turns":10},{"damage":0,"enemies":"Spire Growth","floor":42,"turns":7},{"damage":0,"enemies":"Jaw Worm Horde","floor":45,"turns":4},{"damage":0,"enemies":"Donu and Deca","floor":50,"turns":6}],"seed_played":"-1917997646662804238","potions_obtained":[{"floor":1.0,"key":"Energy Potion"},{"floor":6.0,"key":"Strength Potion"},{"floor":7.0,"key":"PowerPotion"},{"floor":14.0,"key":"GamblersBrew"},{"floor":18.0,"key":"LiquidBronze"},{"floor":31,"key":"SpeedPotion"},{"floor":33,"key":"SkillPotion"},{"floor":39,"key":"Swift Potion"}],"is_trial":false,"path_per_floor":["M","?","$","M","M","E","M","R","T","?","$","R","M","M","R","B",null,"M","$","?","M","M","R","M","R","T","M","E","R","$","M","R","B",null,"M","$","?","?","M","E","R","M","T","R","M","?","R","?","R","B",null],"character_chosen":"DEFECT","items_purchased":["Loop","Runic Capacitor","Self Repair","Conserve Battery","Oddly Smooth Stone"],"campfire_rested":1,"item_purchase_floors":[3,3,30,30,36],"current_hp_per_floor":[75,75,75,68,67,28,17,17,17,17,17,39,39,39,39,4,75,75,75,75,75,75,75,74,74,81,62,48,48,48,55,55,62,82,82,82,82,82,82,82,82,82,82,82,82,82,82,82,82,82],"gold":533,"neow_bonus":"TRANSFORM_CARD","is_prod":false,"is_daily":false,"chose_seed":false,"campfire_upgraded":10,"win_rate":0,"timestamp":1555283430,"path_taken":["M","?","$","M","M","E","M","R","T","?","$","R","M","M","R","BOSS","M","$","?","M","M","R","M","R","T","?","E","R","$","M","R","BOSS","M","$","?","?","M","E","R","M","T","R","M","?","R","?","R","BOSS"],"build_version":"2019-01-23","purchased_purges":2,"victory":true,"max_hp_per_floor":[75,75,75,75,75,75,75,75,75,75,75,75,75,75,75,75,75,75,75,75,75,75,75,75,75,82,82,82,82,82,82,82,82,82,82,82,82,82,82,82,82,82,82,82,82,82,82,82,82,82],"card_choices":[{"not_picked":["Scrape","Coolheaded"],"picked":"Chaos","floor":1.0},{"not_picked":["Rebound","Sweeping Beam"],"picked":"Steam","floor":4.0},{"not_picked":["Coolheaded","Redo"],"picked":"Hologram","floor":5.0},{"not_picked":["Stack","Force Field"],"picked":"Reinforced Body","floor":6.0},{"not_picked":["Compile Driver","Scrape"],"picked":"Buffer","floor":7.0},{"not_picked":["Turbo","Streamline"],"picked":"White Noise","floor":13.0},{"not_picked":["Barrage","Ball Lightning"],"picked":"Conserve Battery","floor":14.0},{"not_picked":["Hyperbeam","Core Surge"],"picked":"Buffer","floor":16.0},{"not_picked":["Leap","Conserve Battery"],"picked":"Heatsinks","floor":18.0},{"not_picked":["Go for the Eyes","Rebound+1","Hologram"],"picked":"SKIP","floor":21},{"not_picked":["Steam Power+1","Rebound+1","Compile Driver+1"],"picked":"SKIP","floor":22},{"not_picked":["Beam Cell","Cold Snap"],"picked":"Multi-Cast","floor":24},{"not_picked":["Rebound","Go for the Eyes+1"],"picked":"Conserve Battery","floor":27},{"not_picked":["Hyperbeam","Conserve Battery+1"],"picked":"Glacier+1","floor":28},{"not_picked":["Genetic Algorithm","Beam Cell","Lockon"],"picked":"SKIP","floor":31},{"not_picked":["Electrodynamics","Fission"],"picked":"Creative AI","floor":33},{"not_picked":["Sweeping Beam","Scrape","Compile Driver"],"picked":"SKIP","floor":35},{"not_picked":["Stack","Go for the Eyes","Rebound+1"],"picked":"SKIP","floor":39},{"not_picked":["Stack+1","Lockon+1"],"picked":"Seek","floor":40},{"not_picked":["Compile Driver+1","Conserve Battery+1","Go for the Eyes+1"],"picked":"SKIP","floor":42},{"not_picked":["Rip and Tear+1","Rebound+1"],"picked":"Static Discharge","floor":45}],"player_experience":834015,"relics_obtained":[{"floor":6.0,"key":"Bag of Preparation"},{"floor":9.0,"key":"Lantern"},{"floor":26,"key":"Strawberry"},{"floor":28,"key":"Juzu Bracelet"},{"floor":38,"key":"FossilizedHelix"},{"floor":40,"key":"Gremlin Horn"}],"event_choices":[{"damage_healed":0.0,"max_hp_gain":0.0,"max_hp_loss":0.0,"gold_gain":175.0,"event_name":"Liars Game","player_choice":"AGREE","floor":2.0,"gold_loss":0.0,"damage_taken":0.0,"cards_obtained":["Doubt"]},{"damage_healed":0.0,"max_hp_gain":0.0,"max_hp_loss":0.0,"gold_gain":0.0,"event_name":"Golden Idol","player_choice":"Ignored","floor":10.0,"gold_loss":0.0,"damage_taken":0.0},{"damage_healed":0.0,"max_hp_gain":0.0,"max_hp_loss":0.0,"gold_gain":0.0,"event_name":"NoteForYourself","player_choice":"Ignored","floor":20.0,"gold_loss":0.0,"damage_taken":0.0},{"cards_removed":["Strike_B"],"damage_healed":0,"gold_gain":0,"player_choice":"Removed Attack","damage_taken":0,"max_hp_gain":0,"max_hp_loss":0,"event_name":"Falling","floor":37,"gold_loss":0},{"damage_healed":0,"gold_gain":0,"player_choice":"Fight","damage_taken":0,"max_hp_gain":0,"max_hp_loss":0,"event_name":"MindBloom","floor":38,"gold_loss":0},{"damage_healed":0,"gold_gain":300,"player_choice":"Gold","damage_taken":0,"max_hp_gain":0,"max_hp_loss":0,"event_name":"Wheel of Change","floor":46,"gold_loss":0},{"cards_removed":["Strike_B"],"damage_healed":0,"gold_gain":0,"player_choice":"Offered Basic","damage_taken":0,"max_hp_gain":0,"max_hp_loss":0,"event_name":"Bonfire Elementals","floor":48,"gold_loss":0}],"is_beta":false,"boss_relics":[{"not_picked":["Lizard Tail","Tiny House"],"picked":"Philosopher\u0027s Stone"},{"not_picked":["Empty Cage","Orrery"],"picked":"Coffee Dripper"}],"items_purged_floors":[11,19],"is_endless":false,"potions_floor_spawned":[1,6,7,14,16,18,24,31,33,38,39,40],"ascension_level":0}