{"gold_per_floor":[114,114,28,28,28,64,77,97,97,112,192,192,30,45,45,144,144,163,202,222,12,12,12,12,28,28,44,58,76,92,110,110,203,203,227,227,242,263,596,624,624,639,639,639,656,204,204,20,20,20,20],"floor_reached":51,"playtime":1957,"items_purged":["Strike_B","Strike_B"],"score":1487,"play_id":"bb4a22f1-0ae3-40cc-a615-16350fa511d3","local_time":"20181112123612","is_ascension_mode":true,"campfire_choices":[{"data":"Consume","floor":12.0,"key":"SMITH"},{"floor":15.0,"key":"REST"},{"data":"Capacitor","floor":23.0,"key":"SMITH"},{"data":"Amplify","floor":32.0,"key":"SMITH"},{"floor":44,"key":"RECALL"},{"data":"Apotheosis","floor":49,"key":"SMITH"}],"neow_cost":"NONE","seed_source_timestamp":4468585114503,"circlet_count":0,"master_deck":["AscendersBane","Defend_B","Defend_B","Defend_B","Defend_B","Zap","Dualcast","Self Repair+1","Amplify+1","Consume+1","Capacitor+1","Lockon","Electrodynamics","Chill","Heatsinks","Conserve Battery","Loop+1","Coolheaded","Biased Cognition","Glacier","Fission","Leap+1","Conserve Battery+1","Static Discharge","Apotheosis+1","Parasite","Defragment","Heatsinks"],"special_seed":0,"relics":["Cracked Core","NeowsBlessing","FossilizedHelix","Mummified Hand","Lantern","Regal Pillow","Coffee Dripper","Red Mask","Strawberry","Bottled Lightning","Cursed Key","Vajra","Cables"],"potions_floor_usage":[42,45],"damage_taken":[{"damage":0.0,"enemies":"2 Louse","floor":1.0,"turns":1.0},{"damage":0.0,"enemies":"Gremlin Nob","floor":6.0,"turns":1.0},{"damage":0.0,"enemies":"Small Slimes","floor":7.0,"turns":1.0},{"damage":2.0,"enemies":"Jaw Worm","floor":8.0,"turns":5.0},{"damage":0.0,"enemies":"Lots of Slimes","floor":10.0,"turns":2.0},{"damage":40.0,"enemies":"3 Sentries","floor":11.0,"turns":7.0},{"damage":21.0,"enemies":"Large Slime","floor":14.0,"turns":7.0},{"damage":18.0,"enemies":"Slime Boss","floor":16.0,"turns":8.0},{"damage":31.0,"enemies":"Shell Parasite","floor":18.0,"turns":6.0},{"damage":16.0,"enemies":"Masked Bandits","floor":19.0,"turns":3.0},{"damage":15.0,"enemies":"2 Thieves","floor":20.0,"turns":4.0},{"damage":29.0,"enemies":"Snake Plant","floor":25.0,"turns":4.0},{"damage":6.0,"enemies":"Centurion and Healer","floor":27.0,"turns":3.0},{"damage":12.0,"enemies":"Snecko","floor":28.0,"turns":5.0},{"damage":15.0,"enemies":"Shelled Parasite and Fungi","floor":29.0,"turns":6.0},{"damage":0.0,"enemies":"Sentry and Sphere","floor":30.0,"turns":4.0},{"damage":0.0,"enemies":"3 Cultists","floor":31.0,"turns":2.0},{"damage":24.0,"enemies":"Automaton","floor":33.0,"turns":13.0},{"damage":8.0,"enemies":"3 Shapes","floor":35.0,"turns":3.0},{"damage":0.0,"enemies":"Orb Walker","floor":37.0,"turns":3.0},{"damage":6.0,"enemies":"4 Shapes","floor":38.0,"turns":7.0},{"damage":0.0,"enemies":"Giant Head","floor":40.0,"turns":17.0},{"damage":20,"enemies":"Writhing Mass","floor":42,"turns":11},{"damage":15,"enemies":"Transient","floor":45,"turns":6},{"damage":0,"enemies":"Donu and Deca","floor":50,"turns":18},{"damage":109,"enemies":"Awakened One","floor":51,"turns":14}],"seed_played":"755695506624881178","potions_obtained":[{"floor":6.0,"key":"LiquidBronze"},{"floor":7.0,"key":"Explosive Potion"},{"floor":14.0,"key":"FearPotion"},{"floor":16.0,"key":"AttackPotion"},{"floor":20.0,"key":"FearPotion"},{"floor":28.0,"key":"Weak Potion"},{"floor":42,"key":"Weak Potion"}],"is_trial":false,"path_per_floor":["M","?","$","?","?","E","E","M","M","T","M","?","R","$","M","R","B",null,"M","?","M","$","?","R","?","M","T","M","M","M","M","M","R","B",null,"M","?","M","M","?","E","?","M","T","R","M","$","?","$","R","B","B"],"character_chosen":"DEFECT","items_purchased":["Self Repair","Regal Pillow","Loop","Strawberry","Defragment","Cables","Heatsinks"],"campfire_rested":1,"item_purchase_floors":[3,13,21,21,46,46,48],"current_hp_per_floor":[64,40,40,40,40,40,40,58,58,71,51,51,51,40,71,63,69,48,52,47,54,54,54,54,45,45,49,57,52,62,62,62,48,71,63,63,73,77,77,78,73,63,63,63,68,68,68,68,68,78,0],"gold":20,"neow_bonus":"THREE_ENEMY_KILL","is_prod":false,"is_daily":false,"chose_seed":false,"campfire_upgraded":4,"win_rate":0,"timestamp":1542022572,"path_taken":["M","?","$","?","?","E","M","M","T","M","?","R","$","M","R","BOSS","M","?","M","$","?","R","?","M","T","M","M","?","?","M","R","BOSS","M","?","M","?","?","E","?","M","T","R","M","$","?","$","R","BOSS","BOSS"],"build_version":"2018-11-08","purchased_purges":2,"victory":false,"max_hp_per_floor":[71,71,71,71,71,71,71,71,71,71,71,71,71,71,71,71,71,71,71,71,78,78,78,78,78,78,78,78,78,78,78,78,78,78,78,78,78,78,78,78,78,78,78,78,78,78,78,78,78,78,78],"card_choices":[{"not_picked":["Rebound","Scrape","Beam Cell"],"picked":"SKIP","floor":1.0},{"not_picked":["Conserve Battery","Rip and Tear"],"picked":"Amplify","floor":6.0},{"not_picked":["FTL","Genetic Algorithm","Leap"],"picked":"SKIP","floor":7.0},{"not_picked":["Reprogram","Rebound","Go for the Eyes"],"picked":"SKIP","floor":8.0},{"not_picked":["Turbo","Aggregate"],"picked":"Consume","floor":10.0},{"not_picked":["Steam Power","Core Surge"],"picked":"Capacitor","floor":11.0},{"not_picked":["Redo","Force Field"],"picked":"Lockon","floor":14.0},{"not_picked":["Buffer","Amplify"],"picked":"Electrodynamics","floor":16.0},{"not_picked":["Cold Snap","Gash"],"picked":"Chill","floor":18.0},{"not_picked":["Cold Snap","Compile Driver"],"picked":"Heatsinks","floor":19.0},{"not_picked":["Barrage","Beam Cell"],"picked":"Conserve Battery","floor":20.0},{"not_picked":["Melter","Compile Driver","Stack"],"picked":"SKIP","floor":25.0},{"not_picked":["Leap","Doom and Gloom"],"picked":"Coolheaded","floor":27.0},{"not_picked":["Sweeping Beam","Steam","Steam Power"],"picked":"SKIP","floor":28.0},{"not_picked":["Blizzard","Rebound"],"picked":"Biased Cognition","floor":29.0},{"not_picked":["Sweeping Beam","Barrage+1","Cold Snap"],"picked":"SKIP","floor":30.0},{"not_picked":["Compile Driver","Double Energy"],"picked":"Glacier","floor":31.0},{"not_picked":["Core Surge","Electrodynamics"],"picked":"Fission","floor":33.0},{"not_picked":["Sunder","Steam"],"picked":"Leap+1","floor":35.0},{"not_picked":["Chill+1","Rebound","Skim"],"picked":"SKIP","floor":37.0},{"not_picked":["Cold Snap+1","FTL"],"picked":"Conserve Battery+1","floor":38.0},{"not_picked":["FTL+1","Scrape"],"picked":"Static Discharge","floor":40.0},{"not_picked":["Dramatic Entrance","Finesse"],"picked":"Apotheosis","floor":41.0},{"not_picked":["Undo","Reinforced Body","Hologram"],"picked":"SKIP","floor":42},{"not_picked":["Glacier+1","Stack","Double Energy"],"picked":"SKIP","floor":45}],"player_experience":758140,"relics_obtained":[{"floor":6.0,"key":"FossilizedHelix"},{"floor":9.0,"key":"Mummified Hand"},{"floor":11.0,"key":"Lantern"},{"floor":19.0,"key":"Red Mask"},{"floor":26.0,"key":"Bottled Lightning"},{"floor":40.0,"key":"Vajra"}],"event_choices":[{"damage_healed":0.0,"max_hp_gain":0.0,"max_hp_loss":0.0,"gold_gain":0.0,"event_name":"Golden Idol","player_choice":"Take Damage","floor":2.0,"gold_loss":0.0,"damage_taken":24.0,"relics_obtained":["Golden Idol"]},{"damage_healed":0.0,"max_hp_gain":0.0,"max_hp_loss":0.0,"gold_gain":0.0,"event_name":"Living Wall","player_choice":"Grow","floor":4.0,"gold_loss":0.0,"damage_taken":0.0,"cards_upgraded":["Self Repair"]},{"damage_healed":0.0,"max_hp_gain":0.0,"max_hp_loss":0.0,"gold_gain":0.0,"event_name":"Shining Light","player_choice":"Ignored","floor":5.0,"gold_loss":0.0,"damage_taken":0.0},{"damage_healed":0.0,"max_hp_gain":0.0,"max_hp_loss":0.0,"gold_gain":0.0,"event_name":"Dead Adventurer","player_choice":"Searched \u00271\u0027 times","floor":11.0,"gold_loss":0.0,"damage_taken":0.0},{"damage_healed":0.0,"max_hp_gain":0.0,"max_hp_loss":0.0,"gold_gain":0.0,"event_name":"Masked Bandits","player_choice":"Fought Bandits","floor":19.0,"gold_loss":0.0,"damage_taken":0.0},{"damage_healed":0.0,"max_hp_gain":0.0,"max_hp_loss":0.0,"gold_gain":0.0,"event_name":"Ghosts","player_choice":"Ignored","floor":22.0,"gold_loss":0.0,"damage_taken":0.0},{"damage_healed":0.0,"max_hp_gain":0.0,"max_hp_loss":0.0,"gold_gain":0.0,"event_name":"Accursed Blacksmith","player_choice":"Forge","floor":24.0,"gold_loss":0.0,"damage_taken":0.0,"cards_upgraded":["Loop"]},{"cards_removed":["Strike_B"],"damage_healed":0.0,"max_hp_gain":0.0,"max_hp_loss":0.0,"gold_gain":0.0,"event_name":"Purifier","player_choice":"Purged","floor":36.0,"gold_loss":0.0,"damage_taken":0.0},{"damage_healed":0.0,"max_hp_gain":0.0,"max_hp_loss":0.0,"gold_gain":333.0,"event_name":"The Moai Head","player_choice":"Gave Idol","floor":39.0,"relics_lost":["Golden Idol"],"gold_loss":0.0,"damage_taken":0.0},{"damage_healed":0.0,"max_hp_gain":0.0,"max_hp_loss":0.0,"gold_gain":0.0,"event_name":"SensoryStone","player_choice":"Memory 2","floor":41.0,"gold_loss":0.0,"damage_taken":5.0},{"cards_removed":["Strike_B"],"damage_healed":0,"gold_gain":0,"player_choice":"Removed Attack","damage_taken":0,"max_hp_gain":0,"max_hp_loss":0,"event_name":"Falling","floor":47,"gold_loss":0}],"is_beta":true,"boss_relics":[{"not_picked":["Calling Bell","Velvet Choker"],"picked":"Coffee Dripper"},{"not_picked":["White Beast Statue","Black Star"],"picked":"Cursed Key"}],"items_purged_floors":[46,48],"is_endless":false,"potions_floor_spawned":[6,7,14,16,20,28,31,35,37,42],"killed_by":"Awakened One","ascension_level":20}