{"gold_per_floor":[209,24,42,7,27,27,52,52,79,94,114,138,152,152,152,226,226,236,252,35,35,35,35,48,75,75,101,101,101,119,43,43,114,114,128,128,128,142,90,125,125,125],"floor_reached":42,"playtime":1313,"items_purged":[],"score":862,"play_id":"5d67645d-e173-40fc-9765-fb61057bc689","local_time":"20190330131846","is_ascension_mode":true,"campfire_choices":[{"data":"Blade Dance","floor":6.0,"key":"SMITH"},{"data":"Blade Dance","floor":8.0,"key":"SMITH"},{"floor":15.0,"key":"REST"},{"data":"Accuracy","floor":23.0,"key":"SMITH"},{"data":"Blade Dance","floor":28.0,"key":"SMITH"},{"data":"Accuracy","floor":32.0,"key":"SMITH"},{"data":"Envenom","floor":41.0,"key":"SMITH"}],"neow_cost":"NONE","seed_source_timestamp":0,"circlet_count":0,"master_deck":["AscendersBane","Defend_G","Defend_G","Defend_G","Defend_G","Survivor","Neutralize","Accuracy+1","Infinite Blades","Blade Dance+1","Blade Dance+1","Glass Knife+1","Blade Dance+1","After Image","Accuracy+1","Bite","Bite","Bite","Bite","Bite+1","Blade Dance","Envenom+1","Well Laid Plans+1","Blade Dance"],"special_seed":0,"relics":["Ring of the Snake","Regal Pillow","Dream Catcher","Anchor","Lantern","Ornamental Fan","Lizard Tail","Ancient Tea Set","Whetstone","Ice Cream","Potion Belt","Orrery","Smiling Mask"],"potions_floor_usage":[],"damage_taken":[{"damage":3.0,"enemies":"Cultist","floor":1.0,"turns":4.0},{"damage":8.0,"enemies":"Jaw Worm","floor":3.0,"turns":7.0},{"damage":4.0,"enemies":"2 Louse","floor":5.0,"turns":4.0},{"damage":28.0,"enemies":"Lagavulin","floor":7.0,"turns":7.0},{"damage":1.0,"enemies":"Red Slaver","floor":10.0,"turns":3.0},{"damage":4.0,"enemies":"2 Fungi Beasts","floor":11.0,"turns":3.0},{"damage":0.0,"enemies":"Large Slime","floor":13.0,"turns":4.0},{"damage":24.0,"enemies":"Slime Boss","floor":16.0,"turns":6.0},{"damage":12.0,"enemies":"Chosen","floor":18.0,"turns":5.0},{"damage":20.0,"enemies":"Shell Parasite","floor":19.0,"turns":5.0},{"damage":9.0,"enemies":"Centurion and Healer","floor":24.0,"turns":5.0},{"damage":13.0,"enemies":"Slavers","floor":25.0,"turns":7.0},{"damage":20.0,"enemies":"Book of Stabbing","floor":27.0,"turns":5.0},{"damage":0.0,"enemies":"Chosen and Byrds","floor":30.0,"turns":5.0},{"damage":32.0,"enemies":"Automaton","floor":33.0,"turns":8.0},{"damage":36.0,"enemies":"3 Darklings","floor":35.0,"turns":4.0},{"damage":1.0,"enemies":"Orb Walker","floor":38.0,"turns":4.0},{"damage":38.0,"enemies":"Reptomancer","floor":40.0,"turns":8.0},{"damage":0,"enemies":"Nemesis","floor":42,"turns":1}],"seed_played":"4674036515567965242","potions_obtained":[{"floor":3.0,"key":"Ancient Potion"},{"floor":5.0,"key":"LiquidBronze"},{"floor":10.0,"key":"Fire Potion"},{"floor":16.0,"key":"Weak Potion"},{"floor":18.0,"key":"AttackPotion"},{"floor":25.0,"key":"Ancient Potion"},{"floor":27.0,"key":"Regen Potion"},{"floor":33.0,"key":"SneckoOil"},{"floor":38.0,"key":"SteroidPotion"}],"is_trial":false,"path_per_floor":["M","$","M","?","M","R","E","R","T","M","M","T","M","T","R","B",null,"M","M","$","?","?","R","M","E","T","E","R","?","M","$","R","B",null,"M","?","?","M","$","E","R","E"],"character_chosen":"THE_SILENT","items_purchased":["Regal Pillow","Accuracy","Accuracy","Ancient Tea Set","GhostInAJar","Energy Potion"],"campfire_rested":1,"item_purchase_floors":[2,2,20,20,31,39],"current_hp_per_floor":[56,56,48,64,60,60,32,32,32,31,27,27,27,27,61,37,59,47,27,27,27,46,46,46,43,43,28,28,28,39,39,39,44,46,16,16,16,26,26,30,30,30],"gold":125,"neow_bonus":"HUNDRED_GOLD","is_prod":false,"is_daily":false,"chose_seed":false,"campfire_upgraded":6,"win_rate":0,"timestamp":1553948326,"path_taken":["M","$","M","?","M","R","E","R","T","M","M","?","M","?","R","BOSS","M","M","$","?","?","R","?","E","T","E","R","?","M","$","R","BOSS","M","?","?","M","$","E","R","E"],"build_version":"2019-01-23","purchased_purges":0,"victory":false,"max_hp_per_floor":[66,66,66,66,66,66,66,66,66,66,66,66,66,66,66,66,66,66,66,66,46,46,46,46,46,46,46,46,46,46,46,46,46,46,46,46,46,46,46,46,46,46],"card_choices":[{"not_picked":["Outmaneuver","Reflex"],"picked":"Skewer","floor":1.0},{"not_picked":["Well Laid Plans","Predator"],"picked":"Infinite Blades","floor":3.0},{"not_picked":["Flying Knee","Choke"],"picked":"Blade Dance","floor":5.0},{"not_picked":["Leg Sweep","Phantasmal Killer"],"picked":"Blade Dance","floor":7.0},{"not_picked":["Sucker Punch","Underhanded Strike","Prepared"],"picked":"SKIP","floor":10.0},{"not_picked":["Masterful Stab","Backflip"],"picked":"Glass Knife","floor":11.0},{"not_picked":["Poisoned Stab","Bane","Slice"],"picked":"SKIP","floor":13.0},{"not_picked":["Outmaneuver","Endless Agony"],"picked":"Blade Dance","floor":15.0},{"not_picked":["A Thousand Cuts","Envenom"],"picked":"After Image","floor":16.0},{"not_picked":["Dodge and Roll+1","Riddle With Holes","Backflip"],"picked":"SKIP","floor":18.0},{"not_picked":["Outmaneuver","Terror","Bane"],"picked":"SKIP","floor":19.0},{"not_picked":["Deflect","Malaise","All Out Attack"],"picked":"SKIP","floor":24.0},{"not_picked":["Choke+1","Caltrops","Eviscerate+1"],"picked":"SKIP","floor":25.0},{"not_picked":["Blur","Backflip","Prepared"],"picked":"SKIP","floor":27.0},{"not_picked":["Skewer","Deadly Poison"],"picked":"Blade Dance","floor":30.0},{"not_picked":["Die Die Die","Burst"],"picked":"Envenom","floor":33.0},{"not_picked":["Escape Plan+1","Accuracy"],"picked":"Well Laid Plans+1","floor":34.0},{"not_picked":["Tactician","Setup"],"picked":"Blade Dance","floor":34.0},{"not_picked":["Endless Agony","Choke","Prepared"],"picked":"SKIP","floor":35.0},{"not_picked":["Poisoned Stab","Underhanded Strike","Predator"],"picked":"SKIP","floor":38.0},{"not_picked":["Bane","Riddle With Holes","Blade Dance"],"picked":"SKIP","floor":40.0}],"player_experience":813554,"relics_obtained":[{"floor":7.0,"key":"Dream Catcher"},{"floor":9.0,"key":"Anchor"},{"floor":12.0,"key":"Lantern"},{"floor":14.0,"key":"Ornamental Fan"},{"floor":25.0,"key":"Whetstone"},{"floor":26.0,"key":"Ice Cream"},{"floor":27.0,"key":"Potion Belt"},{"floor":40.0,"key":"Smiling Mask"}],"event_choices":[{"damage_healed":16.0,"max_hp_gain":0.0,"max_hp_loss":0.0,"gold_gain":0.0,"event_name":"The Cleric","player_choice":"Healed","floor":4.0,"gold_loss":35.0,"damage_taken":0.0},{"damage_healed":0.0,"max_hp_gain":0.0,"max_hp_loss":20.0,"gold_gain":0.0,"event_name":"Vampires","player_choice":"Became a vampire","floor":21.0,"gold_loss":0.0,"damage_taken":0.0,"cards_obtained":["Bite","Bite","Bite","Bite","Bite"]},{"cards_removed":["Skewer"],"damage_healed":19.0,"max_hp_gain":0.0,"max_hp_loss":0.0,"gold_gain":0.0,"event_name":"Bonfire Elementals","player_choice":"Offered Uncommon","floor":22.0,"gold_loss":0.0,"damage_taken":0.0},{"damage_healed":0.0,"max_hp_gain":0.0,"max_hp_loss":0.0,"gold_gain":0.0,"event_name":"The Moai Head","player_choice":"Ignored","floor":36.0,"gold_loss":0.0,"damage_taken":0.0},{"cards_removed":["Defend_G"],"damage_healed":0.0,"max_hp_gain":0.0,"max_hp_loss":0.0,"gold_gain":0.0,"event_name":"Falling","player_choice":"Removed Skill","floor":37.0,"gold_loss":0.0,"damage_taken":0.0}],"is_beta":false,"boss_relics":[{"not_picked":["Coffee Dripper","Runic Pyramid"],"picked":"Lizard Tail"},{"not_picked":["Pandora\u0027s Box","Eternal Feather"],"picked":"Orrery"}],"items_purged_floors":[],"is_endless":false,"potions_floor_spawned":[3,5,10,16,18,25,27,33,38],"killed_by":"Nemesis","ascension_level":15}