{"gold_per_floor":[118,193,193,209,174,207,207,207,207,207,227,243,243],"floor_reached":13,"playtime":169,"items_purged":[],"score":211,"play_id":"d839739f-a9a4-4351-82b1-6ec98955da2b","local_time":"20181104134127","is_ascension_mode":true,"campfire_choices":[{"data":"Neutralize","floor":7,"key":"SMITH"},{"data":"Survivor","floor":10,"key":"SMITH"}],"neow_cost":"NONE","seed_source_timestamp":98500086817444,"circlet_count":0,"master_deck":["AscendersBane","Defend_G","Defend_G","Defend_G","Defend_G","Defend_G","Strike_G","Strike_G","Strike_G","Strike_G","Strike_G","Survivor+1","Neutralize+1","Grand Finale+1","Blade Dance","Finisher"],"relics":["Ring of the Snake","NeowsBlessing","Golden Idol","Prayer Wheel","Vajra"],"potions_floor_usage":[],"damage_taken":[{"damage":0,"enemies":"Jaw Worm","floor":1,"turns":1},{"damage":0,"enemies":"2 Louse","floor":4,"turns":1},{"damage":0,"enemies":"Lagavulin","floor":6,"turns":1},{"damage":0,"enemies":"Cultist","floor":11,"turns":4},{"damage":4,"enemies":"Blue Slaver","floor":12,"turns":5}],"seed_played":"-5862486277049759291","potions_obtained":[{"floor":4,"key":"Strength Potion"},{"floor":12,"key":"PowerPotion"}],"is_trial":false,"path_per_floor":["M","?","?","M","?","E","R","?","T","R","M","M","$"],"character_chosen":"THE_SILENT","items_purchased":[],"campfire_rested":0,"item_purchase_floors":[],"current_hp_per_floor":[59,48,25,25,41,41,41,41,41,41,41,37,37],"gold":243,"neow_bonus":"THREE_ENEMY_KILL","is_prod":false,"is_daily":false,"chose_seed":false,"campfire_upgraded":2,"win_rate":0,"timestamp":1541335287,"path_taken":["M","?","?","M","?","E","R","?","T","R","?","M","$"],"build_version":"2018-11-02","purchased_purges":0,"victory":false,"max_hp_per_floor":[66,66,66,66,66,66,66,66,66,66,66,66,66],"card_choices":[{"not_picked":["Acrobatics","Prepared","Underhanded Strike"],"picked":"SKIP","floor":1},{"not_picked":["Expertise","Outmaneuver","Acrobatics"],"picked":"SKIP","floor":4},{"not_picked":["Dash","Acrobatics"],"picked":"Grand Finale","floor":6},{"not_picked":["PiercingWail","Dagger Spray","Dodge and Roll"],"picked":"SKIP","floor":11},{"not_picked":["Noxious Fumes","Cloak And Dagger","All Out Attack"],"picked":"SKIP","floor":11},{"not_picked":["Endless Agony","Underhanded Strike"],"picked":"Blade Dance","floor":12},{"not_picked":["Underhanded Strike","Noxious Fumes"],"picked":"Finisher","floor":12}],"player_experience":738214,"relics_obtained":[{"floor":6,"key":"Prayer Wheel"},{"floor":9,"key":"Vajra"}],"event_choices":[{"damage_healed":0,"gold_gain":75,"player_choice":"Gather Gold","damage_taken":11,"max_hp_gain":0,"max_hp_loss":0,"event_name":"World of Goop","floor":2,"gold_loss":0},{"damage_healed":0,"gold_gain":0,"player_choice":"Take Damage","damage_taken":23,"relics_obtained":["Golden Idol"],"max_hp_gain":0,"max_hp_loss":0,"event_name":"Golden Idol","floor":3,"gold_loss":0},{"damage_healed":16,"gold_gain":0,"player_choice":"Healed","damage_taken":0,"max_hp_gain":0,"max_hp_loss":0,"event_name":"The Cleric","floor":5,"gold_loss":35},{"damage_healed":0,"gold_gain":0,"player_choice":"Upgraded","damage_taken":0,"max_hp_gain":0,"max_hp_loss":0,"event_name":"Upgrade Shrine","floor":8,"gold_loss":0,"cards_upgraded":["Grand Finale"]}],"is_beta":true,"boss_relics":[],"items_purged_floors":[],"is_endless":false,"potions_floor_spawned":[4,12],"ascension_level":19}