{"gold_per_floor":[111,111,111,122,297,297,315,240,290,317,141,141,159,170,170,271,271,291,309,323,323,248,248,248,273,273,273,288,303,328,338,338,437,437,447,495,513,513,527,562,562,597,624,624,48,48,48,80,80,80],"floor_reached":51,"playtime":1814,"items_purged":["Doubt","Normality","Regret"],"score":1098,"play_id":"3ea6d262-f2da-4832-835b-9c517a873be6","local_time":"20661003093154","is_ascension_mode":true,"campfire_choices":[{"data":"Eruption","floor":6.0,"key":"SMITH"},{"data":"TalkToTheHand","floor":15.0,"key":"SMITH"},{"data":"Tantrum","floor":23.0,"key":"SMITH"},{"data":"SignatureMove","floor":32.0,"key":"SMITH"},{"data":"CutThroughFate","floor":41.0,"key":"SMITH"},{"floor":44.0,"key":"REST"},{"data":"FlurryOfBlows","floor":49.0,"key":"SMITH"}],"neow_cost":"NONE","seed_source_timestamp":0,"circlet_count":0,"master_deck":["Strike_P+1","Strike_P+1","Strike_P+1","Eruption+1","Vigilance","EmptyFist","FollowUp","CutThroughFate+1","Tantrum+1","FollowUp","TalkToTheHand+1","SignatureMove+1","FlurryOfBlows+1","WaveOfTheHand","Parasite","Halt+1","Trip"],"special_seed":0,"relics":["Cursed Key","Whetstone","StrikeDummy","Busted Crown","Turnip","Akabeko","GoldenEye","Mercury Hourglass","Runic Pyramid","Unceasing Top","WingedGreaves","Blood Vial","Vajra","FossilizedHelix","PreservedInsect","Happy Flower"],"potions_floor_usage":[50,50],"damage_taken":[{"damage":1.0,"enemies":"2 Louse","floor":1.0,"turns":2.0},{"damage":2.0,"enemies":"Jaw Worm","floor":4.0,"turns":2.0},{"damage":2.0,"enemies":"Small Slimes","floor":7.0,"turns":2.0},{"damage":25.0,"enemies":"3 Sentries","floor":10.0,"turns":6.0},{"damage":0.0,"enemies":"Blue Slaver","floor":13.0,"turns":2.0},{"damage":0.0,"enemies":"Large Slime","floor":14.0,"turns":1.0},{"damage":0.0,"enemies":"Hexaghost","floor":16.0,"turns":5.0},{"damage":0.0,"enemies":"Spheric Guardian","floor":18.0,"turns":1.0},{"damage":0.0,"enemies":"Shell Parasite","floor":19.0,"turns":1.0},{"damage":0.0,"enemies":"Snake Plant","floor":20.0,"turns":3.0},{"damage":0.0,"enemies":"Gremlin Leader","floor":25.0,"turns":2.0},{"damage":6.0,"enemies":"Centurion and Healer","floor":28.0,"turns":2.0},{"damage":0.0,"enemies":"Cultist and Chosen","floor":29.0,"turns":2.0},{"damage":14.0,"enemies":"Slavers","floor":30.0,"turns":2.0},{"damage":0.0,"enemies":"Sentry and Sphere","floor":31.0,"turns":2.0},{"damage":36.0,"enemies":"Champ","floor":33.0,"turns":5.0},{"damage":17.0,"enemies":"3 Shapes","floor":35.0,"turns":2.0},{"damage":16.0,"enemies":"2 Orb Walkers","floor":36.0,"turns":2.0},{"damage":0.0,"enemies":"Orb Walker","floor":37.0,"turns":2.0},{"damage":4.0,"enemies":"Sphere and 2 Shapes","floor":39.0,"turns":3.0},{"damage":0.0,"enemies":"Reptomancer","floor":40.0,"turns":3.0},{"damage":0.0,"enemies":"Giant Head","floor":42.0,"turns":5.0},{"damage":0.0,"enemies":"Nemesis","floor":48.0,"turns":1.0},{"damage":36,"enemies":"Donu and Deca","floor":50,"turns":4}],"seed_played":"-5679775345507615897","potions_obtained":[{"floor":4.0,"key":"LiquidBronze"},{"floor":13.0,"key":"FearPotion"},{"floor":14.0,"key":"AttackPotion"},{"floor":18.0,"key":"Ambrosia"},{"floor":19.0,"key":"SkillPotion"},{"floor":28.0,"key":"Energy Potion"},{"floor":30.0,"key":"EssenceOfSteel"},{"floor":31.0,"key":"Regen Potion"},{"floor":36.0,"key":"Energy Potion"},{"floor":40.0,"key":"Block Potion"}],"is_trial":false,"path_per_floor":["M","?","?","M","?","R","M","$","T","E","$","?","M","M","R","B",null,"M","M","M","?","?","R","?","E","T","?","M","M","E","M","R","B",null,"M","?","M","?","M","E","R","E","T","R","$","?","?","E","R","B",null],"character_chosen":"WATCHER","items_purchased":["Tantrum","FossilizedHelix","PreservedInsect"],"campfire_rested":1,"item_purchase_floors":[11,45,45],"current_hp_per_floor":[71,57,57,55,55,55,53,53,53,28,28,21,21,21,21,21,72,72,72,72,72,72,72,72,72,72,72,66,66,52,52,52,16,72,55,39,39,39,35,35,35,35,35,56,56,56,56,58,58,36],"gold":80,"neow_bonus":"BOSS_RELIC","is_prod":false,"is_daily":false,"chose_seed":false,"campfire_upgraded":6,"win_rate":0,"timestamp":3053291514,"path_taken":["M","?","?","M","?","R","?","$","T","E","$","?","M","M","R","BOSS","M","M","M","?","?","R","?","E","T","?","M","M","E","M","R","BOSS","M","?","M","?","M","E","R","E","T","R","$","?","?","E","R","BOSS"],"build_version":"2019-09-27","purchased_purges":3,"victory":true,"max_hp_per_floor":[72,72,72,72,72,72,72,72,72,72,72,72,72,72,72,72,72,72,72,72,72,72,72,72,72,72,72,72,72,72,72,72,72,72,72,72,72,72,72,72,72,72,72,72,72,72,72,72,72,72],"card_choices":[{"not_picked":["Halt","FlyingSleeves","SpiritShield"],"picked":"SKIP","floor":1.0},{"not_picked":["Crescendo","DeusExMachina"],"picked":"EmptyFist","floor":4.0},{"not_picked":["EmptyMind","ThirdEye"],"picked":"FollowUp","floor":7.0},{"not_picked":["Alpha","Protect"],"picked":"CutThroughFate","floor":10.0},{"not_picked":["MasterReality","FlyingSleeves"],"picked":"FollowUp","floor":13.0},{"not_picked":["SandsOfTime","Protect"],"picked":"TalkToTheHand","floor":14.0},{"not_picked":["ReachHeaven","Nirvana"],"picked":"SignatureMove","floor":16.0},{"not_picked":[],"picked":"FlurryOfBlows","floor":18.0},{"not_picked":["FlyingSleeves"],"picked":"SKIP","floor":19.0},{"not_picked":["WreathOfFlame"],"picked":"SKIP","floor":20.0},{"not_picked":[],"picked":"WaveOfTheHand","floor":25.0},{"not_picked":["FlowState"],"picked":"SKIP","floor":28.0},{"not_picked":["Weave"],"picked":"SKIP","floor":29.0},{"not_picked":["SashWhip"],"picked":"SKIP","floor":30.0},{"not_picked":["CarveReality"],"picked":"SKIP","floor":31.0},{"not_picked":[],"picked":"Halt+1","floor":35.0},{"not_picked":["Weave+1"],"picked":"SKIP","floor":37.0},{"not_picked":["BowlingBash"],"picked":"SKIP","floor":39.0},{"not_picked":["FlyingSleeves"],"picked":"SKIP","floor":40.0},{"not_picked":["Prostrate"],"picked":"SKIP","floor":42.0},{"not_picked":[],"picked":"Trip","floor":47.0},{"not_picked":["ClearTheMind+1"],"picked":"SKIP","floor":48.0}],"player_experience":567776,"relics_obtained":[{"floor":9.0,"key":"Whetstone"},{"floor":10.0,"key":"StrikeDummy"},{"floor":25.0,"key":"Turnip"},{"floor":26.0,"key":"Akabeko"},{"floor":30.0,"key":"Mercury Hourglass"},{"floor":36.0,"key":"Unceasing Top"},{"floor":40.0,"key":"WingedGreaves"},{"floor":42.0,"key":"Blood Vial"},{"floor":43.0,"key":"Vajra"},{"floor":48.0,"key":"Happy Flower"}],"event_choices":[{"damage_healed":0.0,"max_hp_gain":0.0,"max_hp_loss":0.0,"gold_gain":0.0,"event_name":"Shining Light","player_choice":"Entered Light","floor":2.0,"gold_loss":0.0,"damage_taken":14.0,"cards_upgraded":["Strike_P","Strike_P"]},{"cards_removed":["Defend_P"],"damage_healed":0.0,"max_hp_gain":0.0,"max_hp_loss":0.0,"gold_gain":0.0,"event_name":"Living Wall","player_choice":"Forget","floor":3.0,"gold_loss":0.0,"damage_taken":0.0},{"damage_healed":0.0,"max_hp_gain":0.0,"max_hp_loss":0.0,"gold_gain":175.0,"event_name":"Liars Game","player_choice":"AGREE","floor":5.0,"gold_loss":0.0,"damage_taken":0.0,"cards_obtained":["Doubt"]},{"cards_removed":["Defend_P"],"damage_healed":0.0,"max_hp_gain":0.0,"max_hp_loss":0.0,"gold_gain":0.0,"event_name":"Golden Wing","player_choice":"Card Removal","floor":12.0,"gold_loss":0.0,"damage_taken":7.0},{"cards_removed":["Defend_P"],"damage_healed":0.0,"max_hp_gain":0.0,"max_hp_loss":0.0,"gold_gain":0.0,"event_name":"Back to Basics","player_choice":"Elegance","floor":21.0,"gold_loss":0.0,"damage_taken":0.0},{"cards_removed":["Defend_P"],"damage_healed":0.0,"max_hp_gain":0.0,"max_hp_loss":0.0,"gold_gain":0.0,"event_name":"Beggar","player_choice":"Gave Gold","floor":22.0,"gold_loss":75.0,"damage_taken":0.0},{"damage_healed":0.0,"max_hp_gain":0.0,"max_hp_loss":0.0,"gold_gain":0.0,"event_name":"Vampires","player_choice":"Ignored","floor":24.0,"gold_loss":0.0,"damage_taken":0.0},{"damage_healed":0.0,"max_hp_gain":0.0,"max_hp_loss":0.0,"gold_gain":0.0,"event_name":"The Mausoleum","player_choice":"Opened","floor":27.0,"gold_loss":0.0,"damage_taken":0.0,"relics_obtained":["GoldenEye"]},{"damage_healed":0.0,"max_hp_gain":0.0,"max_hp_loss":0.0,"gold_gain":0.0,"event_name":"Mysterious Sphere","player_choice":"Fight","floor":36.0,"gold_loss":0.0,"damage_taken":0.0},{"damage_healed":0.0,"max_hp_gain":0.0,"max_hp_loss":0.0,"gold_gain":0.0,"event_name":"Tomb of Lord Red Mask","player_choice":"Ignored","floor":38.0,"gold_loss":0.0,"damage_taken":0.0},{"cards_removed":["Strike_P"],"damage_healed":0.0,"max_hp_gain":0.0,"max_hp_loss":0.0,"gold_gain":0.0,"event_name":"Falling","player_choice":"Removed Attack","floor":46.0,"gold_loss":0.0,"damage_taken":0.0},{"damage_healed":0.0,"max_hp_gain":0.0,"max_hp_loss":0.0,"gold_gain":0.0,"event_name":"SensoryStone","player_choice":"Memory 1","floor":47.0,"gold_loss":0.0,"damage_taken":0.0}],"is_beta":true,"boss_relics":[{"not_picked":["VioletLotus","Velvet Choker"],"picked":"Busted Crown"},{"not_picked":["Sozu","Coffee Dripper"],"picked":"Runic Pyramid"}],"items_purged_floors":[8,11,45],"is_endless":false,"potions_floor_spawned":[4,13,14,18,19,28,30,31,36,40,48],"ascension_level":4}