{"gold_per_floor":[114,114,124,134,59,93,93,93,164,193,208,208,208,233,233,233],"floor_reached":16,"playtime":931,"items_purged":["Defend_G"],"score":143,"play_id":"800c00d5-04ee-456a-bdc9-88156227f130","local_time":"20180723194115","is_ascension_mode":false,"campfire_choices":[{"data":"Dodge and Roll","floor":7,"key":"SMITH"},{"floor":13,"key":"REST"},{"data":"Prepared","floor":15,"key":"SMITH"}],"neow_cost":"NONE","seed_source_timestamp":39265614930435,"circlet_count":0,"master_deck":["Defend_G","Defend_G","Defend_G","Strike_G","Strike_G","Strike_G","Strike_G","Strike_G","Survivor","Neutralize+1","Backflip","Dodge and Roll+1","Backflip","Dagger Spray","Prepared+1","Dagger Throw"],"relics":["Ring of the Snake","Boot","Dodecahedron","Anchor","Orichalcum"],"potions_floor_usage":[10,14,16,16],"damage_taken":[{"damage":2,"enemies":"Small Slimes","floor":1,"turns":4},{"damage":0,"enemies":"2 Louse","floor":3,"turns":3},{"damage":6,"enemies":"Cultist","floor":4,"turns":4},{"damage":20,"enemies":"3 Sentries","floor":6,"turns":13},{"damage":25,"enemies":"Lagavulin","floor":10,"turns":8},{"damage":2,"enemies":"Exordium Thugs","floor":11,"turns":5},{"damage":0,"enemies":"3 Sentries","floor":14,"turns":7},{"damage":37,"enemies":"Slime Boss","floor":16,"turns":9}],"seed_played":"-3066258979612207225","potions_obtained":[{"floor":4,"key":"FearPotion"},{"floor":6,"key":"EssenceOfSteel"},{"floor":10,"key":"AttackPotion"},{"floor":11,"key":"Poison Potion"},{"floor":14,"key":"SteroidPotion"}],"is_trial":false,"path_per_floor":["M","?","M","M","$","E","R","$","T","E","M","?","R","E","R"],"character_chosen":"THE_SILENT","items_purchased":[],"campfire_rested":1,"item_purchase_floors":[],"current_hp_per_floor":[68,68,68,62,62,42,42,42,42,17,15,15,36,36,36,0],"gold":233,"neow_bonus":"UPGRADE_CARD","is_prod":false,"is_daily":false,"chose_seed":false,"campfire_upgraded":2,"win_rate":0,"timestamp":1532346075,"path_taken":["M","?","M","M","$","E","R","$","T","E","M","?","R","E","R","BOSS"],"build_version":"2018-07-19v2","purchased_purges":1,"victory":false,"max_hp_per_floor":[70,70,70,70,70,70,70,70,70,70,70,70,70,70,70,70],"card_choices":[{"not_picked":["Masterful Stab","Bane"],"picked":"Backflip","floor":1},{"not_picked":["Flying Knee","Bane","Accuracy"],"picked":"SKIP","floor":3},{"not_picked":["Quick Slash","Deadly Poison"],"picked":"Dodge and Roll","floor":4},{"not_picked":["Outmaneuver","Setup"],"picked":"Backflip","floor":6},{"not_picked":["Caltrops","Escape Plan"],"picked":"Dagger Spray","floor":10},{"not_picked":["Sucker Punch","Unload"],"picked":"Prepared","floor":11},{"not_picked":["Tactician","Setup"],"picked":"Dagger Throw","floor":14}],"player_experience":193217,"relics_obtained":[{"floor":6,"key":"Boot"},{"floor":9,"key":"Dodecahedron"},{"floor":10,"key":"Anchor"},{"floor":14,"key":"Orichalcum"}],"event_choices":[{"event_name":"Living Wall","player_choice":"Forget","floor":2,"damage_taken":0},{"event_name":"The Woman in Blue","player_choice":"Bought 0 Potions","floor":12,"damage_taken":0}],"is_beta":false,"boss_relics":[],"items_purged_floors":[5],"is_endless":false,"potions_floor_spawned":[4,6,10,11,14],"killed_by":"Slime Boss","ascension_level":0}