{"gold_per_floor":[15,28,38,56,75,75,23,38,65,95,105,105,122,135,135,135],"floor_reached":16,"playtime":379,"items_purged":[],"score":205,"play_id":"70b1870c-f4cf-405c-af0f-7b73cd28bf59","local_time":"20181016160748","is_ascension_mode":true,"campfire_choices":[{"data":"Bludgeon","floor":6.0,"key":"SMITH"},{"data":"Flex","floor":12.0,"key":"SMITH"},{"data":"Perfected Strike","floor":15.0,"key":"SMITH"}],"neow_cost":"NO_GOLD","seed_source_timestamp":16189636967051,"circlet_count":0,"master_deck":["Strike_R","Strike_R","Strike_R","Strike_R","Strike_R","Defend_R","Defend_R","Defend_R","Defend_R","Bash","AscendersBane","Bludgeon+1","Flex+1","Perfected Strike+1","Cleave","Perfected Strike","Spot Weakness","Reaper","Flex","Pommel Strike"],"special_seed":0,"relics":["Burning Blood","Anchor","Oddly Smooth Stone"],"potions_floor_usage":[],"damage_taken":[{"damage":1.0,"enemies":"Cultist","floor":1.0,"turns":3.0},{"damage":0.0,"enemies":"2 Louse","floor":2.0,"turns":3.0},{"damage":12.0,"enemies":"Jaw Worm","floor":3.0,"turns":2.0},{"damage":13.0,"enemies":"3 Louse","floor":4.0,"turns":3.0},{"damage":16.0,"enemies":"Exordium Thugs","floor":5.0,"turns":4.0},{"damage":7.0,"enemies":"Lots of Slimes","floor":8.0,"turns":2.0},{"damage":20.0,"enemies":"3 Sentries","floor":10.0,"turns":6.0},{"damage":0.0,"enemies":"Exordium Wildlife","floor":11.0,"turns":2.0},{"damage":0.0,"enemies":"2 Fungi Beasts","floor":13.0,"turns":2.0},{"damage":19.0,"enemies":"Exordium Thugs","floor":14.0,"turns":4.0},{"damage":58,"enemies":"Hexaghost","floor":16,"turns":8}],"seed_played":"-8177828886275581319","potions_obtained":[{"floor":3.0,"key":"SteroidPotion"},{"floor":4.0,"key":"Explosive Potion"},{"floor":11.0,"key":"Swift Potion"},{"floor":13.0,"key":"Fire Potion"}],"is_trial":false,"path_per_floor":["M","M","M","M","M","R","$","M","T","E","M","R","M","M","R"],"character_chosen":"IRONCLAD","items_purchased":["Cleave"],"campfire_rested":0,"item_purchase_floors":[7],"current_hp_per_floor":[73,75,69,62,52,52,52,51,51,37,43,43,49,52,52,0],"gold":135,"neow_bonus":"THREE_RARE_CARDS","is_prod":false,"is_daily":false,"chose_seed":false,"campfire_upgraded":3,"win_rate":0,"timestamp":1539698868,"path_taken":["M","M","M","?","M","R","?","M","T","E","M","R","M","M","R","BOSS"],"build_version":"2018-10-15v2","purchased_purges":0,"victory":false,"max_hp_per_floor":[75,75,75,75,75,75,75,75,75,75,75,75,75,75,75,75],"card_choices":[{"not_picked":["Dark Embrace","Berserk"],"picked":"Bludgeon","floor":0.0},{"not_picked":["Warcry","Shrug It Off","Second Wind"],"picked":"SKIP","floor":1.0},{"not_picked":["Entrench","Metallicize"],"picked":"Flex","floor":2.0},{"not_picked":["Clothesline","Blood for Blood"],"picked":"Perfected Strike","floor":3.0},{"not_picked":["Battle Trance","Seeing Red","Body Slam"],"picked":"SKIP","floor":4.0},{"not_picked":["True Grit","Fire Breathing","Shockwave"],"picked":"SKIP","floor":5.0},{"not_picked":["Evolve","Heavy Blade"],"picked":"Perfected Strike","floor":8.0},{"not_picked":["Uppercut","Entrench"],"picked":"Spot Weakness","floor":10.0},{"not_picked":["Armaments","Battle Trance"],"picked":"Reaper","floor":11.0},{"not_picked":["Sentinel","Havoc"],"picked":"Flex","floor":13.0},{"not_picked":["Dropkick","Armaments"],"picked":"Pommel Strike","floor":14.0}],"player_experience":690922,"relics_obtained":[{"floor":9.0,"key":"Anchor"},{"floor":10.0,"key":"Oddly Smooth Stone"}],"event_choices":[],"is_beta":true,"boss_relics":[],"items_purged_floors":[],"is_endless":false,"potions_floor_spawned":[3,4,5,11,13],"killed_by":"Hexaghost","ascension_level":18}