{"gold_per_floor":[112,112,132,152,152,184,184,214,263,263,280,48,48,48,48,125,125,143,143,161,61,81,81,92,92,92,92,92,92,104,104,104,178,178,189,205,217,57,0,35,55,72,72,91,91,118,118,136,136,136],"floor_reached":50,"playtime":1018,"items_purged":["Defend_R","Defend_R"],"score":1174,"play_id":"ccd33945-f019-418c-8258-bf2614952aa0","local_time":"20190417161554","is_ascension_mode":true,"campfire_choices":[{"floor":7.0,"key":"REST"},{"floor":10.0,"key":"REST"},{"data":"Inflame","floor":15.0,"key":"SMITH"},{"data":"Limit Break","floor":23.0,"key":"SMITH"},{"data":"Demon Form","floor":25.0,"key":"SMITH"},{"data":"Bash","floor":29.0,"key":"SMITH"},{"floor":32.0,"key":"REST"},{"floor":45,"key":"REST"},{"floor":49,"key":"REST"}],"neow_cost":"NONE","seed_source_timestamp":105497395148047,"circlet_count":0,"master_deck":["AscendersBane","Strike_R","Strike_R","Strike_R","Strike_R","Strike_R","Bash+1","Flex+1","Cleave+1","Immolate+1","Inflame+1","Limit Break+1","Heavy Blade+1","Dual Wield","Pummel+1","Demon Form+1","Flex+1","Bludgeon+1","Heavy Blade+1","Offering","Flex+1"],"special_seed":0,"relics":["Burning Blood","NeowsBlessing","Molten Egg 2","Juzu Bracelet","Bronze Scales","Happy Flower","Runic Dome","FossilizedHelix","Sozu","Pen Nib","Red Mask","Bottled Tornado","Regal Pillow","Du-Vu Doll"],"potions_floor_usage":[44],"damage_taken":[{"damage":0.0,"enemies":"2 Louse","floor":1.0,"turns":2.0},{"damage":0.0,"enemies":"Cultist","floor":3.0,"turns":1.0},{"damage":0.0,"enemies":"Jaw Worm","floor":4.0,"turns":1.0},{"damage":52.0,"enemies":"Lagavulin","floor":6.0,"turns":7.0},{"damage":39.0,"enemies":"Gremlin Nob","floor":8.0,"turns":4.0},{"damage":5.0,"enemies":"2 Fungi Beasts","floor":11.0,"turns":3.0},{"damage":15.0,"enemies":"Slime Boss","floor":16.0,"turns":6.0},{"damage":6.0,"enemies":"Spheric Guardian","floor":18.0,"turns":3.0},{"damage":9.0,"enemies":"3 Byrds","floor":20.0,"turns":2.0},{"damage":21.0,"enemies":"Shelled Parasite and Fungi","floor":22.0,"turns":2.0},{"damage":9.0,"enemies":"Centurion and Healer","floor":24.0,"turns":4.0},{"damage":0.0,"enemies":"Sentry and Sphere","floor":30.0,"turns":2.0},{"damage":0.0,"enemies":"Champ","floor":33.0,"turns":6.0},{"damage":16.0,"enemies":"Orb Walker","floor":35.0,"turns":3.0},{"damage":22.0,"enemies":"3 Darklings","floor":36.0,"turns":3.0},{"damage":0.0,"enemies":"Transient","floor":37.0,"turns":6.0},{"damage":22.0,"enemies":"Reptomancer","floor":40.0,"turns":3.0},{"damage":12,"enemies":"Writhing Mass","floor":41,"turns":3},{"damage":18,"enemies":"Jaw Worm Horde","floor":42,"turns":2},{"damage":21,"enemies":"3 Darklings","floor":44,"turns":3},{"damage":19,"enemies":"Giant Head","floor":46,"turns":4},{"damage":0,"enemies":"Transient","floor":48,"turns":5},{"damage":86,"enemies":"Awakened One","floor":50,"turns":3}],"seed_played":"8952947813702142821","potions_obtained":[{"floor":3.0,"key":"LiquidBronze"},{"floor":8.0,"key":"PowerPotion"},{"floor":14.0,"key":"Energy Potion"},{"floor":18.0,"key":"AttackPotion"},{"floor":22.0,"key":"BloodPotion"},{"floor":33.0,"key":"AttackPotion"}],"is_trial":false,"path_per_floor":["M","?","M","M","?","E","R","E","T","R","M","$","?","?","R","B",null,"M","?","M","$","M","R","M","R","T","T","?","R","M","?","R","B",null,"M","M","M","$","?","E","M","M","T","M","R","E","?","M","R","B"],"character_chosen":"IRONCLAD","items_purchased":["Happy Flower","Pen Nib"],"campfire_rested":5,"item_purchase_floors":[12,38],"current_hp_per_floor":[74,74,75,75,75,29,51,18,18,40,41,41,41,41,41,32,64,64,64,61,61,46,46,43,43,43,43,43,43,49,49,71,75,75,65,49,55,55,55,39,33,21,21,13,50,37,37,43,75,0],"gold":136,"neow_bonus":"THREE_ENEMY_KILL","is_prod":false,"is_daily":false,"chose_seed":false,"campfire_upgraded":4,"win_rate":0,"timestamp":1555510554,"path_taken":["M","?","M","?","?","E","R","E","T","R","M","$","?","?","R","BOSS","M","?","M","$","M","R","M","R","T","?","?","R","M","?","R","BOSS","M","M","M","$","?","E","M","M","T","M","R","E","?","M","R","BOSS"],"build_version":"2019-01-23","purchased_purges":2,"victory":false,"max_hp_per_floor":[75,75,75,75,75,75,75,75,75,75,75,75,75,75,75,75,75,75,75,75,75,75,75,75,75,75,75,75,75,75,75,75,75,75,75,75,75,75,75,75,75,75,75,75,75,75,75,75,75,75],"card_choices":[{"not_picked":["Iron Wave","Perfected Strike"],"picked":"Flex","floor":1.0},{"not_picked":["Thunderclap","Second Wind"],"picked":"Cleave","floor":3.0},{"not_picked":["Blood for Blood","Cleave","Pommel Strike"],"picked":"SKIP","floor":4.0},{"not_picked":["Ghostly Armor","Flex"],"picked":"Immolate","floor":6.0},{"not_picked":["True Grit","Havoc"],"picked":"Inflame","floor":8.0},{"not_picked":["Havoc","Thunderclap+1","Shrug It Off"],"picked":"SKIP","floor":11.0},{"not_picked":["Exhume","Impervious"],"picked":"Limit Break","floor":16.0},{"not_picked":["Clothesline+1","Pommel Strike+1"],"picked":"Heavy Blade+1","floor":18.0},{"not_picked":["Clothesline+1","Clash+1"],"picked":"Pummel+1","floor":20.0},{"not_picked":["Evolve+1","Rupture+1"],"picked":"Demon Form","floor":22.0},{"not_picked":["Thunderclap+1","Reckless Charge+1"],"picked":"Flex+1","floor":24.0},{"not_picked":["Reckless Charge+1","Wild Strike+1"],"picked":"Heavy Blade+1","floor":30.0},{"not_picked":["Brutality","Juggernaut"],"picked":"Offering","floor":33.0},{"not_picked":["Sever Soul+1","Iron Wave+1"],"picked":"Flex+1","floor":35.0},{"not_picked":["True Grit","Wild Strike+1","Metallicize"],"picked":"SKIP","floor":36.0},{"not_picked":["Carnage+1","Flame Barrier","Twin Strike+1"],"picked":"SKIP","floor":37.0},{"not_picked":["Berserk","Shockwave","Twin Strike+1"],"picked":"SKIP","floor":40.0},{"not_picked":["Clash+1","Clothesline+1","Havoc"],"picked":"SKIP","floor":41},{"not_picked":["Heavy Blade+1","Rampage+1","Anger+1"],"picked":"SKIP","floor":42},{"not_picked":["Iron Wave+1","Twin Strike+1","Whirlwind+1"],"picked":"SKIP","floor":44},{"not_picked":["Disarm","Flex","Wild Strike+1"],"picked":"SKIP","floor":46},{"not_picked":["Clothesline+1","Battle Trance","Fire Breathing"],"picked":"SKIP","floor":48}],"player_experience":844934,"relics_obtained":[{"floor":6.0,"key":"Molten Egg 2"},{"floor":8.0,"key":"Juzu Bracelet"},{"floor":9.0,"key":"Bronze Scales"},{"floor":27.0,"key":"FossilizedHelix"},{"floor":40.0,"key":"Bottled Tornado"},{"floor":43,"key":"Regal Pillow"},{"floor":46,"key":"Du-Vu Doll"}],"event_choices":[{"damage_healed":0.0,"max_hp_gain":0.0,"max_hp_loss":0.0,"gold_gain":0.0,"event_name":"Upgrade Shrine","player_choice":"Upgraded","floor":2.0,"gold_loss":0.0,"damage_taken":0.0,"cards_upgraded":["Flex"]},{"damage_healed":0.0,"max_hp_gain":0.0,"max_hp_loss":0.0,"gold_gain":0.0,"event_name":"Living Wall","player_choice":"Grow","floor":5.0,"gold_loss":0.0,"damage_taken":0.0,"cards_upgraded":["Cleave"]},{"damage_healed":0.0,"max_hp_gain":0.0,"max_hp_loss":0.0,"gold_gain":0.0,"event_name":"Scrap Ooze","player_choice":"Fled","floor":13.0,"gold_loss":0.0,"damage_taken":0.0},{"damage_healed":0.0,"max_hp_gain":0.0,"max_hp_loss":0.0,"gold_gain":0.0,"event_name":"Lab","player_choice":"Got Potions","floor":14.0,"gold_loss":0.0,"damage_taken":0.0},{"damage_healed":0.0,"max_hp_gain":0.0,"max_hp_loss":0.0,"gold_gain":0.0,"event_name":"Match and Keep!","player_choice":"1 cards matched","floor":19.0,"gold_loss":0.0,"damage_taken":0.0,"cards_obtained":["Dual Wield"]},{"damage_healed":0.0,"max_hp_gain":0.0,"max_hp_loss":0.0,"gold_gain":0.0,"cards_transformed":["Defend_R"],"event_name":"Transmorgrifier","player_choice":"Transformed","floor":28.0,"gold_loss":0.0,"damage_taken":0.0,"cards_obtained":["Bludgeon"]},{"damage_healed":0.0,"max_hp_gain":0.0,"max_hp_loss":0.0,"gold_gain":0.0,"event_name":"N\u0027loth","player_choice":"Ignored","floor":31.0,"gold_loss":0.0,"damage_taken":0.0},{"damage_healed":0.0,"max_hp_gain":0.0,"max_hp_loss":0.0,"gold_gain":0.0,"event_name":"Tomb of Lord Red Mask","player_choice":"Paid","floor":39.0,"gold_loss":57.0,"damage_taken":0.0,"relics_obtained":["Red Mask"]},{"cards_removed":["Defend_R"],"damage_healed":0,"gold_gain":0,"player_choice":"Offered Basic","damage_taken":0,"max_hp_gain":0,"max_hp_loss":0,"event_name":"Bonfire Elementals","floor":47,"gold_loss":0}],"is_beta":false,"boss_relics":[{"not_picked":["Runic Pyramid","Velvet Choker"],"picked":"Runic Dome"},{"not_picked":["Eternal Feather","Mark of Pain"],"picked":"Sozu"}],"items_purged_floors":[12,21],"is_endless":false,"potions_floor_spawned":[3,8,11,18,22,33,36,42,46,48],"killed_by":"Awakened One","ascension_level":20}