{"gold_per_floor":[110,110,110,174,189,189,222,347,374,374,81,99,126,32,32,106,106,124,174,224,37,56,87,87,122,170,180,180,17,29,49,49,123,123,134,184,234,384,394,394],"floor_reached":40,"playtime":1075,"items_purged":["Strike_G","Writhe"],"score":889,"play_id":"7055546e-02ee-4b63-9b66-40d852a221dd","local_time":"20190427144456","is_ascension_mode":true,"campfire_choices":[{"data":"Deadly Poison","floor":6,"key":"SMITH"},{"data":"Survivor","floor":10,"key":"SMITH"},{"floor":15,"key":"REST"},{"floor":24,"key":"REST"},{"floor":28,"key":"REST"},{"floor":32,"key":"REST"}],"neow_cost":"NONE","seed_source_timestamp":14636827967116,"circlet_count":0,"master_deck":["AscendersBane","Defend_G","Defend_G","Defend_G","Defend_G","Defend_G","Strike_G","Strike_G","Strike_G","Survivor+1","Neutralize+1","Deadly Poison+1","Bane","Noxious Fumes","Adrenaline","Backflip","Deadly Poison","Noxious Fumes+1","Crippling Poison","Dodge and Roll","Leg Sweep","Envenom+1","Envenom+1","Bouncing Flask","Blur+1"],"relics":["Ring of the Snake","NeowsBlessing","SsserpentHead","Pen Nib","Juzu Bracelet","Strawberry","Paper Crane","Sozu","Blood Vial","Frozen Egg 2","Thread and Needle","Regal Pillow","Busted Crown","Ginger"],"potions_floor_usage":[7,7,13,13,16],"damage_taken":[{"damage":0,"enemies":"2 Louse","floor":1,"turns":1},{"damage":0,"enemies":"Cultist","floor":4,"turns":1},{"damage":0,"enemies":"Jaw Worm","floor":5,"turns":1},{"damage":25,"enemies":"Lagavulin","floor":7,"turns":5},{"damage":0,"enemies":"Exordium Thugs","floor":12,"turns":4},{"damage":39,"enemies":"3 Sentries","floor":13,"turns":9},{"damage":5,"enemies":"The Guardian","floor":16,"turns":9},{"damage":14,"enemies":"Spheric Guardian","floor":18,"turns":5},{"damage":1,"enemies":"Shell Parasite","floor":22,"turns":5},{"damage":27,"enemies":"Book of Stabbing","floor":23,"turns":6},{"damage":37,"enemies":"Slavers","floor":25,"turns":5},{"damage":7,"enemies":"Snecko","floor":27,"turns":5},{"damage":4,"enemies":"Centurion and Healer","floor":30,"turns":6},{"damage":4,"enemies":"Cultist and Chosen","floor":31,"turns":8},{"damage":47,"enemies":"Collector","floor":33,"turns":8},{"damage":6,"enemies":"Orb Walker","floor":35,"turns":4},{"damage":18,"enemies":"Mind Bloom Boss Battle","floor":38,"turns":6},{"damage":8,"enemies":"3 Darklings","floor":39,"turns":5},{"damage":44,"enemies":"Reptomancer","floor":40,"turns":2}],"seed_played":"-626125954894447430","potions_obtained":[{"floor":1,"key":"AttackPotion"},{"floor":5,"key":"Energy Potion"},{"floor":7,"key":"Regen Potion"},{"floor":16,"key":"Explosive Potion"}],"is_trial":false,"path_per_floor":["M","?","?","M","M","R","E","?","T","R","$","M","E","$","R","B",null,"M","?","?","$","M","E","R","E","T","M","R","$","M","M","R","B",null,"M","?","?","?","M","E"],"character_chosen":"THE_SILENT","items_purchased":["Strawberry","Poison Potion","Noxious Fumes","Poison Potion","Deadly Poison","Noxious Fumes+1","Leg Sweep","Envenom+1"],"campfire_rested":4,"item_purchase_floors":[11,11,14,14,21,21,29,29],"current_hp_per_floor":[59,59,59,59,59,59,34,23,23,23,30,30,6,6,27,22,60,46,46,46,46,47,22,43,8,8,3,39,39,37,35,71,26,61,57,57,57,41,35,0],"gold":394,"neow_bonus":"THREE_ENEMY_KILL","is_prod":false,"is_daily":false,"chose_seed":false,"campfire_upgraded":2,"win_rate":0,"timestamp":1556369096,"path_taken":["M","?","?","?","M","R","E","?","T","R","$","M","E","?","R","BOSS","M","?","?","$","M","E","R","E","T","M","R","$","M","M","R","BOSS","M","?","?","?","M","E"],"build_version":"2019-01-23","purchased_purges":2,"victory":false,"max_hp_per_floor":[66,66,66,66,66,66,66,66,66,66,73,73,73,73,73,73,73,73,73,73,73,73,73,73,73,73,73,73,73,73,73,73,73,73,73,73,69,69,69,69],"card_choices":[{"not_picked":["Expertise","Setup","Riddle With Holes"],"picked":"SKIP","floor":1},{"not_picked":["Dagger Throw","Underhanded Strike"],"picked":"Deadly Poison","floor":4},{"not_picked":["Dagger Throw","Underhanded Strike","Acrobatics"],"picked":"SKIP","floor":5},{"not_picked":["Blade Dance","Die Die Die","Sucker Punch"],"picked":"SKIP","floor":7},{"not_picked":["All Out Attack","Sucker Punch"],"picked":"Bane","floor":12},{"not_picked":["Expertise","Predator","Flying Knee"],"picked":"SKIP","floor":13},{"not_picked":["Night Terror","Doppelganger"],"picked":"Adrenaline","floor":16},{"not_picked":["Deflect+1","Flying Knee"],"picked":"Backflip","floor":18},{"not_picked":["Dagger Spray","Sucker Punch"],"picked":"Crippling Poison","floor":22},{"not_picked":["Dagger Throw","Underhanded Strike","Choke"],"picked":"SKIP","floor":23},{"not_picked":["Die Die Die","Backstab","Setup+1"],"picked":"SKIP","floor":25},{"not_picked":["Quick Slash+1","Slice"],"picked":"Dodge and Roll","floor":27},{"not_picked":["Poisoned Stab","Blade Dance","Predator+1"],"picked":"SKIP","floor":30},{"not_picked":["Reflex","Accuracy+1","Poisoned Stab"],"picked":"SKIP","floor":31},{"not_picked":["A Thousand Cuts+1","Venomology"],"picked":"Envenom+1","floor":33},{"not_picked":["Dodge and Roll"],"picked":"SKIP","floor":35},{"not_picked":[],"picked":"Blur+1","floor":38},{"not_picked":["Acrobatics"],"picked":"SKIP","floor":39}],"player_experience":853816,"relics_obtained":[{"floor":7,"key":"Pen Nib"},{"floor":9,"key":"Juzu Bracelet"},{"floor":13,"key":"Paper Crane"},{"floor":23,"key":"Thread and Needle"},{"floor":25,"key":"Regal Pillow"},{"floor":38,"key":"Ginger"}],"event_choices":[{"damage_healed":0,"gold_gain":0,"player_choice":"Grow","damage_taken":0,"max_hp_gain":0,"max_hp_loss":0,"event_name":"Living Wall","floor":2,"gold_loss":0,"cards_upgraded":["Neutralize"]},{"damage_healed":0,"gold_gain":0,"player_choice":"Trade","damage_taken":0,"relics_obtained":["SsserpentHead"],"max_hp_gain":0,"max_hp_loss":0,"event_name":"FaceTrader","floor":3,"gold_loss":0},{"damage_healed":0,"gold_gain":75,"player_choice":"Gather Gold","damage_taken":11,"max_hp_gain":0,"max_hp_loss":0,"event_name":"World of Goop","floor":8,"gold_loss":0},{"damage_healed":0,"gold_gain":0,"player_choice":"Opened","damage_taken":0,"relics_obtained":["Blood Vial"],"max_hp_gain":0,"max_hp_loss":0,"event_name":"The Mausoleum","floor":19,"gold_loss":0,"cards_obtained":["Writhe"]},{"damage_healed":0,"gold_gain":0,"player_choice":"Gave Potion","damage_taken":0,"relics_obtained":["Frozen Egg 2"],"max_hp_gain":0,"max_hp_loss":0,"event_name":"WeMeetAgain","floor":20,"gold_loss":0},{"damage_healed":0,"gold_gain":0,"cards_transformed":["Strike_G"],"player_choice":"Transformed","damage_taken":0,"max_hp_gain":0,"max_hp_loss":0,"event_name":"Transmorgrifier","floor":36,"gold_loss":0,"cards_obtained":["Bouncing Flask"]},{"damage_healed":0,"gold_gain":0,"player_choice":"Max HP","damage_taken":0,"max_hp_gain":0,"max_hp_loss":4,"event_name":"Winding Halls","floor":37,"gold_loss":0},{"damage_healed":0,"gold_gain":0,"player_choice":"Fight","damage_taken":0,"max_hp_gain":0,"max_hp_loss":0,"event_name":"MindBloom","floor":38,"gold_loss":0}],"is_beta":false,"boss_relics":[{"not_picked":["Velvet Choker","WristBlade"],"picked":"Sozu"},{"not_picked":["Tiny House","HoveringKite"],"picked":"Busted Crown"}],"items_purged_floors":[11,21],"is_endless":false,"potions_floor_spawned":[1,5,7,16,22,27,30,31],"killed_by":"Reptomancer","ascension_level":20}