{"gold_per_floor":[109,109,124,142,156,156,181,181,206,156,185,204,534,552,552,652,652,665,678,678,73,92,92,109,109,109,24,39,73,88,187,187,284,284,301,318,18,35,35,63,63,63],"floor_reached":42,"playtime":1886,"items_purged":["Strike_B"],"score":545,"play_id":"fcf08d7c-74fe-4fb1-9b19-91f0c7b4da61","local_time":"20180729021438","is_ascension_mode":false,"campfire_choices":[{"data":"Sunder","floor":6.0,"key":"SMITH"},{"data":"Zap","floor":8.0,"key":"SMITH"},{"data":"Redo","floor":15.0,"key":"SMITH"},{"data":"Trip","floor":23.0,"key":"SMITH"},{"data":"Dualcast","floor":25.0,"key":"SMITH"},{"floor":32.0,"key":"REST"},{"data":"Electrodynamics","floor":41.0,"key":"SMITH"}],"neow_cost":"NONE","seed_source_timestamp":15804620789295,"circlet_count":0,"master_deck":["Strike_B","Strike_B","Strike_B+1","Defend_B","Defend_B","Defend_B","Defend_B","Zap+1","Dualcast+1","Beam Cell+1","Go for the Eyes","Gash","Sunder+1","Gash","Sweeping Beam","Cold Snap","Ball Lightning","Redo+1","Electrodynamics+1","Go for the Eyes","Conserve Battery","Dramatic Entrance","FTL","Gash","Trip+1","Reinforced Body+1","Compile Driver","Scrape","FTL","Auto Shields","Ball Lightning+1","Machine Learning","Rebound","Glacier","Tempest","Sadistic Nature","Cold Snap+1"],"special_seed":0,"relics":["Cracked Core","Vajra","DataDisk","Whetstone","Art of War","Bag of Marbles","Old Coin","White Beast Statue","Torii","Blue Candle","Dream Catcher","Juzu Bracelet","Eternal Feather","Ice Cream","Bronze Scales"],"potions_floor_usage":[42,42,42],"damage_taken":[{"damage":5.0,"enemies":"Small Slimes","floor":1.0,"turns":2.0},{"damage":0.0,"enemies":"2 Louse","floor":3.0,"turns":2.0},{"damage":1.0,"enemies":"Cultist","floor":4.0,"turns":3.0},{"damage":1.0,"enemies":"2 Fungi Beasts","floor":5.0,"turns":3.0},{"damage":21.0,"enemies":"3 Sentries","floor":7.0,"turns":6.0},{"damage":18.0,"enemies":"Lagavulin","floor":11.0,"turns":3.0},{"damage":0.0,"enemies":"Looter","floor":12.0,"turns":2.0},{"damage":0.0,"enemies":"Gremlin Nob","floor":13.0,"turns":2.0},{"damage":0.0,"enemies":"Exordium Wildlife","floor":14.0,"turns":2.0},{"damage":22.0,"enemies":"Slime Boss","floor":16.0,"turns":7.0},{"damage":7.0,"enemies":"Chosen","floor":18.0,"turns":3.0},{"damage":0.0,"enemies":"Spheric Guardian","floor":19.0,"turns":3.0},{"damage":20.0,"enemies":"Slaver and Parasite","floor":22.0,"turns":3.0},{"damage":0.0,"enemies":"Snecko","floor":24.0,"turns":3.0},{"damage":21.0,"enemies":"Snake Plant","floor":28.0,"turns":2.0},{"damage":7.0,"enemies":"Gremlin Leader","floor":29.0,"turns":4.0},{"damage":0.0,"enemies":"Sentry and Sphere","floor":30.0,"turns":3.0},{"damage":18.0,"enemies":"Champ","floor":33.0,"turns":9.0},{"damage":0.0,"enemies":"Orb Walker","floor":35.0,"turns":3.0},{"damage":16.0,"enemies":"Flame Bruiser 1 Orb","floor":36.0,"turns":3.0},{"damage":11.0,"enemies":"3 Darklings","floor":38.0,"turns":2.0},{"damage":24.0,"enemies":"2 Orb Walkers","floor":40.0,"turns":5.0},{"damage":58,"enemies":"Giant Head","floor":42,"turns":8}],"seed_played":"6873682831660632708","potions_obtained":[{"floor":4.0,"key":"LiquidBronze"},{"floor":5.0,"key":"Poison Potion"},{"floor":7.0,"key":"GamblersBrew"},{"floor":14.0,"key":"SteroidPotion"},{"floor":18.0,"key":"Block Potion"},{"floor":19.0,"key":"Dexterity Potion"},{"floor":22.0,"key":"SteroidPotion"},{"floor":24.0,"key":"Dexterity Potion"},{"floor":28.0,"key":"LiquidBronze"},{"floor":29.0,"key":"Dexterity Potion"},{"floor":30.0,"key":"Weak Potion"},{"floor":33.0,"key":"Dexterity Potion"},{"floor":35.0,"key":"Weak Potion"},{"floor":36.0,"key":"Dexterity Potion"},{"floor":38.0,"key":"Ancient Potion"},{"floor":40.0,"key":"Explosive Potion"}],"is_trial":false,"path_per_floor":["M","?","M","M","M","R","E","R","T","?","E","M","E","M","R","B",null,"M","M","?","$","M","R","M","R","T","?","M","E","M","?","R","B",null,"M","M","$","M","?","E","R"],"character_chosen":"DEFECT","items_purchased":["Torii","FTL","Gash","Trip","Ice Cream"],"campfire_rested":1,"item_purchase_floors":[21,21,21,21,37],"current_hp_per_floor":[70,70,70,69,68,68,47,47,47,47,29,29,29,29,29,7,75,68,68,68,68,48,48,48,48,48,48,27,20,20,20,42,24,75,75,59,59,48,48,24,45,0],"gold":63,"neow_bonus":"RANDOM_COMMON_RELIC","is_prod":false,"is_daily":false,"chose_seed":false,"campfire_upgraded":6,"win_rate":0,"timestamp":1532801678,"path_taken":["M","?","M","M","M","R","E","R","T","?","E","?","E","M","R","BOSS","M","M","?","$","M","R","M","R","T","?","M","E","M","?","R","BOSS","M","M","$","M","?","E","R","E"],"build_version":"2018-07-26","purchased_purges":1,"victory":false,"max_hp_per_floor":[75,75,75,75,75,75,75,75,75,75,75,75,75,75,75,75,75,75,75,75,75,75,75,75,75,75,75,75,75,75,75,75,75,75,75,75,75,75,75,75,75,75],"card_choices":[{"not_picked":["Sweeping Beam","White Noise"],"picked":"Beam Cell","floor":1.0},{"not_picked":["Self Repair","Scrape"],"picked":"Go for the Eyes","floor":3.0},{"not_picked":["Lockon","Heatsinks"],"picked":"Gash","floor":4.0},{"not_picked":["Ball Lightning","Rip and Tear"],"picked":"Sunder","floor":5.0},{"not_picked":["Conserve Battery","Compile Driver"],"picked":"Gash","floor":7.0},{"not_picked":["Loop","Darkness"],"picked":"Sweeping Beam","floor":11.0},{"not_picked":["Barrage","Sweeping Beam"],"picked":"Cold Snap","floor":12.0},{"not_picked":["Tempest","Leap"],"picked":"Ball Lightning","floor":13.0},{"not_picked":["Stack","Hyperbeam"],"picked":"Redo","floor":14.0},{"not_picked":["Multi-Cast","Echo Form"],"picked":"Electrodynamics","floor":16.0},{"not_picked":["Streamline","Steam Power"],"picked":"Go for the Eyes","floor":18.0},{"not_picked":["Genetic Algorithm+1","Hologram"],"picked":"Conserve Battery","floor":19.0},{"not_picked":["Ball Lightning","Fusion+1"],"picked":"Reinforced Body+1","floor":22.0},{"not_picked":["Rip and Tear","Sunder"],"picked":"Compile Driver","floor":24.0},{"not_picked":["Hologram","White Noise+1"],"picked":"Scrape","floor":28.0},{"not_picked":["Sweeping Beam+1","Chaos"],"picked":"FTL","floor":29.0},{"not_picked":["Coolheaded","Biased Cognition"],"picked":"Auto Shields","floor":30.0},{"not_picked":["BootSequence","Sweeping Beam"],"picked":"Ball Lightning+1","floor":32.0},{"not_picked":["Core Surge","Seek"],"picked":"Machine Learning","floor":33.0},{"not_picked":["Lockon+1","Turbo"],"picked":"Rebound","floor":35.0},{"not_picked":["Leap","Gash"],"picked":"Glacier","floor":36.0},{"not_picked":["Redo+1","Echo Form"],"picked":"Tempest","floor":38.0},{"not_picked":["Trip","Bandage Up"],"picked":"Sadistic Nature","floor":39.0},{"not_picked":["Recycle+1","Sweeping Beam+1"],"picked":"Cold Snap+1","floor":40.0}],"player_experience":242790,"relics_obtained":[{"floor":7.0,"key":"Whetstone"},{"floor":9.0,"key":"Art of War"},{"floor":11.0,"key":"Bag of Marbles"},{"floor":13.0,"key":"Old Coin"},{"floor":26.0,"key":"Blue Candle"},{"floor":29.0,"key":"Juzu Bracelet"},{"floor":40.0,"key":"Bronze Scales"}],"event_choices":[{"event_name":"Big Fish","player_choice":"Box","floor":2.0,"damage_taken":0.0},{"event_name":"The Cleric","player_choice":"Card Removal","floor":10.0,"damage_taken":0.0},{"event_name":"Match and Keep!","player_choice":"1 cards matched","floor":20.0,"damage_taken":0.0},{"event_name":"Addict","player_choice":"Obtained Relic","floor":27.0,"damage_taken":0.0},{"event_name":"Nest","player_choice":"Stole From Cult","floor":31.0,"damage_taken":0.0},{"event_name":"SensoryStone","player_choice":"Memory 1","floor":39.0,"damage_taken":0.0}],"is_beta":false,"boss_relics":[{"not_picked":["Lizard Tail","Ectoplasm"],"picked":"White Beast Statue"},{"not_picked":["Calling Bell","Fusion Hammer"],"picked":"Eternal Feather"}],"items_purged_floors":[21],"is_endless":false,"potions_floor_spawned":[4,5,7,14,18,19,22,24,28,29,30,33,35,36,38,40],"killed_by":"Giant Head","ascension_level":0}