{"gold_per_floor":[112,37,37,12,87,117,31,31,57,57,71,105,105,135,135,135],"floor_reached":16,"playtime":453,"items_purged":[],"score":278,"play_id":"14767704-1820-4c03-b7e4-c068f6152c57","local_time":"20190507183220","is_ascension_mode":true,"campfire_choices":[{"data":"Spot Weakness","floor":10.0,"key":"SMITH"},{"data":"Pommel Strike","floor":13.0,"key":"SMITH"},{"floor":15,"key":"REST"}],"neow_cost":"NONE","seed_source_timestamp":0,"circlet_count":0,"master_deck":["AscendersBane","Strike_R","Strike_R","Strike_R","Strike_R","Strike_R","Defend_R+1","Defend_R+1","Bash","Pommel Strike+1","Rampage","Spot Weakness+1","Clash","Cleave"],"special_seed":0,"relics":["Burning Blood","NeowsBlessing","Bag of Marbles","Ancient Tea Set","Calipers","War Paint"],"potions_floor_usage":[],"damage_taken":[{"damage":0.0,"enemies":"Cultist","floor":1.0,"turns":1.0},{"damage":0.0,"enemies":"3 Sentries","floor":6.0,"turns":2.0},{"damage":0.0,"enemies":"Small Slimes","floor":11.0,"turns":1.0},{"damage":20.0,"enemies":"Lagavulin","floor":12.0,"turns":3.0},{"damage":35.0,"enemies":"3 Sentries","floor":14.0,"turns":5.0},{"damage":0,"enemies":"Slime Boss","floor":16,"turns":1}],"seed_played":"-5720310901446246329","potions_obtained":[{"floor":6.0,"key":"SkillPotion"},{"floor":12.0,"key":"Swift Potion"},{"floor":14.0,"key":"Ancient Potion"}],"is_trial":false,"path_per_floor":["M","?","?","$","?","E","$","?","T","R","M","E","R","E","R","B"],"character_chosen":"IRONCLAD","items_purchased":["Pommel Strike","Spot Weakness"],"campfire_rested":1,"item_purchase_floors":[4,7],"current_hp_per_floor":[74,74,67,67,56,62,62,62,62,62,68,54,54,25,47,47],"gold":135,"neow_bonus":"THREE_ENEMY_KILL","is_prod":false,"is_daily":false,"chose_seed":false,"campfire_upgraded":2,"win_rate":0,"timestamp":1557246740,"path_taken":["M","?","?","$","?","E","?","?","T","R","M","E","R","E","R","BOSS"],"build_version":"2019-01-23","purchased_purges":0,"victory":false,"max_hp_per_floor":[75,75,75,75,75,75,75,75,75,75,75,75,75,75,75,75],"card_choices":[{"not_picked":["Warcry","Rage","Pommel Strike"],"picked":"SKIP","floor":1.0},{"not_picked":["Twin Strike","Offering"],"picked":"Rampage","floor":6.0},{"not_picked":["Iron Wave","Heavy Blade"],"picked":"Clash","floor":11.0},{"not_picked":["Rage","True Grit"],"picked":"Cleave","floor":12.0},{"not_picked":["Wild Strike","Infernal Blade","Intimidate"],"picked":"SKIP","floor":14.0}],"player_experience":868860,"relics_obtained":[{"floor":6.0,"key":"Bag of Marbles"},{"floor":9.0,"key":"Ancient Tea Set"},{"floor":12.0,"key":"Calipers"},{"floor":14.0,"key":"War Paint"}],"event_choices":[{"cards_removed":["Defend_R"],"damage_healed":0.0,"max_hp_gain":0.0,"max_hp_loss":0.0,"gold_gain":0.0,"event_name":"The Cleric","player_choice":"Card Removal","floor":2.0,"gold_loss":75.0,"damage_taken":0.0},{"cards_removed":["Defend_R"],"damage_healed":0.0,"max_hp_gain":0.0,"max_hp_loss":0.0,"gold_gain":0.0,"event_name":"Golden Wing","player_choice":"Card Removal","floor":3.0,"gold_loss":0.0,"damage_taken":7.0},{"damage_healed":0.0,"max_hp_gain":0.0,"max_hp_loss":0.0,"gold_gain":75.0,"event_name":"World of Goop","player_choice":"Gather Gold","floor":5.0,"gold_loss":0.0,"damage_taken":11.0},{"damage_healed":0.0,"max_hp_gain":0.0,"max_hp_loss":0.0,"gold_gain":0.0,"event_name":"Scrap Ooze","player_choice":"Fled","floor":8.0,"gold_loss":0.0,"damage_taken":0.0}],"is_beta":false,"boss_relics":[],"items_purged_floors":[],"is_endless":false,"potions_floor_spawned":[6,12,14],"killed_by":"Slime Boss","ascension_level":20}