{"gold_per_floor":[109,109,119,119,5,5,30,50,50,50,64,98,98,115,115,187,187,203,217,52,52],"floor_reached":21,"playtime":532,"items_purged":["Strike_G"],"score":428,"play_id":"e5819364-d997-47aa-bcf6-625cd47d4671","local_time":"20191008152132","is_ascension_mode":true,"campfire_choices":[{"data":"Poisoned Stab","floor":6.0,"key":"SMITH"},{"floor":15,"key":"REST"}],"neow_cost":"NONE","seed_source_timestamp":271521580444068,"circlet_count":0,"master_deck":["AscendersBane","Strike_G+1","Strike_G","Strike_G","Strike_G","Defend_G","Defend_G+1","Defend_G","Defend_G","Defend_G","Survivor","Neutralize","Poisoned Stab+1","Poisoned Stab","Well Laid Plans","Deadly Poison","Dodge and Roll","Blur","Night Terror","Noxious Fumes"],"special_seed":0,"relics":["Ring of the Snake","NeowsBlessing","Pantograph","Art of War","Sozu","Strawberry"],"potions_floor_usage":[11,12,16,16],"damage_taken":[{"damage":0.0,"enemies":"Jaw Worm","floor":1.0,"turns":1.0},{"damage":0.0,"enemies":"2 Louse","floor":3.0,"turns":1.0},{"damage":0.0,"enemies":"Lagavulin","floor":7.0,"turns":1.0},{"damage":2.0,"enemies":"Small Slimes","floor":8.0,"turns":4.0},{"damage":0,"enemies":"Gremlin Gang","floor":11,"turns":3},{"damage":25,"enemies":"3 Sentries","floor":12,"turns":9},{"damage":2,"enemies":"2 Fungi Beasts","floor":14,"turns":4},{"damage":56,"enemies":"Hexaghost","floor":16,"turns":11},{"damage":15,"enemies":"Chosen","floor":18,"turns":5},{"damage":15,"enemies":"Spheric Guardian","floor":19,"turns":5},{"damage":0,"enemies":"Cultist and Chosen","floor":21,"turns":1}],"seed_played":"-5762587230394959142","potions_obtained":[{"floor":7.0,"key":"Explosive Potion"},{"floor":8.0,"key":"Weak Potion"},{"floor":11,"key":"PowerPotion"},{"floor":12,"key":"AttackPotion"}],"is_trial":false,"path_per_floor":["M","?","M","?","$","R","E","M","T","?","M","E","?","M","R","B",null,"M","M","$","M"],"character_chosen":"THE_SILENT","items_purchased":["Well Laid Plans","Strawberry"],"campfire_rested":1,"item_purchase_floors":[5,20],"current_hp_per_floor":[59,59,59,39,39,39,39,37,37,42,42,17,17,15,36,5,55,40,25,32,32],"gold":52,"neow_bonus":"THREE_ENEMY_KILL","is_prod":false,"is_daily":false,"chose_seed":false,"campfire_upgraded":1,"win_rate":0,"timestamp":1570540892,"path_taken":["M","?","M","?","$","R","E","M","T","?","M","E","?","?","R","BOSS","M","M","$","M"],"build_version":"2019-10-07","purchased_purges":1,"victory":false,"max_hp_per_floor":[66,66,66,66,66,66,66,66,66,71,71,71,71,71,71,71,71,71,71,78,78],"card_choices":[{"not_picked":["Cloak And Dagger","Underhanded Strike"],"picked":"Poisoned Stab","floor":1.0},{"not_picked":["Deflect","Finisher"],"picked":"Poisoned Stab","floor":3.0},{"not_picked":["Underhanded Strike","Flying Knee","Dagger Spray"],"picked":"SKIP","floor":7.0},{"not_picked":["Tactician","Slice"],"picked":"Deadly Poison","floor":8.0},{"not_picked":["Dagger Spray","Expertise"],"picked":"Dodge and Roll","floor":11},{"not_picked":["All Out Attack","Backstab","Cloak And Dagger"],"picked":"SKIP","floor":12},{"not_picked":["Accuracy","PiercingWail"],"picked":"Blur","floor":14},{"not_picked":["Doppelganger","Phantasmal Killer"],"picked":"Night Terror","floor":16},{"not_picked":["Terror","Blade Dance+1"],"picked":"Noxious Fumes","floor":18},{"not_picked":["Calculated Gamble","Quick Slash","Finisher"],"picked":"SKIP","floor":19}],"player_experience":837681,"relics_obtained":[{"floor":7.0,"key":"Pantograph"},{"floor":12,"key":"Art of War"}],"event_choices":[{"damage_healed":0.0,"max_hp_gain":0.0,"max_hp_loss":0.0,"gold_gain":0.0,"event_name":"The Cleric","player_choice":"Leave","floor":2.0,"gold_loss":0.0,"damage_taken":0.0},{"damage_healed":0.0,"max_hp_gain":0.0,"max_hp_loss":0.0,"gold_gain":0.0,"event_name":"Shining Light","player_choice":"Entered Light","floor":4.0,"gold_loss":0.0,"damage_taken":20.0,"cards_upgraded":["Defend_G","Strike_G"]},{"damage_healed":0.0,"max_hp_gain":5.0,"max_hp_loss":0.0,"gold_gain":0.0,"event_name":"Big Fish","player_choice":"Donut","floor":10.0,"gold_loss":0.0,"damage_taken":0.0},{"damage_healed":0,"gold_gain":0,"player_choice":"Ignored","damage_taken":0,"max_hp_gain":0,"max_hp_loss":0,"event_name":"Golden Idol","floor":13,"gold_loss":0}],"is_beta":true,"boss_relics":[{"not_picked":["Runic Pyramid","Fusion Hammer"],"picked":"Sozu"}],"items_purged_floors":[5],"is_endless":false,"potions_floor_spawned":[7,8,11,12],"killed_by":"Cultist and Chosen","ascension_level":20}