{"gold_per_floor":[115,190,115,115,128,156,174,324,393,16,28,42,42],"floor_reached":13,"playtime":205,"items_purged":["Strike_G"],"score":220,"play_id":"270a00de-1610-49b7-bbd0-ef7fcba066ae","local_time":"20190623145530","is_ascension_mode":true,"campfire_choices":[],"neow_cost":"NONE","seed_source_timestamp":266707233664908,"circlet_count":0,"master_deck":["AscendersBane","Defend_G","Defend_G","Defend_G","Defend_G","Defend_G","Strike_G","Strike_G","Strike_G","Strike_G","Survivor","Neutralize","Bouncing Flask","Doubt","Footwork"],"relics":["Ring of the Snake","NeowsBlessing","Centennial Puzzle","Dodecahedron","Mummified Hand"],"potions_floor_usage":[],"damage_taken":[{"damage":0,"enemies":"Small Slimes","floor":1,"turns":1},{"damage":0,"enemies":"Jaw Worm","floor":5,"turns":1},{"damage":0,"enemies":"Lagavulin","floor":6,"turns":1},{"damage":0,"enemies":"Cultist","floor":7,"turns":3},{"damage":11,"enemies":"Lots of Slimes","floor":11,"turns":6},{"damage":4,"enemies":"Looter","floor":12,"turns":3},{"damage":2,"enemies":"3 Sentries","floor":13,"turns":2}],"seed_played":"9099817746618096055","potions_obtained":[{"floor":1,"key":"Swift Potion"}],"is_trial":false,"path_per_floor":["M","?","$","?","M","E","M","?","T","$","M","M","E"],"character_chosen":"THE_SILENT","items_purchased":["Footwork","Mummified Hand"],"campfire_rested":0,"item_purchase_floors":[10,10],"current_hp_per_floor":[59,48,48,53,53,53,53,53,53,53,42,38,36],"gold":42,"neow_bonus":"THREE_ENEMY_KILL","is_prod":false,"is_daily":false,"chose_seed":false,"campfire_upgraded":0,"win_rate":0,"timestamp":1561294530,"path_taken":["M","?","$","?","?","E","M","?","T","$","M","M","E"],"build_version":"2019-01-23","purchased_purges":1,"victory":false,"max_hp_per_floor":[66,66,66,71,71,71,71,71,71,71,71,71,71],"card_choices":[{"not_picked":["Tactician","Setup","Sucker Punch"],"picked":"SKIP","floor":1},{"not_picked":["Deadly Poison","Quick Slash"],"picked":"Bouncing Flask","floor":5},{"not_picked":["Calculated Gamble","Riddle With Holes","Masterful Stab"],"picked":"SKIP","floor":6},{"not_picked":["Blade Dance","Caltrops","Dagger Spray"],"picked":"SKIP","floor":7},{"not_picked":["Cloak And Dagger","Bane","Reflex"],"picked":"SKIP","floor":11},{"not_picked":["Underhanded Strike","Heel Hook","Terror"],"picked":"SKIP","floor":12}],"player_experience":899590,"relics_obtained":[{"floor":6,"key":"Centennial Puzzle"},{"floor":9,"key":"Dodecahedron"}],"event_choices":[{"damage_healed":0,"gold_gain":75,"player_choice":"Gather Gold","damage_taken":11,"max_hp_gain":0,"max_hp_loss":0,"event_name":"World of Goop","floor":2,"gold_loss":0},{"damage_healed":0,"gold_gain":0,"player_choice":"Donut","damage_taken":0,"max_hp_gain":5,"max_hp_loss":0,"event_name":"Big Fish","floor":4,"gold_loss":0},{"damage_healed":0,"gold_gain":150,"player_choice":"AGREE","damage_taken":0,"max_hp_gain":0,"max_hp_loss":0,"event_name":"Liars Game","floor":8,"gold_loss":0,"cards_obtained":["Doubt"]}],"is_beta":false,"boss_relics":[],"items_purged_floors":[3],"is_endless":false,"potions_floor_spawned":[1],"killed_by":"3 Sentries","ascension_level":20}