{"gold_per_floor":[115,125,143,52,52,52,52,52,52,52,52,84,98,109,109,185,185,199,124,31,44,63,94,94,124,179,179,0,15,15,41,41,41],"floor_reached":33,"playtime":1044,"items_purged":[],"score":660,"play_id":"f042e6a8-6e80-4cf2-b814-001acd0fcf5c","local_time":"20181001233151","is_ascension_mode":true,"campfire_choices":[{"data":"Body Slam","floor":6.0,"key":"SMITH"},{"data":"Rage","floor":8.0,"key":"SMITH"},{"data":"Body Slam","floor":15.0,"key":"SMITH"},{"data":"Body Slam","floor":24.0,"key":"SMITH"},{"data":"Entrench","floor":27.0,"key":"SMITH"},{"data":"Body Slam","floor":32,"key":"SMITH"}],"neow_cost":"NONE","seed_source_timestamp":44346404976807,"circlet_count":0,"master_deck":["Strike_R+1","Strike_R+1","Strike_R","Strike_R","Defend_R+1","Defend_R","Defend_R","Defend_R","Bash","AscendersBane","Shrug It Off","Body Slam+1","Iron Wave","Rage+1","Offering","Ghostly Armor+1","Body Slam+1","Impervious","Body Slam+1","Dual Wield","Armaments","Dual Wield","Entrench+1","Body Slam+1"],"special_seed":0,"relics":["Burning Blood","Whetstone","Boot","Sozu","Bag of Preparation","Question Card","Happy Flower","War Paint","Gremlin Horn"],"potions_floor_usage":[],"damage_taken":[{"damage":3.0,"enemies":"2 Louse","floor":1.0,"turns":3.0},{"damage":7.0,"enemies":"Small Slimes","floor":2.0,"turns":4.0},{"damage":10.0,"enemies":"Cultist","floor":3.0,"turns":4.0},{"damage":27.0,"enemies":"Gremlin Nob","floor":12.0,"turns":4.0},{"damage":8.0,"enemies":"Exordium Wildlife","floor":13.0,"turns":5.0},{"damage":6.0,"enemies":"2 Fungi Beasts","floor":14.0,"turns":3.0},{"damage":43.0,"enemies":"Hexaghost","floor":16.0,"turns":10.0},{"damage":3.0,"enemies":"Chosen","floor":18.0,"turns":6.0},{"damage":6.0,"enemies":"Spheric Guardian","floor":21.0,"turns":1.0},{"damage":14.0,"enemies":"Centurion and Healer","floor":22.0,"turns":5.0},{"damage":13.0,"enemies":"Slavers","floor":23.0,"turns":7.0},{"damage":6.0,"enemies":"Book of Stabbing","floor":25.0,"turns":2.0},{"damage":6.0,"enemies":"3 Cultists","floor":29.0,"turns":4.0},{"damage":6,"enemies":"Gremlin Leader","floor":31,"turns":4},{"damage":83,"enemies":"Champ","floor":33,"turns":13}],"seed_played":"2788608993705197358","potions_obtained":[{"floor":1.0,"key":"SteroidPotion"},{"floor":2.0,"key":"LiquidBronze"},{"floor":13.0,"key":"GamblersBrew"}],"is_trial":false,"path_per_floor":["M","M","M","$","?","R","?","R","T","?","$","E","M","M","R","B",null,"M","?","$","M","M","E","R","E","T","R","$","M","?","E","R"],"character_chosen":"IRONCLAD","items_purchased":["Rage","Dual Wield","War Paint"],"campfire_rested":0,"item_purchase_floors":[4,20,28],"current_hp_per_floor":[78,77,73,73,73,73,68,68,68,73,73,52,50,50,50,13,69,72,72,72,72,64,57,57,57,57,57,57,57,57,57,57,0],"gold":41,"neow_bonus":"TEN_PERCENT_HP_BONUS","is_prod":false,"is_daily":false,"chose_seed":false,"campfire_upgraded":6,"win_rate":0,"timestamp":1538429511,"path_taken":["M","M","M","$","?","R","?","R","T","?","?","E","M","?","R","BOSS","M","?","?","M","M","E","R","E","T","R","$","M","?","E","R","BOSS"],"build_version":"2018-09-27","purchased_purges":0,"victory":false,"max_hp_per_floor":[82,82,82,82,82,82,82,82,82,87,87,87,87,87,87,87,87,87,87,87,87,87,87,87,87,87,87,87,87,87,87,87,87],"card_choices":[{"not_picked":["Bloodletting","True Grit"],"picked":"Shrug It Off","floor":1.0},{"not_picked":["Intimidate","Headbutt"],"picked":"Body Slam","floor":2.0},{"not_picked":["Carnage","Evolve"],"picked":"Iron Wave","floor":3.0},{"not_picked":["Fire Breathing","Cleave"],"picked":"Offering","floor":12.0},{"not_picked":["Dropkick","Armaments"],"picked":"Ghostly Armor","floor":13.0},{"not_picked":["Hemokinesis","Pommel Strike"],"picked":"Body Slam","floor":14.0},{"not_picked":["Bludgeon","Exhume"],"picked":"Impervious","floor":16.0},{"not_picked":["Wild Strike","Reckless Charge+1"],"picked":"Body Slam","floor":18.0},{"not_picked":["Blood for Blood","Combust"],"picked":"Armaments","floor":21.0},{"not_picked":["Twin Strike","Flex+1","Disarm"],"picked":"SKIP","floor":22.0},{"not_picked":["Intimidate","Uppercut"],"picked":"Dual Wield","floor":23.0},{"not_picked":["Fire Breathing","Perfected Strike"],"picked":"Entrench","floor":25.0},{"not_picked":["Havoc","Limit Break","Warcry","Twin Strike"],"picked":"SKIP","floor":29.0},{"not_picked":["Anger","Twin Strike","Havoc+1"],"picked":"Body Slam","floor":31}],"player_experience":659355,"relics_obtained":[{"floor":9.0,"key":"Whetstone"},{"floor":12.0,"key":"Boot"},{"floor":23.0,"key":"Bag of Preparation"},{"floor":25.0,"key":"Question Card"},{"floor":26.0,"key":"Happy Flower"},{"floor":31,"key":"Gremlin Horn"}],"event_choices":[{"event_name":"The Cleric","player_choice":"Leave","floor":5.0,"damage_taken":0.0},{"event_name":"The Woman in Blue","player_choice":"Bought 0 Potions","floor":7.0,"damage_taken":0.0},{"event_name":"Big Fish","player_choice":"Donut","floor":10.0,"damage_taken":0.0},{"event_name":"Beggar","player_choice":"Gave Gold","floor":19.0,"damage_taken":0.0}],"is_beta":true,"boss_relics":[{"not_picked":["Eternal Feather","Coffee Dripper"],"picked":"Sozu"}],"items_purged_floors":[],"is_endless":false,"potions_floor_spawned":[1,2,13,14,21,23,25],"killed_by":"Champ","ascension_level":16}