{"gold_per_floor":[115,60,79,94,105,105,125,155,155,224,239,239,239,113,113,186,186,186,29,29,29,29,29,29,29,29,29,29,29,29,29,29,29],"floor_reached":33,"playtime":581,"items_purged":["Defend_R","Defend_R"],"score":609,"play_id":"cc4e6612-e0db-4d8c-a053-ccabd0918abe","local_time":"20190506121918","is_ascension_mode":true,"campfire_choices":[{"data":"Immolate","floor":6.0,"key":"SMITH"},{"data":"Flex","floor":13.0,"key":"SMITH"},{"data":"Flex","floor":15.0,"key":"SMITH"},{"floor":23.0,"key":"REST"},{"data":"Flex","floor":25.0,"key":"SMITH"},{"data":"Flex","floor":29,"key":"SMITH"},{"floor":32,"key":"REST"}],"neow_cost":"NONE","seed_source_timestamp":436306390480652,"circlet_count":0,"master_deck":["AscendersBane","Strike_R","Strike_R","Strike_R","Strike_R","Strike_R","Defend_R","Defend_R","Bash","Immolate+1","Flex+1","Cleave","Flex+1","Flex+1","Feed","Inflame","Flex+1","Clash","Clash+1","Decay","Heavy Blade+1"],"special_seed":0,"relics":["Burning Blood","Ancient Tea Set","StoneCalendar","Gremlin Horn","Ectoplasm","Magic Flower","Kunai","Shovel","Matryoshka"],"potions_floor_usage":[33],"damage_taken":[{"damage":2.0,"enemies":"Cultist","floor":1.0,"turns":4.0},{"damage":5.0,"enemies":"2 Louse","floor":3.0,"turns":2.0},{"damage":9.0,"enemies":"Jaw Worm","floor":4.0,"turns":3.0},{"damage":6.0,"enemies":"2 Fungi Beasts","floor":5.0,"turns":2.0},{"damage":0.0,"enemies":"3 Louse","floor":7.0,"turns":1.0},{"damage":10.0,"enemies":"Gremlin Nob","floor":8.0,"turns":3.0},{"damage":0.0,"enemies":"Large Slime","floor":11.0,"turns":4.0},{"damage":72.0,"enemies":"Hexaghost","floor":16.0,"turns":7.0},{"damage":13.0,"enemies":"Chosen","floor":18.0,"turns":4.0},{"damage":29.0,"enemies":"Colosseum Slavers","floor":21.0,"turns":4.0},{"damage":13.0,"enemies":"Colosseum Nobs","floor":21.0,"turns":3.0},{"damage":0.0,"enemies":"Slavers","floor":24.0,"turns":1.0},{"damage":13.0,"enemies":"Spheric Guardian","floor":27.0,"turns":3.0},{"damage":24,"enemies":"Snake Plant","floor":28,"turns":3},{"damage":0,"enemies":"3 Cultists","floor":30,"turns":2},{"damage":9,"enemies":"Centurion and Healer","floor":31,"turns":2},{"damage":94,"enemies":"Champ","floor":33,"turns":7}],"seed_played":"-3505881027830738988","potions_obtained":[{"floor":3.0,"key":"Dexterity Potion"},{"floor":5.0,"key":"FearPotion"},{"floor":8.0,"key":"Strength Potion"},{"floor":16.0,"key":"Poison Potion"},{"floor":24.0,"key":"Ancient Potion"},{"floor":27.0,"key":"Poison Potion"},{"floor":28,"key":"EssenceOfSteel"}],"is_trial":false,"path_per_floor":["M","$","M","M","M","R","M","E","T","T","M","?","R","$","R","B",null,"M","$","?","?","?","R","E","R","T","M","M","R","M","M","R","B"],"character_chosen":"IRONCLAD","items_purchased":["Flex","Flex","Clash"],"campfire_rested":2,"item_purchase_floors":[2,14,19],"current_hp_per_floor":[72,72,73,70,70,70,75,71,71,71,78,78,78,78,78,12,62,55,55,55,25,25,48,57,57,57,53,38,38,52,52,76,0],"gold":29,"neow_bonus":"ONE_RANDOM_RARE_CARD","is_prod":false,"is_daily":false,"chose_seed":false,"campfire_upgraded":5,"win_rate":0,"timestamp":1557137958,"path_taken":["M","$","M","M","?","R","M","E","T","?","M","?","R","?","R","BOSS","M","$","?","?","?","R","E","R","T","M","M","R","M","M","R","BOSS"],"build_version":"2019-01-23","purchased_purges":2,"victory":false,"max_hp_per_floor":[75,75,75,75,75,75,75,75,75,75,78,78,78,78,78,78,78,78,78,78,78,78,78,78,78,78,78,78,78,81,81,81,81],"card_choices":[{"not_picked":["Pommel Strike","Perfected Strike","Feel No Pain"],"picked":"SKIP","floor":1.0},{"not_picked":["Clash","Sword Boomerang"],"picked":"Cleave","floor":3.0},{"not_picked":["Spot Weakness","Perfected Strike"],"picked":"Flex","floor":4.0},{"not_picked":["Body Slam","Anger","Dropkick"],"picked":"SKIP","floor":5.0},{"not_picked":["Headbutt","Sever Soul"],"picked":"Flex","floor":7.0},{"not_picked":["Pommel Strike","Burning Pact"],"picked":"Feed","floor":8.0},{"not_picked":["Armaments","Anger"],"picked":"Inflame","floor":11.0},{"not_picked":["True Grit","Pommel Strike","Entrench+1"],"picked":"SKIP","floor":18.0},{"not_picked":["Flex","Inflame"],"picked":"Clash+1","floor":21.0},{"not_picked":["Shockwave","Clash"],"picked":"Heavy Blade+1","floor":24.0},{"not_picked":["Clothesline","True Grit+1","Shockwave"],"picked":"SKIP","floor":27.0},{"not_picked":["Combust+1","True Grit","Twin Strike"],"picked":"SKIP","floor":28},{"not_picked":["Sentinel","Anger","Cleave"],"picked":"SKIP","floor":30},{"not_picked":["Iron Wave","Body Slam","Cleave"],"picked":"SKIP","floor":31}],"player_experience":864628,"relics_obtained":[{"floor":8.0,"key":"Ancient Tea Set"},{"floor":9.0,"key":"StoneCalendar"},{"floor":10.0,"key":"Gremlin Horn"},{"floor":21.0,"key":"Magic Flower"},{"floor":21.0,"key":"Kunai"},{"floor":24.0,"key":"Shovel"},{"floor":26.0,"key":"Matryoshka"}],"event_choices":[{"damage_healed":0.0,"max_hp_gain":0.0,"max_hp_loss":0.0,"gold_gain":0.0,"event_name":"Shining Light","player_choice":"Ignored","floor":12.0,"gold_loss":0.0,"damage_taken":0.0},{"damage_healed":0.0,"max_hp_gain":0.0,"max_hp_loss":0.0,"gold_gain":0.0,"event_name":"The Mausoleum","player_choice":"Ignored","floor":20.0,"gold_loss":0.0,"damage_taken":0.0},{"damage_healed":0.0,"max_hp_gain":0.0,"max_hp_loss":0.0,"gold_gain":0.0,"event_name":"Colosseum","player_choice":"Fight","floor":21.0,"gold_loss":0.0,"damage_taken":0.0},{"damage_healed":0.0,"max_hp_gain":0.0,"max_hp_loss":0.0,"gold_gain":0.0,"event_name":"Colosseum","player_choice":"Fought Nobs","floor":21.0,"gold_loss":0.0,"damage_taken":0.0},{"damage_healed":0.0,"max_hp_gain":0.0,"max_hp_loss":0.0,"gold_gain":0.0,"event_name":"Forgotten Altar","player_choice":"Smashed Altar","floor":22.0,"gold_loss":0.0,"damage_taken":0.0,"cards_obtained":["Decay"]}],"is_beta":false,"boss_relics":[{"not_picked":["Mark of Pain","Pandora\u0027s Box"],"picked":"Ectoplasm"}],"items_purged_floors":[14,19],"is_endless":false,"potions_floor_spawned":[3,5,8,16,18,24,27,28],"killed_by":"Champ","ascension_level":20}