{"gold_per_floor":[115,17,32,32,96,121,121,121,121,131,131,165,33,53,53,53],"floor_reached":16,"playtime":243,"items_purged":["Strike_B"],"score":266,"play_id":"633aa4d5-5fb9-4e80-8d4e-bf113155a4bb","local_time":"20190905135917","is_ascension_mode":true,"campfire_choices":[{"data":"Streamline","floor":8.0,"key":"SMITH"},{"data":"Coolheaded","floor":15.0,"key":"SMITH"}],"neow_cost":"NONE","seed_source_timestamp":0,"circlet_count":0,"master_deck":["AscendersBane","Strike_B","Strike_B","Strike_B","Defend_B","Defend_B","Defend_B","Defend_B","Zap","Dualcast","Streamline+1","Capacitor","Ball Lightning","Self Repair","Reinforced Body","Cold Snap","Coolheaded+1"],"special_seed":0,"relics":["Cracked Core","NeowsBlessing","PreservedInsect","Blue Candle","Mummified Hand","Oddly Smooth Stone"],"potions_floor_usage":[],"damage_taken":[{"damage":0.0,"enemies":"Jaw Worm","floor":1.0,"turns":1.0},{"damage":0.0,"enemies":"2 Louse","floor":3.0,"turns":1.0},{"damage":0.0,"enemies":"Gremlin Nob","floor":6.0,"turns":1.0},{"damage":3.0,"enemies":"Small Slimes","floor":10.0,"turns":4.0},{"damage":18.0,"enemies":"3 Sentries","floor":12.0,"turns":5.0},{"damage":7.0,"enemies":"Looter","floor":14.0,"turns":4.0},{"damage":0,"enemies":"Hexaghost","floor":16,"turns":1}],"seed_played":"-2833828482768614122","potions_obtained":[{"floor":1.0,"key":"FearPotion"},{"floor":14.0,"key":"PowerPotion"}],"is_trial":false,"path_per_floor":["M","$","M","?","?","E","T","R","T","M","?","E","$","M","R","B"],"character_chosen":"DEFECT","items_purchased":["Capacitor","Ball Lightning","Coolheaded"],"campfire_rested":0,"item_purchase_floors":[2,2,13],"current_hp_per_floor":[64,64,64,29,29,29,29,29,29,33,38,27,27,27,27,27],"gold":53,"neow_bonus":"THREE_ENEMY_KILL","is_prod":false,"is_daily":false,"chose_seed":false,"campfire_upgraded":2,"win_rate":0,"timestamp":1567684757,"path_taken":["M","$","M","?","?","E","?","R","T","M","?","E","$","M","R","BOSS"],"build_version":"2019-07-17","purchased_purges":1,"victory":false,"max_hp_per_floor":[71,71,71,71,71,71,71,71,71,71,76,76,76,76,76,76],"card_choices":[{"not_picked":["Undo","Go for the Eyes"],"picked":"Streamline","floor":1.0},{"not_picked":["Hologram","Blizzard"],"picked":"Self Repair","floor":3.0},{"not_picked":["Darkness","Recycle"],"picked":"Reinforced Body","floor":6.0},{"not_picked":["Compile Driver","Capacitor","Hello World"],"picked":"SKIP","floor":10.0},{"not_picked":["Gash","Turbo"],"picked":"Cold Snap","floor":12.0},{"not_picked":["Auto Shields","Redo","Go for the Eyes"],"picked":"SKIP","floor":14.0}],"player_experience":906884,"relics_obtained":[{"floor":6.0,"key":"Blue Candle"},{"floor":9.0,"key":"Mummified Hand"},{"floor":12.0,"key":"Oddly Smooth Stone"}],"event_choices":[{"damage_healed":0.0,"max_hp_gain":0.0,"max_hp_loss":0.0,"gold_gain":0.0,"event_name":"Scrap Ooze","player_choice":"Success","floor":4.0,"gold_loss":0.0,"damage_taken":35.0,"relics_obtained":["PreservedInsect"]},{"damage_healed":0.0,"max_hp_gain":0.0,"max_hp_loss":0.0,"gold_gain":64.0,"event_name":"Golden Wing","player_choice":"Gained Gold","floor":5.0,"gold_loss":0.0,"damage_taken":0.0},{"damage_healed":0.0,"max_hp_gain":5.0,"max_hp_loss":0.0,"gold_gain":0.0,"event_name":"Big Fish","player_choice":"Donut","floor":11.0,"gold_loss":0.0,"damage_taken":0.0}],"is_beta":false,"boss_relics":[],"items_purged_floors":[13],"is_endless":false,"potions_floor_spawned":[1,14],"killed_by":"Hexaghost","ascension_level":20}