{"gold_per_floor":[99,19,19,19,0,0,0,0,0,0,0,0],"floor_reached":12,"playtime":294,"items_purged":[],"score":152,"play_id":"3bc72604-3e9f-4eff-ad33-d54a46b04830","local_time":"20181104133827","is_ascension_mode":true,"campfire_choices":[{"data":"Poisoned Stab","floor":6,"key":"SMITH"},{"data":"Poisoned Stab","floor":8,"key":"SMITH"},{"floor":11,"key":"REST"}],"neow_cost":"NONE","seed_source_timestamp":98195589329108,"circlet_count":0,"master_deck":["AscendersBane","Defend_G","Defend_G","Defend_G","Defend_G","Defend_G","Strike_G","Strike_G","Strike_G","Strike_G","Strike_G","Survivor","Neutralize","Noxious Fumes","Caltrops","Poisoned Stab+1","Footwork","Poisoned Stab+1","Catalyst"],"relics":["Ectoplasm","Shuriken","Pen Nib"],"potions_floor_usage":[7,12],"damage_taken":[{"damage":0,"enemies":"2 Louse","floor":1,"turns":2},{"damage":4,"enemies":"Jaw Worm","floor":3,"turns":5},{"damage":3,"enemies":"Small Slimes","floor":4,"turns":4},{"damage":31,"enemies":"Gremlin Nob","floor":7,"turns":4},{"damage":12,"enemies":"Gremlin Gang","floor":10,"turns":5},{"damage":23,"enemies":"3 Sentries","floor":12,"turns":5}],"seed_played":"2178306862812671855","potions_obtained":[{"floor":3,"key":"Fire Potion"},{"floor":7,"key":"LiquidBronze"},{"floor":10,"key":"SpeedPotion"}],"is_trial":false,"path_per_floor":["M","$","M","M","?","R","E","R","T","M","R","E"],"character_chosen":"THE_SILENT","items_purchased":["Caltrops"],"campfire_rested":1,"item_purchase_floors":[2],"current_hp_per_floor":[59,59,55,52,52,52,21,21,21,9,28,5],"gold":0,"neow_bonus":"BOSS_RELIC","is_prod":false,"is_daily":false,"chose_seed":false,"campfire_upgraded":2,"win_rate":0,"timestamp":1541335107,"path_taken":["M","$","M","M","?","R","E","R","T","M","R","E"],"build_version":"2018-11-02","purchased_purges":0,"victory":false,"max_hp_per_floor":[66,66,66,66,66,66,66,66,66,66,66,66],"card_choices":[{"not_picked":["Deflect","Prepared"],"picked":"Noxious Fumes","floor":1},{"not_picked":["Flying Knee","Skewer"],"picked":"Poisoned Stab","floor":3},{"not_picked":["Acrobatics","Accuracy"],"picked":"Footwork","floor":4},{"not_picked":["Finisher","Adrenaline"],"picked":"Poisoned Stab","floor":7},{"not_picked":["Dagger Throw","Dodge and Roll"],"picked":"Catalyst","floor":10}],"player_experience":737920,"relics_obtained":[{"floor":7,"key":"Shuriken"},{"floor":9,"key":"Pen Nib"}],"event_choices":[{"damage_healed":0,"gold_gain":0,"player_choice":"Left Gold","damage_taken":0,"max_hp_gain":0,"max_hp_loss":0,"event_name":"World of Goop","floor":5,"gold_loss":19}],"is_beta":true,"boss_relics":[],"items_purged_floors":[],"is_endless":false,"potions_floor_spawned":[3,7,10],"killed_by":"3 Sentries","ascension_level":19}