{"gold_per_floor":[113,123,137,183,183,183,203,238,289,30,30,30,62,81,81,154,154,169,169,94,107,29,58,58,58,58,76,76,76,93,0,0,72,72,92,92,192,192,192,221,141,152,152,152,163,188,188,202,202,202],"floor_reached":50,"playtime":1410,"items_purged":["Strike_B","Strike_B+1"],"score":989,"play_id":"706ad662-7a5e-4485-8536-e31912217fdf","local_time":"20190406152722","is_ascension_mode":true,"campfire_choices":[{"data":"Chaos","floor":6.0,"key":"SMITH"},{"data":"Defragment","floor":11.0,"key":"SMITH"},{"floor":15.0,"key":"REST"},{"floor":24.0,"key":"REST"},{"floor":28.0,"key":"REST"},{"floor":32,"key":"REST"},{"data":"Buffer","floor":44,"key":"SMITH"},{"floor":47,"key":"REST"},{"floor":49,"key":"REST"}],"neow_cost":"NONE","seed_source_timestamp":16613859712899,"circlet_count":0,"master_deck":["AscendersBane","Strike_B+1","Defend_B+1","Defend_B+1","Defend_B+1","Defend_B+1","Zap","Dualcast","Chaos+1","Gash","Defragment+1","Loop","Glacier+1","Echo Form","Skim+1","Buffer+1","Echo Form+1","Double Energy+1","Echo Form+1","Tempest+1","Darkness+1","Self Repair+1"],"special_seed":0,"relics":["Cracked Core","Bronze Scales","Bag of Marbles","Ancient Tea Set","Toxic Egg 2","Du-Vu Doll","Question Card","Sozu","Frozen Egg 2","The Courier","Inserter","Ginger","Mummified Hand","Boot","Bottled Flame","DataDisk"],"potions_floor_usage":[33],"damage_taken":[{"damage":1.0,"enemies":"Cultist","floor":1.0,"turns":3.0},{"damage":0.0,"enemies":"2 Louse","floor":2.0,"turns":3.0},{"damage":2.0,"enemies":"Jaw Worm","floor":3.0,"turns":3.0},{"damage":5.0,"enemies":"Looter","floor":7.0,"turns":3.0},{"damage":18.0,"enemies":"3 Sentries","floor":8.0,"turns":6.0},{"damage":36.0,"enemies":"Gremlin Nob","floor":13.0,"turns":4.0},{"damage":7.0,"enemies":"Exordium Thugs","floor":14.0,"turns":3.0},{"damage":11.0,"enemies":"The Guardian","floor":16.0,"turns":11.0},{"damage":18.0,"enemies":"Shell Parasite","floor":18.0,"turns":5.0},{"damage":7.0,"enemies":"3 Byrds","floor":21.0,"turns":3.0},{"damage":22.0,"enemies":"Book of Stabbing","floor":23.0,"turns":6.0},{"damage":15.0,"enemies":"Centurion and Healer","floor":27.0,"turns":6.0},{"damage":6.0,"enemies":"Sentry and Sphere","floor":30.0,"turns":5.0},{"damage":32,"enemies":"Automaton","floor":33,"turns":9},{"damage":4,"enemies":"Orb Walker","floor":35,"turns":5},{"damage":0,"enemies":"Mind Bloom Boss Battle","floor":37,"turns":5},{"damage":0,"enemies":"Giant Head","floor":40,"turns":8},{"damage":27,"enemies":"3 Darklings","floor":42,"turns":4},{"damage":16,"enemies":"Sphere and 2 Shapes","floor":45,"turns":4},{"damage":14,"enemies":"Nemesis","floor":46,"turns":5},{"damage":49,"enemies":"4 Shapes","floor":48,"turns":6},{"damage":60,"enemies":"Awakened One","floor":50,"turns":3}],"seed_played":"-7253161783224669166","potions_obtained":[{"floor":1.0,"key":"Dexterity Potion"},{"floor":3.0,"key":"Explosive Potion"},{"floor":8.0,"key":"SteroidPotion"},{"floor":16.0,"key":"GamblersBrew"}],"is_trial":false,"path_per_floor":["M","M","M","T","?","R","M","E","T","$","R","?","E","M","R","B",null,"M","?","$","M","$","E","R","?","T","M","R","?","M","?","R","B",null,"M","?","?","T","?","E","$","M","T","R","M","E","R","M","R","B"],"character_chosen":"DEFECT","items_purchased":["Toxic Egg 2","Buffer"],"campfire_rested":6,"item_purchase_floors":[10,22],"current_hp_per_floor":[70,70,68,68,73,73,68,50,50,50,50,50,14,7,31,20,67,49,37,37,30,30,8,32,32,32,17,41,41,35,35,59,27,69,65,65,65,65,65,65,65,38,38,38,22,28,52,23,47,0],"gold":202,"neow_bonus":"TEN_PERCENT_HP_BONUS","is_prod":false,"is_daily":false,"chose_seed":false,"campfire_upgraded":3,"win_rate":0,"timestamp":1554557242,"path_taken":["M","M","M","?","?","R","M","E","T","?","R","?","E","M","R","BOSS","M","?","$","?","$","E","R","?","T","M","R","?","?","?","R","BOSS","M","?","?","?","?","E","$","M","T","R","?","E","R","M","R","BOSS"],"build_version":"2019-01-23","purchased_purges":2,"victory":false,"max_hp_per_floor":[78,78,78,78,83,83,83,83,83,83,83,83,83,83,83,83,83,83,83,83,83,83,83,83,83,83,83,83,83,83,83,83,83,83,83,83,83,83,83,83,83,83,83,83,83,83,83,83,83,83],"card_choices":[{"not_picked":["Go for the Eyes","Force Field"],"picked":"Chaos","floor":1.0},{"not_picked":["Skim","Cold Snap","Barrage"],"picked":"SKIP","floor":2.0},{"not_picked":["Redo","Coolheaded"],"picked":"Gash","floor":3.0},{"not_picked":["Ball Lightning","Rebound"],"picked":"Defragment","floor":7.0},{"not_picked":["Cold Snap","Scrape"],"picked":"Loop","floor":8.0},{"not_picked":["Ball Lightning","Compile Driver","Go for the Eyes"],"picked":"SKIP","floor":13.0},{"not_picked":["Streamline","Heatsinks","Sunder"],"picked":"Glacier+1","floor":14.0},{"not_picked":["Buffer","Meteor Strike","Amplify+1"],"picked":"Echo Form","floor":16.0},{"not_picked":["Ball Lightning","Force Field+1","Go for the Eyes","Beam Cell"],"picked":"SKIP","floor":18.0},{"not_picked":["Cold Snap","Barrage","Redo+1"],"picked":"Skim+1","floor":21.0},{"not_picked":["Redo+1","Rebound","Hologram+1"],"picked":"Echo Form","floor":23.0},{"not_picked":["Turbo+1","Ball Lightning","Chill+1"],"picked":"Double Energy+1","floor":27.0},{"not_picked":["Auto Shields+1","Sweeping Beam","Go for the Eyes","Undo+1"],"picked":"SKIP","floor":30.0},{"not_picked":["Biased Cognition+1","All For One","Machine Learning+1"],"picked":"Echo Form+1","floor":33},{"not_picked":["Steam+1","Auto Shields+1","Turbo+1","Ball Lightning+1"],"picked":"SKIP","floor":35},{"not_picked":["Hello World+1","Sweeping Beam","Redo+1"],"picked":"Tempest+1","floor":37},{"not_picked":["Rebound","Hyperbeam","Cold Snap"],"picked":"Darkness+1","floor":40},{"not_picked":["Aggregate+1","Chaos+1","Lockon","Leap+1"],"picked":"SKIP","floor":42},{"not_picked":["Streamline+1","Reprogram+1","White Noise+1"],"picked":"Self Repair+1","floor":45},{"not_picked":["Lockon","Turbo+1","Heatsinks+1","Rip and Tear+1"],"picked":"SKIP","floor":46},{"not_picked":["Streamline","Rebound","Leap+1","Go for the Eyes+1"],"picked":"SKIP","floor":48}],"player_experience":820367,"relics_obtained":[{"floor":4.0,"key":"Bronze Scales"},{"floor":8.0,"key":"Bag of Marbles"},{"floor":9.0,"key":"Ancient Tea Set"},{"floor":13.0,"key":"Question Card"},{"floor":23.0,"key":"Frozen Egg 2"},{"floor":26.0,"key":"The Courier"},{"floor":37,"key":"Ginger"},{"floor":38,"key":"Mummified Hand"},{"floor":40,"key":"Boot"},{"floor":43,"key":"Bottled Flame"},{"floor":46,"key":"DataDisk"}],"event_choices":[{"damage_healed":0.0,"max_hp_gain":5.0,"max_hp_loss":0.0,"gold_gain":0.0,"event_name":"Big Fish","player_choice":"Donut","floor":5.0,"gold_loss":0.0,"damage_taken":0.0},{"damage_healed":0.0,"max_hp_gain":0.0,"max_hp_loss":0.0,"gold_gain":0.0,"event_name":"WeMeetAgain","player_choice":"Gave Potion","floor":12.0,"gold_loss":0.0,"damage_taken":0.0,"relics_obtained":["Du-Vu Doll"]},{"damage_healed":0.0,"max_hp_gain":0.0,"max_hp_loss":0.0,"gold_gain":0.0,"event_name":"Wheel of Change","player_choice":"Damaged","floor":19.0,"gold_loss":0.0,"damage_taken":12.0},{"damage_healed":0.0,"max_hp_gain":0.0,"max_hp_loss":0.0,"gold_gain":0.0,"event_name":"Back to Basics","player_choice":"Simplicity","floor":25.0,"gold_loss":0.0,"damage_taken":0.0,"cards_upgraded":["Strike_B","Strike_B","Strike_B","Defend_B","Defend_B","Defend_B","Defend_B"]},{"damage_healed":0.0,"max_hp_gain":0.0,"max_hp_loss":0.0,"gold_gain":0.0,"event_name":"The Mausoleum","player_choice":"Ignored","floor":29.0,"gold_loss":0.0,"damage_taken":0.0},{"damage_healed":0,"gold_gain":0,"player_choice":"Paid Fearfully","damage_taken":0,"max_hp_gain":0,"max_hp_loss":0,"event_name":"Masked Bandits","floor":31,"gold_loss":93},{"damage_healed":0,"gold_gain":0,"player_choice":"Ignored","damage_taken":0,"max_hp_gain":0,"max_hp_loss":0,"event_name":"Tomb of Lord Red Mask","floor":36,"gold_loss":0},{"damage_healed":0,"gold_gain":0,"player_choice":"Fight","damage_taken":0,"max_hp_gain":0,"max_hp_loss":0,"event_name":"MindBloom","floor":37,"gold_loss":0},{"cards_removed":["Strike_B"],"damage_healed":0,"gold_gain":0,"player_choice":"Offered Basic","damage_taken":0,"max_hp_gain":0,"max_hp_loss":0,"event_name":"Bonfire Elementals","floor":39,"gold_loss":0}],"is_beta":false,"boss_relics":[{"not_picked":["Eternal Feather","FrozenCore"],"picked":"Sozu"},{"not_picked":["Pandora\u0027s Box","Cursed Key"],"picked":"Inserter"}],"items_purged_floors":[20,41],"is_endless":false,"potions_floor_spawned":[1,3,8,16,21,30,40,45,48],"killed_by":"Awakened One","ascension_level":15}