{"gold_per_floor":[109,109,124,135,135,135,100,100,100,118,62,62,93,93,93,93],"floor_reached":16,"playtime":442,"items_purged":[],"score":196,"play_id":"4d4f30bd-eb74-494c-a2ac-53e31db5b6eb","local_time":"20181028102744","is_ascension_mode":true,"campfire_choices":[{"data":"Body Slam","floor":6,"key":"SMITH"},{"data":"Metallicize","floor":8,"key":"SMITH"},{"floor":15,"key":"REST"}],"neow_cost":"NONE","seed_source_timestamp":1527027167853,"circlet_count":0,"master_deck":["Strike_R","Strike_R","Strike_R+1","Strike_R","Strike_R+1","Defend_R","Defend_R","Defend_R","Defend_R","Bash","AscendersBane","Impatience","Body Slam+1","Metallicize+1","Warcry","True Grit","Juggernaut"],"relics":["Burning Blood","FaceOfCleric","Golden Idol","Ornamental Fan","Pen Nib"],"potions_floor_usage":[13,16],"damage_taken":[{"damage":9,"enemies":"Jaw Worm","floor":1,"turns":3},{"damage":6,"enemies":"Cultist","floor":3,"turns":3},{"damage":0,"enemies":"2 Louse","floor":4,"turns":4},{"damage":13,"enemies":"2 Fungi Beasts","floor":10,"turns":5},{"damage":24,"enemies":"Gremlin Nob","floor":13,"turns":4},{"damage":59,"enemies":"The Guardian","floor":16,"turns":9}],"seed_played":"3846536647259479829","potions_obtained":[{"floor":1,"key":"Explosive Potion"},{"floor":10,"key":"Regen Potion"}],"is_trial":false,"path_per_floor":["M","?","M","M","?","R","?","R","T","M","$","?","E","?","R"],"character_chosen":"IRONCLAD","items_purchased":["True Grit"],"campfire_rested":1,"item_purchase_floors":[11],"current_hp_per_floor":[65,65,66,73,47,47,66,66,66,60,60,37,20,20,43,0],"gold":93,"neow_bonus":"RANDOM_COLORLESS","is_prod":false,"is_daily":false,"chose_seed":false,"campfire_upgraded":2,"win_rate":0,"timestamp":1540718864,"path_taken":["M","?","M","M","?","R","?","R","T","?","$","?","E","?","R","BOSS"],"build_version":"2018-10-25v2","purchased_purges":0,"victory":false,"max_hp_per_floor":[75,75,76,77,77,77,77,77,77,78,78,78,79,79,79,79],"card_choices":[{"not_picked":["Anger","Armaments"],"picked":"Body Slam","floor":1},{"not_picked":["Havoc","Anger"],"picked":"Metallicize","floor":3},{"not_picked":["Heavy Blade","Headbutt"],"picked":"Warcry","floor":4},{"not_picked":["Reckless Charge","Pommel Strike","Wild Strike"],"picked":"SKIP","floor":10},{"not_picked":["Seeing Red","Havoc"],"picked":"Juggernaut","floor":13}],"player_experience":708663,"relics_obtained":[{"floor":9,"key":"Ornamental Fan"},{"floor":13,"key":"Pen Nib"}],"event_choices":[{"damage_healed":0,"gold_gain":0,"player_choice":"Trade","damage_taken":0,"relics_obtained":["FaceOfCleric"],"max_hp_gain":0,"max_hp_loss":0,"event_name":"FaceTrader","floor":2,"gold_loss":0},{"damage_healed":0,"gold_gain":0,"player_choice":"Take Damage","damage_taken":26,"relics_obtained":["Golden Idol"],"max_hp_gain":0,"max_hp_loss":0,"event_name":"Golden Idol","floor":5,"gold_loss":0},{"damage_healed":19,"gold_gain":0,"player_choice":"Healed","damage_taken":0,"max_hp_gain":0,"max_hp_loss":0,"event_name":"The Cleric","floor":7,"gold_loss":35},{"damage_healed":0,"gold_gain":0,"player_choice":"Entered Light","damage_taken":23,"max_hp_gain":0,"max_hp_loss":0,"event_name":"Shining Light","floor":12,"gold_loss":0,"cards_upgraded":["Strike_R","Strike_R"]},{"damage_healed":0,"gold_gain":0,"player_choice":"Ignored","damage_taken":0,"max_hp_gain":0,"max_hp_loss":0,"event_name":"Liars Game","floor":14,"gold_loss":0}],"is_beta":true,"boss_relics":[],"items_purged_floors":[],"is_endless":false,"potions_floor_spawned":[1,10],"killed_by":"The Guardian","ascension_level":20}