{"gold_per_floor":[113,124,141,33,98,132,149,161,216,227,256,256,256,290,290,390,420,438,131,131,141,158,158,33,33,33,65,65,83,113,126,126,228,228,243,262,0,0,11,37,48,82,133,133,153,199,227,247,247,247],"floor_reached":51,"playtime":5148,"items_purged":["Strike_G","Strike_G","Defend_G"],"score":874,"play_id":"de39cb6e-297c-4943-b139-2ace4a2672fd","local_time":"20180707004523","is_ascension_mode":false,"campfire_choices":[{"data":"Prepared","floor":12.0,"key":"SMITH"},{"floor":15.0,"key":"REST"},{"data":"Dagger Throw","floor":23.0,"key":"SMITH"},{"data":"Dash","floor":25.0,"key":"SMITH"},{"data":"Tools of the Trade","floor":32.0,"key":"SMITH"},{"data":"After Image","floor":44,"key":"SMITH"},{"floor":49,"key":"REST"}],"neow_cost":"NONE","seed_source_timestamp":0,"circlet_count":0,"master_deck":["Defend_G","Defend_G+1","Strike_G","Survivor","Neutralize","All Out Attack","Dash+1","Masterful Stab","Prepared+1","Underhanded Strike","Backflip","Dagger Spray","Tools of the Trade+1","Storm of Steel","Necronomicurse","Dagger Throw+1","Tactician","Eviscerate+1","Underhanded Strike+1","Underhanded Strike+1","Tools of the Trade","Finisher+1","Footwork+1","Glass Knife+1","Prepared","Backstab+1","Sucker Punch+1","Acrobatics+1","After Image+1","Underhanded Strike+1","Dagger Throw+1","Dagger Throw+1"],"special_seed":0,"relics":["White Beast Statue","Ornamental Fan","Ancient Tea Set","Matryoshka","Potion Belt","Tiny House","Toy Ornithopter","Necronomicon","Letter Opener","Bottled Flame","Dodecahedron","Paper Crane","Tough Bandages","Molten Egg 2","Astrolabe","Red Mask","Bronze Scales","Bottled Tornado","Juzu Bracelet","Ginger","Pear"],"potions_floor_usage":[40,42,46,47,48,50,50,50,50,50],"damage_taken":[{"damage":0.0,"enemies":"Cultist","floor":1.0,"turns":4.0},{"damage":1.0,"enemies":"Small Slimes","floor":2.0,"turns":2.0},{"damage":2.0,"enemies":"2 Louse","floor":3.0,"turns":2.0},{"damage":0.0,"enemies":"3 Sentries","floor":6.0,"turns":5.0},{"damage":0.0,"enemies":"Looter","floor":7.0,"turns":2.0},{"damage":0.0,"enemies":"Lots of Slimes","floor":8.0,"turns":1.0},{"damage":7.0,"enemies":"Exordium Thugs","floor":10.0,"turns":4.0},{"damage":14.0,"enemies":"Gremlin Nob","floor":11.0,"turns":5.0},{"damage":14.0,"enemies":"Lagavulin","floor":14.0,"turns":9.0},{"damage":35.0,"enemies":"The Guardian","floor":16.0,"turns":14.0},{"damage":14.0,"enemies":"Shell Parasite","floor":18.0,"turns":8.0},{"damage":6.0,"enemies":"3 Byrds","floor":21.0,"turns":5.0},{"damage":10.0,"enemies":"Slaver and Parasite","floor":22.0,"turns":8.0},{"damage":0.0,"enemies":"Slavers","floor":27.0,"turns":4.0},{"damage":5.0,"enemies":"Centurion and Healer","floor":29.0,"turns":5.0},{"damage":0.0,"enemies":"Gremlin Leader","floor":30.0,"turns":8.0},{"damage":0.0,"enemies":"3 Cultists","floor":31.0,"turns":5.0},{"damage":19.0,"enemies":"Collector","floor":33.0,"turns":8.0},{"damage":3.0,"enemies":"Orb Walker","floor":35.0,"turns":2.0},{"damage":0.0,"enemies":"3 Shapes","floor":36.0,"turns":3.0},{"damage":3.0,"enemies":"Sphere and 2 Shapes","floor":39.0,"turns":3.0},{"damage":17,"enemies":"Nemesis","floor":40,"turns":7},{"damage":0,"enemies":"Maw","floor":41,"turns":6},{"damage":1,"enemies":"Giant Head","floor":42,"turns":6},{"damage":7,"enemies":"3 Darklings","floor":45,"turns":3},{"damage":0,"floor":46,"turns":3},{"damage":3,"enemies":"2 Orb Walkers","floor":47,"turns":4},{"damage":1,"enemies":"Sphere and 2 Shapes","floor":48,"turns":3},{"damage":8,"enemies":"Donu and Deca","floor":50,"turns":6}],"seed_played":"-5373414394876654924","potions_obtained":[{"floor":1.0,"key":"Explosive Potion"},{"floor":2.0,"key":"Block Potion"},{"floor":3.0,"key":"Fire Potion"},{"floor":6.0,"key":"Fire Potion"},{"floor":7.0,"key":"LiquidBronze"},{"floor":8.0,"key":"Weak Potion"},{"floor":10.0,"key":"Weak Potion"},{"floor":11.0,"key":"GhostInAJar"},{"floor":14.0,"key":"Regen Potion"},{"floor":16.0,"key":"Block Potion"},{"floor":17.0,"key":"PowerPotion"},{"floor":18.0,"key":"GamblersBrew"},{"floor":21.0,"key":"Block Potion"},{"floor":22.0,"key":"Block Potion"},{"floor":27.0,"key":"AttackPotion"},{"floor":29.0,"key":"Explosive Potion"},{"floor":30.0,"key":"Energy Potion"},{"floor":31.0,"key":"SpeedPotion"},{"floor":33.0,"key":"LiquidBronze"},{"floor":35.0,"key":"PowerPotion"},{"floor":36.0,"key":"Weak Potion"},{"floor":39.0,"key":"SpeedPotion"},{"floor":40,"key":"LiquidBronze"},{"floor":41,"key":"SteroidPotion"},{"floor":42,"key":"Strength Potion"},{"floor":45,"key":"FearPotion"},{"floor":46,"key":"Regen Potion"},{"floor":47,"key":"Fire Potion"},{"floor":48,"key":"Regen Potion"}],"is_trial":false,"path_per_floor":["M","M","M","$","?","E","M","M","T","M","E","R","?","E","R","B",null,"M","$","?","M","M","R","$","R","T","E","T","M","E","M","R","B",null,"M","M","?","?","M","E","M","E","T","R","M","?","E","M","R","B"],"character_chosen":"THE_SILENT","items_purchased":["Masterful Stab","Toy Ornithopter"],"campfire_rested":2,"item_purchase_floors":[4,19],"current_hp_per_floor":[70,69,67,67,67,67,67,67,67,60,46,46,46,32,53,18,75,61,61,45,39,49,49,49,49,49,49,49,47,53,56,56,37,75,72,75,75,68,68,54,54,56,56,56,49,52,71,73,85,85],"gold":247,"neow_bonus":"BOSS_RELIC","is_prod":false,"is_daily":false,"chose_seed":false,"campfire_upgraded":5,"win_rate":0,"timestamp":1530895523,"path_taken":["M","M","?","?","?","E","M","M","T","?","E","R","?","E","R","BOSS","M","$","?","?","M","R","?","R","T","E","?","?","E","M","R","BOSS","M","M","?","?","M","E","?","E","T","R","M","?","E","M","R","BOSS"],"build_version":"2018-07-05","purchased_purges":3,"victory":true,"max_hp_per_floor":[70,70,70,70,70,70,70,70,70,70,70,70,70,70,70,70,75,75,75,75,75,75,75,75,75,75,75,75,75,75,75,75,75,75,75,75,75,75,75,75,75,75,75,75,75,75,85,85,85,85],"card_choices":[{"not_picked":["Infinite Blades","Catalyst"],"picked":"All Out Attack","floor":1.0},{"not_picked":["Deflect","Sucker Punch","Outmaneuver"],"picked":"SKIP","floor":2.0},{"not_picked":["Bane","Noxious Fumes"],"picked":"Dash","floor":3.0},{"not_picked":["Crippling Poison","Burst"],"picked":"Prepared","floor":6.0},{"not_picked":["Flying Knee","Poisoned Stab"],"picked":"Underhanded Strike","floor":7.0},{"not_picked":["Deadly Poison","Riddle With Holes"],"picked":"Backflip","floor":8.0},{"not_picked":["Sucker Punch","Riddle With Holes"],"picked":"Dagger Spray","floor":10.0},{"not_picked":["Caltrops","Cloak And Dagger","Crippling Poison"],"picked":"SKIP","floor":11.0},{"not_picked":["Riddle With Holes","Cloak And Dagger"],"picked":"Tools of the Trade","floor":14.0},{"not_picked":["Corpse Explosion","Glass Knife"],"picked":"Storm of Steel","floor":16.0},{"not_picked":["PiercingWail","Bane","Deadly Poison"],"picked":"SKIP","floor":18.0},{"not_picked":["Dodge and Roll","Quick Slash","Deflect"],"picked":"SKIP","floor":21.0},{"not_picked":["Dodge and Roll","Flying Knee"],"picked":"Dagger Throw","floor":22.0},{"not_picked":["Heel Hook","Crippling Poison"],"picked":"Tactician","floor":27.0},{"not_picked":["Cloak And Dagger","Skewer"],"picked":"Eviscerate+1","floor":29.0},{"not_picked":["Noxious Fumes+1","Bouncing Flask"],"picked":"Underhanded Strike+1","floor":30.0},{"not_picked":["Backflip","Bouncing Flask+1"],"picked":"Underhanded Strike+1","floor":31.0},{"not_picked":["Corpse Explosion","Adrenaline"],"picked":"Tools of the Trade","floor":33.0},{"not_picked":["Noxious Fumes","Quick Slash+1"],"picked":"Prepared","floor":35.0},{"not_picked":["Acrobatics","Footwork"],"picked":"Backstab+1","floor":36.0},{"not_picked":["Dagger Spray+1","Deadly Poison"],"picked":"Sucker Punch+1","floor":39.0},{"not_picked":["Outmaneuver+1","Blade Dance+1"],"picked":"Acrobatics+1","floor":40},{"not_picked":["All Out Attack+1","Deadly Poison+1"],"picked":"After Image","floor":41},{"not_picked":["Deadly Poison+1","Bane+1","Cloak And Dagger+1"],"picked":"SKIP","floor":42},{"not_picked":["Predator+1","Deflect"],"picked":"Underhanded Strike+1","floor":45},{"not_picked":["Acrobatics","Bouncing Flask"],"picked":"Dagger Throw+1","floor":46},{"not_picked":["Storm of Steel","Flying Knee+1"],"picked":"Dagger Throw+1","floor":47},{"not_picked":["Predator+1","Slice+1","Finisher+1"],"picked":"SKIP","floor":48}],"player_experience":87520,"relics_obtained":[{"floor":6.0,"key":"Ornamental Fan"},{"floor":9.0,"key":"Ancient Tea Set"},{"floor":11.0,"key":"Matryoshka"},{"floor":14.0,"key":"Potion Belt"},{"floor":20.0,"key":"Necronomicon"},{"floor":26.0,"key":"Letter Opener"},{"floor":26.0,"key":"Bottled Flame"},{"floor":27.0,"key":"Dodecahedron"},{"floor":28.0,"key":"Paper Crane"},{"floor":28.0,"key":"Tough Bandages"},{"floor":30.0,"key":"Molten Egg 2"},{"floor":40,"key":"Bronze Scales"},{"floor":42,"key":"Bottled Tornado"},{"floor":43,"key":"Juzu Bracelet"},{"floor":46,"key":"Ginger"},{"floor":47,"key":"Pear"}],"event_choices":[{"event_name":"Golden Wing","player_choice":"Gained Gold","floor":5.0,"damage_taken":0.0},{"event_name":"Living Wall","player_choice":"Forget","floor":13.0,"damage_taken":0.0},{"event_name":"Cursed Tome","player_choice":"Obtained Book","floor":20.0,"damage_taken":0.0},{"event_name":"Tomb of Lord Red Mask","player_choice":"Paid","floor":37.0,"damage_taken":0.0},{"event_name":"Wheel of Change","player_choice":"Damage","floor":38.0,"damage_taken":0.0},{"event_name":"Mysterious Sphere","player_choice":"Fight","floor":46,"damage_taken":0}],"boss_relics":[{"not_picked":["Velvet Choker","Coffee Dripper"],"picked":"Tiny House"},{"not_picked":["Calling Bell","Sozu"],"picked":"Astrolabe"}],"items_purged_floors":[4,19,24],"is_endless":false,"potions_floor_spawned":[1,2,3,6,7,8,10,11,14,16,18,21,22,27,29,30,31,33,35,36,39,40,41,42,45,46,47,48],"ascension_level":0}