{"gold_per_floor":[119,139,41,41,41,41,56,81,111,111,124,124,134,146,146,241,241,255,255,272,272,272,272,284,284,284,284,332,232,246,257,257,353,353,365,94,94,194,194,194,194,194,194,207,241,341,341,361,361,361],"floor_reached":51,"playtime":2430,"items_purged":["Strike_P","Strike_P","Strike_P"],"score":885,"play_id":"3da3374b-e1ef-4a7a-b5d0-3d8fafc8ed18","local_time":"20191011174457","is_ascension_mode":true,"campfire_choices":[{"data":"Eruption","floor":6.0,"key":"SMITH"},{"data":"Eruption","floor":10.0,"key":"SMITH"},{"floor":12.0,"key":"REST"},{"floor":15.0,"key":"REST"},{"floor":23.0,"key":"DIG"},{"floor":25.0,"key":"DIG"},{"floor":27.0,"key":"DIG"},{"floor":32.0,"key":"DIG"},{"floor":41,"key":"DIG"},{"data":"TalkToTheHand","floor":47,"key":"SMITH"},{"floor":49,"key":"DIG"}],"neow_cost":"NONE","seed_source_timestamp":1889572333147,"circlet_count":0,"master_deck":["Defend_P","Defend_P","Eruption+1","Vigilance","Meditate","Consecrate","EmptyFist","Eruption+1","SignatureMove","InnerPeace","MentalFortress","FlurryOfBlows+1","FearNoEvil","CutThroughFate+1","MentalFortress","ConjureBlade","TalkToTheHand+1","FlurryOfBlows+1","Tantrum+1"],"special_seed":0,"relics":["VioletLotus","Question Card","Singing Bowl","Tiny Chest","Coffee Dripper","Shovel","Strawberry","Toy Ornithopter","PreservedInsect","Orichalcum","Vajra","Juzu Bracelet","SlaversCollar","DollysMirror","Ornamental Fan","Pen Nib","Pocketwatch","Nunchaku","Bronze Scales"],"potions_floor_usage":[45,46,50,50,50],"damage_taken":[{"damage":0.0,"enemies":"Cultist","floor":1.0,"turns":3.0},{"damage":5.0,"enemies":"Jaw Worm","floor":2.0,"turns":4.0},{"damage":0.0,"enemies":"2 Louse","floor":7.0,"turns":1.0},{"damage":27.0,"enemies":"Lagavulin","floor":8.0,"turns":7.0},{"damage":5.0,"enemies":"Gremlin Gang","floor":11.0,"turns":4.0},{"damage":1.0,"enemies":"Exordium Thugs","floor":13.0,"turns":3.0},{"damage":3.0,"enemies":"Looter","floor":14.0,"turns":2.0},{"damage":19.0,"enemies":"The Guardian","floor":16.0,"turns":8.0},{"damage":0.0,"enemies":"Shell Parasite","floor":18.0,"turns":3.0},{"damage":3.0,"enemies":"Spheric Guardian","floor":20.0,"turns":3.0},{"damage":2.0,"enemies":"Cultist and Chosen","floor":24.0,"turns":3.0},{"damage":6.0,"enemies":"Centurion and Healer","floor":30.0,"turns":3.0},{"damage":0.0,"enemies":"Snecko","floor":31.0,"turns":2.0},{"damage":42.0,"enemies":"Automaton","floor":33.0,"turns":8.0},{"damage":0,"enemies":"Orb Walker","floor":35,"turns":1},{"damage":11,"enemies":"3 Shapes","floor":44,"turns":3},{"damage":3,"enemies":"Reptomancer","floor":45,"turns":3},{"damage":0,"enemies":"Mind Bloom Boss Battle","floor":46,"turns":3},{"damage":2,"enemies":"Maw","floor":48,"turns":4},{"damage":50,"enemies":"Awakened One","floor":50,"turns":6}],"seed_played":"1741829134710012800","potions_obtained":[{"floor":1.0,"key":"Strength Potion"},{"floor":2.0,"key":"Block Potion"},{"floor":11.0,"key":"Explosive Potion"},{"floor":16.0,"key":"Fire Potion"},{"floor":30.0,"key":"EssenceOfSteel"},{"floor":31.0,"key":"FearPotion"},{"floor":33.0,"key":"SkillPotion"},{"floor":44,"key":"EssenceOfSteel"},{"floor":45,"key":"BottledMiracle"},{"floor":46,"key":"PowerPotion"}],"is_trial":false,"path_per_floor":["M","M","$","?","?","R","M","E","T","R","M","R","M","M","R","B",null,"M","?","M","T","?","R","M","R","T","R","T","$","M","M","R","B",null,"M","$","?","?","?","?","R","?","T","M","E","?","R","M","R","B",null],"character_chosen":"WATCHER","items_purchased":["EmptyFist","DollysMirror"],"campfire_rested":2,"item_purchase_floors":[3,36],"current_hp_per_floor":[65,60,60,48,48,48,48,21,21,21,16,37,36,35,57,40,67,67,67,64,64,50,57,57,57,57,57,57,57,53,53,53,16,73,73,73,73,73,73,73,73,73,73,64,66,73,73,73,73,38],"gold":361,"neow_bonus":"BOSS_RELIC","is_prod":false,"is_daily":false,"chose_seed":false,"campfire_upgraded":3,"win_rate":0,"timestamp":1570783497,"path_taken":["M","M","$","?","?","R","M","E","T","R","?","R","M","M","R","BOSS","M","?","?","?","?","R","M","R","T","R","?","$","M","M","R","BOSS","M","$","?","?","?","?","R","?","T","M","E","?","R","M","R","BOSS"],"build_version":"2019-10-10","purchased_purges":3,"victory":true,"max_hp_per_floor":[72,72,72,72,72,72,72,72,72,72,72,72,72,74,74,76,76,76,76,76,76,81,88,90,90,90,90,90,90,92,92,92,92,92,92,92,92,92,92,92,92,92,92,94,94,96,96,98,98,98],"card_choices":[{"not_picked":["SashWhip","BattleHymn"],"picked":"Meditate","floor":1.0},{"not_picked":["EmptyBody","PathToVictory"],"picked":"Consecrate","floor":2.0},{"not_picked":["WindmillStrike","Protect","PathToVictory"],"picked":"SignatureMove","floor":7.0},{"not_picked":["Scrawl","Devotion","Indignation"],"picked":"InnerPeace","floor":8.0},{"not_picked":["FlyingSleeves","Worship","SignatureMove"],"picked":"MentalFortress","floor":11.0},{"not_picked":["FlyingSleeves","Wallop","SpiritShield"],"picked":"FlurryOfBlows","floor":13.0},{"not_picked":["ReachHeaven","FlyingSleeves","Prostrate","Swivel"],"picked":"Singing Bowl","floor":14.0},{"not_picked":["Omniscience","Devotion","MasterReality","DevaForm"],"picked":"Singing Bowl","floor":16.0},{"not_picked":["BowlingBash+1","JustLucky","Halt"],"picked":"FearNoEvil","floor":18.0},{"not_picked":["SashWhip","BattleHymn","Protect+1"],"picked":"CutThroughFate+1","floor":20.0},{"not_picked":["SandsOfTime+1","PathToVictory","Crescendo","LessonLearned"],"picked":"Singing Bowl","floor":24.0},{"not_picked":["Meditate","EmptyFist","CrushJoints","FlyingSleeves"],"picked":"Singing Bowl","floor":30.0},{"not_picked":["Crescendo","Prostrate","Collect+1"],"picked":"MentalFortress","floor":31.0},{"not_picked":["Establishment","DeusExMachina","Judgement"],"picked":"ConjureBlade","floor":33.0},{"not_picked":["Flick","CrushJoints","Indignation+1"],"picked":"TalkToTheHand","floor":35},{"not_picked":["Scrawl","PathToVictory","Sanctity+1","EmptyMind"],"picked":"Singing Bowl","floor":44},{"not_picked":["BowlingBash","CrushJoints","Crescendo+1"],"picked":"Tantrum+1","floor":45},{"not_picked":["Perseverance","ForeignInfluence+1","InnerPeace+1","PathToVictory"],"picked":"Singing Bowl","floor":46},{"not_picked":["PathToVictory","Wallop","Perseverance+1","ClearTheMind+1"],"picked":"Singing Bowl","floor":48}],"player_experience":581235,"relics_obtained":[{"floor":8.0,"key":"Singing Bowl"},{"floor":9.0,"key":"Tiny Chest"},{"floor":21.0,"key":"Shovel"},{"floor":23.0,"key":"Strawberry"},{"floor":25.0,"key":"Toy Ornithopter"},{"floor":26.0,"key":"PreservedInsect"},{"floor":27.0,"key":"Orichalcum"},{"floor":28.0,"key":"Vajra"},{"floor":32.0,"key":"Juzu Bracelet"},{"floor":41,"key":"Ornamental Fan"},{"floor":43,"key":"Pen Nib"},{"floor":45,"key":"Pocketwatch"},{"floor":46,"key":"Nunchaku"},{"floor":49,"key":"Bronze Scales"}],"event_choices":[{"damage_healed":0.0,"max_hp_gain":0.0,"max_hp_loss":0.0,"gold_gain":0.0,"event_name":"Scrap Ooze","player_choice":"Success","floor":4.0,"gold_loss":0.0,"damage_taken":12.0,"relics_obtained":["Question Card"]},{"damage_healed":0.0,"max_hp_gain":0.0,"max_hp_loss":0.0,"gold_gain":0.0,"event_name":"Match and Keep!","player_choice":"1 cards matched","floor":5.0,"gold_loss":0.0,"damage_taken":0.0,"cards_obtained":["Eruption"]},{"damage_healed":0.0,"max_hp_gain":0.0,"max_hp_loss":0.0,"gold_gain":0.0,"event_name":"Accursed Blacksmith","player_choice":"Forge","floor":19.0,"gold_loss":0.0,"damage_taken":0.0,"cards_upgraded":["FlurryOfBlows"]},{"damage_healed":0.0,"max_hp_gain":5.0,"max_hp_loss":0.0,"gold_gain":0.0,"event_name":"Forgotten Altar","player_choice":"Shed Blood","floor":22.0,"gold_loss":0.0,"damage_taken":19.0},{"cards_removed":["Defend_P"],"damage_healed":0,"gold_gain":0,"player_choice":"Removed Skill","damage_taken":0,"max_hp_gain":0,"max_hp_loss":0,"event_name":"Falling","floor":37,"gold_loss":0},{"damage_healed":0,"gold_gain":100,"player_choice":"Pray","damage_taken":0,"max_hp_gain":0,"max_hp_loss":0,"event_name":"Golden Shrine","floor":38,"gold_loss":0},{"cards_removed":["Defend_P"],"damage_healed":0,"gold_gain":0,"player_choice":"Purged","damage_taken":0,"max_hp_gain":0,"max_hp_loss":0,"event_name":"Purifier","floor":39,"gold_loss":0},{"damage_healed":0,"gold_gain":0,"player_choice":"Ignored","damage_taken":0,"max_hp_gain":0,"max_hp_loss":0,"event_name":"Tomb of Lord Red Mask","floor":40,"gold_loss":0},{"cards_removed":["Strike_P"],"damage_healed":0,"gold_gain":0,"player_choice":"Offered Basic","damage_taken":0,"max_hp_gain":0,"max_hp_loss":0,"event_name":"Bonfire Elementals","floor":42,"gold_loss":0},{"damage_healed":0,"gold_gain":0,"player_choice":"Fight","damage_taken":0,"max_hp_gain":0,"max_hp_loss":0,"event_name":"MindBloom","floor":46,"gold_loss":0}],"is_beta":true,"boss_relics":[{"not_picked":["Velvet Choker","Tiny House"],"picked":"Coffee Dripper"},{"not_picked":["Pandora\u0027s Box","Black Star"],"picked":"SlaversCollar"}],"items_purged_floors":[3,29,36],"is_endless":false,"potions_floor_spawned":[1,2,11,16,30,31,33,44,45,46],"ascension_level":6}