{"gold_per_floor":[112,124,142,157,175,175,210,210,234,293,293,327,25,25,25,100,100,111,125,175,175],"floor_reached":21,"playtime":628,"items_purged":["Strike_B"],"score":368,"play_id":"ee726726-0434-4042-b09e-c02ca56d29c2","local_time":"20181012234915","is_ascension_mode":true,"campfire_choices":[{"data":"Zap","floor":6.0,"key":"SMITH"},{"data":"Machine Learning","floor":8,"key":"SMITH"},{"floor":11,"key":"REST"},{"floor":15,"key":"REST"}],"neow_cost":"NONE","seed_source_timestamp":19510469019780,"circlet_count":0,"master_deck":["Strike_B+1","Strike_B+1","Strike_B","Defend_B","Defend_B","Defend_B","Defend_B","Zap+1","Dualcast+1","AscendersBane","Electrodynamics","Steam+1","Coolheaded","Steam","Coolheaded","Machine Learning+1","Conserve Battery","Multi-Cast","Clumsy","Static Discharge","Injury","Decay"],"special_seed":0,"relics":["Cracked Core","Whetstone","War Paint","Tiny Chest","Bronze Scales","Bag of Preparation","SsserpentHead","Calling Bell","Vajra","Sundial","StoneCalendar"],"potions_floor_usage":[10,10],"damage_taken":[{"damage":0.0,"enemies":"Small Slimes","floor":1.0,"turns":2.0},{"damage":0.0,"enemies":"Cultist","floor":2.0,"turns":3.0},{"damage":1.0,"enemies":"2 Louse","floor":3.0,"turns":2.0},{"damage":0.0,"enemies":"2 Fungi Beasts","floor":4.0,"turns":2.0},{"damage":3.0,"enemies":"Looter","floor":5.0,"turns":3.0},{"damage":17,"enemies":"3 Sentries","floor":7,"turns":5},{"damage":12,"enemies":"Lagavulin","floor":10,"turns":4},{"damage":28,"enemies":"Gremlin Nob","floor":12,"turns":4},{"damage":22,"enemies":"The Guardian","floor":16,"turns":13},{"damage":29,"enemies":"2 Thieves","floor":18,"turns":3},{"damage":26,"enemies":"Chosen","floor":19,"turns":6},{"damage":7,"enemies":"3 Cultists","floor":21,"turns":2}],"seed_played":"-7997608077499884833","potions_obtained":[{"floor":3.0,"key":"Weak Potion"},{"floor":4.0,"key":"Poison Potion"}],"is_trial":false,"path_per_floor":["M","M","M","M","M","R","E","R","T","E","R","E","$","?","R","B",null,"M","M","?"],"character_chosen":"DEFECT","items_purchased":["Conserve Battery","Bag of Preparation"],"campfire_rested":2,"item_purchase_floors":[13,13],"current_hp_per_floor":[64,64,63,63,60,60,43,43,43,31,52,24,24,24,45,23,59,30,4,4,0],"gold":175,"neow_bonus":"ONE_RANDOM_RARE_CARD","is_prod":false,"is_daily":false,"chose_seed":false,"campfire_upgraded":2,"win_rate":0,"timestamp":1539380955,"path_taken":["M","M","M","M","M","R","E","R","T","E","R","E","$","?","R","BOSS","M","M","?","M"],"build_version":"2018-10-11","purchased_purges":1,"victory":false,"max_hp_per_floor":[71,71,71,71,71,71,71,71,71,71,71,71,71,71,71,71,71,71,71,71,71],"card_choices":[{"not_picked":["Cold Snap","Chaos"],"picked":"Steam","floor":1.0},{"not_picked":["Sweeping Beam","Streamline"],"picked":"Coolheaded","floor":2.0},{"not_picked":["Skim","Rebound"],"picked":"Steam","floor":3.0},{"not_picked":["Sweeping Beam","Compile Driver","Gash"],"picked":"SKIP","floor":4.0},{"not_picked":["Cold Snap","Steam"],"picked":"Coolheaded","floor":5.0},{"not_picked":["Redo","Coolheaded"],"picked":"Machine Learning","floor":7},{"not_picked":["Sweeping Beam","Darkness","Sunder"],"picked":"SKIP","floor":10},{"not_picked":["All For One","Ball Lightning","Doom and Gloom"],"picked":"SKIP","floor":12},{"not_picked":["Thunder Strike","Rainbow"],"picked":"Multi-Cast","floor":16},{"not_picked":["Rebound","Streamline+1","Lockon+1"],"picked":"SKIP","floor":18},{"not_picked":["Compile Driver","Steam"],"picked":"Static Discharge","floor":19}],"player_experience":676045,"relics_obtained":[{"floor":7,"key":"Whetstone"},{"floor":9,"key":"War Paint"},{"floor":10,"key":"Tiny Chest"},{"floor":12,"key":"Bronze Scales"},{"floor":17,"key":"Vajra"},{"floor":17,"key":"Sundial"},{"floor":17,"key":"StoneCalendar"}],"event_choices":[{"event_name":"FaceTrader","player_choice":"Trade","floor":14,"damage_taken":0},{"event_name":"Drug Dealer","player_choice":"Became Test Subject","floor":20,"damage_taken":0}],"is_beta":true,"boss_relics":[{"not_picked":["White Beast Statue","Runic Dome"],"picked":"Calling Bell"}],"items_purged_floors":[13],"is_endless":false,"potions_floor_spawned":[3,4,5,7],"killed_by":"3 Cultists","ascension_level":17}