{"gold_per_floor":[116,127,140,140,81,81,94,65,65,79,59,84,109,129,129],"floor_reached":15,"playtime":314,"items_purged":[],"score":169,"play_id":"d37892f9-b93a-44c8-b0c3-fd85f1d123ea","local_time":"20181017203810","is_ascension_mode":true,"campfire_choices":[{"data":"Entrench","floor":6,"key":"SMITH"},{"floor":15,"key":"REST"}],"neow_cost":"NONE","seed_source_timestamp":84732117734315,"circlet_count":0,"master_deck":["Strike_R","Strike_R","Strike_R","Strike_R","Strike_R","Defend_R","Defend_R","Defend_R","Defend_R","Bash","AscendersBane","Rage","Entrench+1","Armaments","Rage","Shrug It Off"],"special_seed":0,"relics":["Burning Blood","Boot","Golden Idol","Sundial","Oddly Smooth Stone"],"potions_floor_usage":[10],"damage_taken":[{"damage":2,"enemies":"2 Louse","floor":1,"turns":3},{"damage":4,"enemies":"Small Slimes","floor":2,"turns":3},{"damage":6,"enemies":"Cultist","floor":3,"turns":3},{"damage":18,"enemies":"Blue Slaver","floor":7,"turns":5},{"damage":19,"enemies":"Lots of Slimes","floor":10,"turns":5},{"damage":7,"enemies":"3 Louse","floor":12,"turns":6},{"damage":5,"enemies":"Looter","floor":14,"turns":4}],"seed_played":"7280434609525711302","potions_obtained":[{"floor":1,"key":"Poison Potion"},{"floor":2,"key":"LiquidBronze"},{"floor":7,"key":"BloodPotion"},{"floor":11,"key":"SpeedPotion"}],"is_trial":false,"path_per_floor":["M","M","M","?","$","R","M","$","T","M","?","M","T","M"],"character_chosen":"IRONCLAD","items_purchased":["Armaments","Shrug It Off"],"campfire_rested":1,"item_purchase_floors":[5,8],"current_hp_per_floor":[72,74,74,48,48,48,36,36,36,23,23,22,22,23,45],"gold":129,"neow_bonus":"RANDOM_COMMON_RELIC","is_prod":false,"is_daily":false,"chose_seed":false,"campfire_upgraded":1,"win_rate":0,"timestamp":1539801490,"path_taken":["M","M","M","?","$","R","M","$","T","M","?","M","?","M","R"],"build_version":"2018-10-17","purchased_purges":0,"victory":false,"max_hp_per_floor":[75,75,75,75,75,75,75,75,75,75,75,75,75,75,75],"card_choices":[{"not_picked":["Iron Wave","Burning Pact"],"picked":"Rage","floor":1},{"not_picked":["Anger","Havoc"],"picked":"Entrench","floor":2},{"not_picked":["Pommel Strike","Wild Strike","Blood for Blood"],"picked":"SKIP","floor":3},{"not_picked":["Thunderclap","Flex"],"picked":"Rage","floor":7},{"not_picked":["Pommel Strike","Clothesline","Berserk"],"picked":"SKIP","floor":10},{"not_picked":["Flex","Pommel Strike","Rampage"],"picked":"SKIP","floor":12},{"not_picked":["Clash","Twin Strike","True Grit"],"picked":"SKIP","floor":14}],"player_experience":694919,"relics_obtained":[{"floor":9,"key":"Sundial"},{"floor":13,"key":"Oddly Smooth Stone"}],"event_choices":[{"damage_healed":0,"gold_gain":0,"player_choice":"Take Damage","damage_taken":26,"relics_obtained":["Golden Idol"],"max_hp_gain":0,"max_hp_loss":0,"event_name":"Golden Idol","floor":4,"gold_loss":0},{"damage_healed":0,"gold_gain":0,"player_choice":"Bought 1 Potion","damage_taken":0,"max_hp_gain":0,"max_hp_loss":0,"event_name":"The Woman in Blue","floor":11,"gold_loss":0}],"is_beta":true,"boss_relics":[],"items_purged_floors":[],"is_endless":false,"potions_floor_spawned":[1,2,7,14],"ascension_level":18}