{"gold_per_floor":[116,66,66,76,76,110,128,128,128,163,163,176,192,205,205,308,308,326,326,326,343,194,219,219,119,145,145,165,241,271,288,288,393,393,412,766,641,621,636,636,671,671,726,726,726,743,743,240,240,240],"floor_reached":51,"playtime":2355,"items_purged":["Strike_R","Defend_R","Strike_R","Strike_R"],"score":846,"play_id":"cf30c7ad-7cf7-43de-80ae-6bedf97ad14e","local_time":"20181122203652","is_ascension_mode":false,"campfire_choices":[{"data":"1","floor":8.0,"key":"LIFT"},{"data":"2","floor":11.0,"key":"LIFT"},{"data":"3","floor":15.0,"key":"LIFT"},{"data":"Double Tap","floor":27.0,"key":"SMITH"},{"data":"Whirlwind","floor":32,"key":"SMITH"},{"data":"Whirlwind","floor":40,"key":"SMITH"},{"data":"Flex","floor":42,"key":"SMITH"},{"data":"Bash","floor":45,"key":"SMITH"},{"data":"Sword Boomerang","floor":47,"key":"SMITH"},{"data":"Forethought","floor":49,"key":"SMITH"}],"neow_cost":"NONE","seed_source_timestamp":1066071737765,"circlet_count":0,"master_deck":["Defend_R+1","Defend_R","Defend_R","Bash+1","Flex+1","Sword Boomerang+1","Thunderclap","Shrug It Off+1","Whirlwind+1","Feed","Flame Barrier+1","Clash+1","Double Tap+1","Pommel Strike","Cleave+1","Whirlwind+1","Reaper","Burning Pact+1","Enlightenment","Metallicize+1","Flex+1","Forethought+1","Purity","Clothesline"],"special_seed":0,"relics":["Burning Blood","NeowsBlessing","Darkstone Periapt","Girya","Pear","Strawberry","Mark of Pain","Oddly Smooth Stone","War Paint","Letter Opener","Centennial Puzzle","Runic Pyramid","Old Coin","The Courier","Tiny Chest","DollysMirror"],"potions_floor_usage":[28,31,33,36,50,50,50],"damage_taken":[{"damage":0.0,"enemies":"Small Slimes","floor":1.0,"turns":1.0},{"damage":0.0,"enemies":"2 Louse","floor":4.0,"turns":1.0},{"damage":0.0,"enemies":"Lagavulin","floor":6.0,"turns":2.0},{"damage":1.0,"enemies":"Cultist","floor":7.0,"turns":3.0},{"damage":30.0,"enemies":"Gremlin Nob","floor":10.0,"turns":4.0},{"damage":6.0,"enemies":"Blue Slaver","floor":12.0,"turns":4.0},{"damage":0.0,"enemies":"Exordium Thugs","floor":13.0,"turns":3.0},{"damage":0.0,"enemies":"3 Louse","floor":14.0,"turns":2.0},{"damage":61.0,"enemies":"The Guardian","floor":16.0,"turns":10.0},{"damage":0.0,"enemies":"3 Byrds","floor":18.0,"turns":4.0},{"damage":0.0,"enemies":"Chosen","floor":21.0,"turns":3.0},{"damage":40.0,"enemies":"Book of Stabbing","floor":23.0,"turns":6.0},{"damage":3,"enemies":"Sentry and Sphere","floor":28,"turns":3},{"damage":0,"enemies":"Slavers","floor":30,"turns":3},{"damage":4,"enemies":"Chosen and Byrds","floor":31,"turns":4},{"damage":67,"enemies":"Champ","floor":33,"turns":10},{"damage":0,"enemies":"3 Shapes","floor":35,"turns":2},{"damage":24,"enemies":"2 Orb Walkers","floor":36,"turns":3},{"damage":13,"enemies":"3 Darklings","floor":39,"turns":2},{"damage":92,"enemies":"Giant Head","floor":41,"turns":8},{"damage":1,"enemies":"Sphere and 2 Shapes","floor":46,"turns":3},{"damage":65,"enemies":"Time Eater","floor":50,"turns":8}],"seed_played":"6582216504108269796","potions_obtained":[{"floor":4.0,"key":"Fire Potion"},{"floor":6.0,"key":"GamblersBrew"},{"floor":12.0,"key":"AttackPotion"},{"floor":13.0,"key":"Fire Potion"},{"floor":16.0,"key":"Block Potion"},{"floor":30,"key":"PowerPotion"},{"floor":36,"key":"Weak Potion"},{"floor":38,"key":"EssenceOfSteel"}],"is_trial":false,"path_per_floor":["M","?","?","M","?","E","M","R","T","E","R","M","M","M","R","B",null,"M","?","?","M","$","E","?","$","T","R","M","T","E","M","R","B",null,"M","?","$","?","M","R","E","R","T","?","R","M","R","$","R","B",null],"character_chosen":"IRONCLAD","items_purchased":["Double Tap","DollysMirror","Strength Potion","Forethought","Purity","Clothesline"],"campfire_rested":0,"item_purchase_floors":[22,48,48,48,48,48],"current_hp_per_floor":[80,80,80,80,80,80,80,80,90,73,73,73,79,85,85,30,97,97,97,97,97,97,63,63,63,63,63,69,69,78,83,83,22,106,106,91,91,91,109,109,61,61,61,61,61,76,76,76,76,30],"gold":240,"neow_bonus":"THREE_ENEMY_KILL","is_prod":false,"is_daily":false,"chose_seed":false,"campfire_upgraded":7,"win_rate":0,"timestamp":1542890212,"path_taken":["M","?","?","?","?","E","M","R","T","E","R","M","M","M","R","BOSS","M","?","?","M","$","E","?","?","T","R","?","?","E","M","R","BOSS","M","?","$","?","?","R","E","R","T","?","R","M","R","$","R","BOSS"],"build_version":"2018-11-15","purchased_purges":4,"victory":true,"max_hp_per_floor":[80,80,80,80,80,80,80,80,90,97,97,97,97,97,97,97,97,97,97,97,97,97,97,97,97,97,97,100,100,103,106,106,106,106,106,109,109,109,109,109,109,109,109,109,109,112,112,112,112,112],"card_choices":[{"not_picked":["Clash","Evolve"],"picked":"Flex","floor":1.0},{"not_picked":["Flame Barrier","Power Through"],"picked":"Sword Boomerang","floor":4.0},{"not_picked":["Sentinel","True Grit"],"picked":"Thunderclap","floor":6.0},{"not_picked":["Sever Soul","Body Slam"],"picked":"Shrug It Off","floor":7.0},{"not_picked":["Body Slam","Blood for Blood","Searing Blow"],"picked":"SKIP","floor":10.0},{"not_picked":["Spot Weakness","Wild Strike"],"picked":"Whirlwind","floor":12.0},{"not_picked":["True Grit","Hemokinesis","Warcry"],"picked":"SKIP","floor":13.0},{"not_picked":["Clothesline","Brutality","True Grit"],"picked":"SKIP","floor":14.0},{"not_picked":["Juggernaut","Bludgeon"],"picked":"Feed","floor":16.0},{"not_picked":["Twin Strike","Iron Wave+1"],"picked":"Flame Barrier+1","floor":18.0},{"not_picked":["Wild Strike","Armaments+1"],"picked":"Clash+1","floor":21.0},{"not_picked":["Hemokinesis+1","Metallicize","Carnage+1"],"picked":"SKIP","floor":23.0},{"not_picked":["Thunderclap","Searing Blow"],"picked":"Pommel Strike","floor":28},{"not_picked":["Feel No Pain","Fire Breathing"],"picked":"Cleave+1","floor":30},{"not_picked":["Thunderclap+1","True Grit+1"],"picked":"Whirlwind","floor":31},{"not_picked":["Limit Break","Barricade"],"picked":"Reaper","floor":33},{"not_picked":["Warcry","Sword Boomerang","Pommel Strike"],"picked":"SKIP","floor":35},{"not_picked":["Warcry","Pommel Strike"],"picked":"Burning Pact+1","floor":36},{"not_picked":["Wild Strike+1","Perfected Strike","Barricade"],"picked":"SKIP","floor":39},{"not_picked":["Sentinel","Ghostly Armor","Heavy Blade"],"picked":"SKIP","floor":41},{"not_picked":["Master of Strategy","Forethought"],"picked":"Enlightenment","floor":44},{"not_picked":["Sentinel+1","Heavy Blade+1"],"picked":"Metallicize+1","floor":46}],"player_experience":449871,"relics_obtained":[{"floor":3.0,"key":"Darkstone Periapt"},{"floor":6.0,"key":"Girya"},{"floor":9.0,"key":"Pear"},{"floor":10.0,"key":"Strawberry"},{"floor":23.0,"key":"Oddly Smooth Stone"},{"floor":26.0,"key":"War Paint"},{"floor":29,"key":"Letter Opener"},{"floor":30,"key":"Centennial Puzzle"},{"floor":36,"key":"Old Coin"},{"floor":41,"key":"The Courier"},{"floor":43,"key":"Tiny Chest"}],"event_choices":[{"cards_removed":["Strike_R"],"damage_healed":0.0,"max_hp_gain":0.0,"max_hp_loss":0.0,"gold_gain":0.0,"event_name":"The Cleric","player_choice":"Card Removal","floor":2.0,"gold_loss":50.0,"damage_taken":0.0},{"damage_healed":0.0,"max_hp_gain":0.0,"max_hp_loss":0.0,"gold_gain":0.0,"event_name":"Wheel of Change","player_choice":"Relic","floor":3.0,"gold_loss":0.0,"damage_taken":0.0},{"damage_healed":0.0,"max_hp_gain":0.0,"max_hp_loss":0.0,"gold_gain":0.0,"event_name":"NoteForYourself","player_choice":"Ignored","floor":5.0,"gold_loss":0.0,"damage_taken":0.0},{"cards_removed":["Strike_R"],"damage_healed":0.0,"max_hp_gain":0.0,"max_hp_loss":0.0,"gold_gain":0.0,"event_name":"Back to Basics","player_choice":"Elegance","floor":19.0,"gold_loss":0.0,"damage_taken":0.0},{"damage_healed":0.0,"max_hp_gain":0.0,"max_hp_loss":0.0,"gold_gain":0.0,"event_name":"Vampires","player_choice":"Ignored","floor":20.0,"gold_loss":0.0,"damage_taken":0.0},{"damage_healed":0.0,"max_hp_gain":0.0,"max_hp_loss":0.0,"gold_gain":0.0,"event_name":"Ghosts","player_choice":"Ignored","floor":24.0,"gold_loss":0.0,"damage_taken":0.0},{"damage_healed":0,"gold_gain":0,"player_choice":"Fight","damage_taken":0,"max_hp_gain":0,"max_hp_loss":0,"event_name":"Mysterious Sphere","floor":36,"gold_loss":0},{"damage_healed":0,"gold_gain":0,"player_choice":"Bought 1 Potion","damage_taken":0,"max_hp_gain":0,"max_hp_loss":0,"event_name":"The Woman in Blue","floor":38,"gold_loss":0},{"damage_healed":0,"gold_gain":0,"player_choice":"Memory 1","damage_taken":0,"max_hp_gain":0,"max_hp_loss":0,"event_name":"SensoryStone","floor":44,"gold_loss":0}],"is_beta":false,"boss_relics":[{"not_picked":["Tiny House","Black Blood"],"picked":"Mark of Pain"},{"not_picked":["Lizard Tail","Astrolabe"],"picked":"Runic Pyramid"}],"items_purged_floors":[22,25,37,48],"is_endless":false,"potions_floor_spawned":[4,6,12,13,16,23,30,36],"ascension_level":0}