{"gold_per_floor":[110,110,121,134,147,147,167,184,184,199,199,218,237,261,261,358,358,371,371,296,312,323,323,323,223,223,223,98,0,16,16,16,16],"floor_reached":33,"playtime":2045,"items_purged":["Strike_G","Strike_G","Defend_G"],"score":241,"play_id":"661ad3c0-68b1-4fef-8dd1-0f2cf5d8cbe7","local_time":"20180726222418","is_ascension_mode":false,"campfire_choices":[{"data":"Neutralize","floor":6.0,"key":"SMITH"},{"data":"Prepared","floor":11.0,"key":"SMITH"},{"data":"Backflip","floor":15.0,"key":"SMITH"},{"floor":23.0,"key":"REST"},{"data":"Acrobatics","floor":27,"key":"SMITH"},{"floor":32,"key":"REST"}],"neow_cost":"NONE","seed_source_timestamp":373801568899,"circlet_count":0,"master_deck":["Defend_G","Defend_G","Defend_G","Strike_G","Strike_G","Strike_G","Survivor","Neutralize+1","Dagger Throw","Dagger Spray","Backflip+1","Prepared+1","Underhanded Strike","Backstab","Tools of the Trade+1","Acrobatics+1","Dagger Throw"],"special_seed":0,"relics":["Lizard Tail"],"potions_floor_usage":[33],"damage_taken":[{"damage":0.0,"enemies":"Small Slimes","floor":1.0,"turns":4.0},{"damage":2.0,"enemies":"Cultist","floor":3.0,"turns":5.0},{"damage":3.0,"enemies":"Jaw Worm","floor":4.0,"turns":3.0},{"damage":2.0,"enemies":"Blue Slaver","floor":5.0,"turns":4.0},{"damage":12.0,"enemies":"Gremlin Gang","floor":7.0,"turns":5.0},{"damage":0.0,"enemies":"Red Slaver","floor":8.0,"turns":4.0},{"damage":3.0,"enemies":"Exordium Wildlife","floor":10.0,"turns":4.0},{"damage":3.0,"enemies":"Looter","floor":12.0,"turns":4.0},{"damage":0.0,"enemies":"2 Fungi Beasts","floor":13.0,"turns":2.0},{"damage":6.0,"floor":14.0,"turns":3.0},{"damage":15.0,"enemies":"The Guardian","floor":16.0,"turns":15.0},{"damage":23.0,"enemies":"Spheric Guardian","floor":18.0,"turns":6.0},{"damage":19.0,"enemies":"2 Thieves","floor":21.0,"turns":5.0},{"damage":22.0,"enemies":"Snecko","floor":22.0,"turns":6.0},{"damage":8,"enemies":"Chosen and Byrds","floor":30,"turns":7},{"damage":108,"enemies":"Champ","floor":33,"turns":15}],"seed_played":"-3192159843517429826","potions_obtained":[{"floor":3.0,"key":"AttackPotion"},{"floor":5.0,"key":"GhostInAJar"},{"floor":7.0,"key":"Strength Potion"},{"floor":13.0,"key":"Poison Potion"},{"floor":16.0,"key":"AttackPotion"},{"floor":22.0,"key":"Swift Potion"}],"is_trial":false,"path_per_floor":["M","?","M","M","M","R","M","M","T","M","R","M","M","?","R","B",null,"M","?","$","M","M","R","?","$","T","R","$","?","M","$","R"],"character_chosen":"THE_SILENT","items_purchased":[],"campfire_rested":2,"item_purchase_floors":[],"current_hp_per_floor":[70,70,68,65,63,63,51,51,51,48,48,45,45,39,39,24,70,47,47,47,28,6,27,27,27,27,27,27,27,19,19,40,0],"gold":16,"neow_bonus":"BOSS_RELIC","is_prod":false,"is_daily":false,"chose_seed":false,"campfire_upgraded":4,"win_rate":0,"timestamp":1532615058,"path_taken":["M","?","M","M","M","R","?","M","T","M","R","M","M","?","R","BOSS","M","?","$","M","M","R","?","?","T","R","$","?","M","?","R","BOSS"],"build_version":"2018-07-19v2","purchased_purges":3,"victory":false,"max_hp_per_floor":[70,70,70,70,70,70,70,70,70,70,70,70,70,70,70,70,70,70,70,70,70,70,70,70,70,70,70,70,70,70,70,70,70],"card_choices":[{"not_picked":["Concentrate","Deadly Poison"],"picked":"Dagger Throw","floor":1.0},{"not_picked":["Outmaneuver","Footwork","Flying Knee"],"picked":"SKIP","floor":3.0},{"not_picked":["Footwork","Flechettes","Infinite Blades"],"picked":"SKIP","floor":4.0},{"not_picked":["Eviscerate","Bane"],"picked":"Dagger Spray","floor":5.0},{"not_picked":["Cloak And Dagger","Deadly Poison"],"picked":"Backflip","floor":7.0},{"not_picked":["Cloak And Dagger","Distraction"],"picked":"Prepared","floor":8.0},{"not_picked":["Setup","PiercingWail","Concentrate"],"picked":"SKIP","floor":10.0},{"not_picked":["Flechettes","Expertise"],"picked":"Underhanded Strike","floor":12.0},{"not_picked":["Deadly Poison","Bullet Time"],"picked":"Backstab","floor":13.0},{"not_picked":["Venomology","Phantasmal Killer"],"picked":"Tools of the Trade","floor":16.0},{"not_picked":["Leg Sweep","Poisoned Stab","Cloak And Dagger"],"picked":"SKIP","floor":18.0},{"not_picked":["Dodge and Roll","Deflect","Catalyst+1"],"picked":"SKIP","floor":21.0},{"not_picked":["Skewer","PiercingWail"],"picked":"Acrobatics","floor":22.0},{"not_picked":["Predator","Masterful Stab"],"picked":"Dagger Throw","floor":30}],"player_experience":218336,"relics_obtained":[],"event_choices":[{"event_name":"Purifier","player_choice":"One Purge","floor":2.0,"damage_taken":0.0},{"event_name":"Mushrooms","player_choice":"Fought Mushrooms","floor":14.0,"damage_taken":0.0},{"event_name":"Ghosts","player_choice":"Ignored","floor":19.0,"damage_taken":0.0},{"event_name":"Accursed Blacksmith","player_choice":"Forge","floor":24.0,"damage_taken":0.0},{"event_name":"Masked Bandits","player_choice":"Paid Bandits 98 gold","floor":29,"damage_taken":0}],"is_beta":false,"boss_relics":[{"not_picked":["Runic Pyramid","Ectoplasm","Cursed Key"]}],"items_purged_floors":[20,25,28],"is_endless":false,"potions_floor_spawned":[3,5,7,13,14,16,22],"killed_by":"Champ","ascension_level":0}