{"gold_per_floor":[116,66,66,77,92,92,102,102,127,127,127,52,52,80,80,184,184,198,218,234,245,245,245,245,255,255,268,168,168,185,196,196,297,297,311,311,311,186,186,186,45,45,122,122,133,144,97,115,115,115],"floor_reached":50,"playtime":2967,"items_purged":["Strike_B","Defend_B","Defend_B"],"score":497,"play_id":"614242dd-223c-45da-9cd8-7d4398bcc872","local_time":"20180722015044","is_ascension_mode":true,"campfire_choices":[{"data":"Tempest","floor":6.0,"key":"SMITH"},{"data":"Electrodynamics","floor":8.0,"key":"SMITH"},{"data":"Zap","floor":13.0,"key":"SMITH"},{"data":"Hologram","floor":15.0,"key":"SMITH"},{"floor":23.0,"key":"REST"},{"floor":29.0,"key":"REST"},{"floor":32.0,"key":"REST"},{"data":"Dualcast","floor":40.0,"key":"SMITH"},{"floor":42.0,"key":"DIG"},{"data":"Barrage","floor":44.0,"key":"SMITH"},{"floor":49,"key":"REST"}],"neow_cost":"","seed_source_timestamp":9509717602645,"circlet_count":0,"master_deck":["Defend_B","Zap+1","Dualcast+1","Tempest+1","Compile Driver","Barrage+1","Electrodynamics+1","Seek","Hologram+1","Rainbow","Streamline","Leap+1","Defragment+1","Hologram","Capacitor","Sweeping Beam+1","Conserve Battery","Buffer+1","Tempest","Tempest","Go for the Eyes+1","Barrage+1","Streamline+1","Cold Snap+1"],"special_seed":0,"relics":["Cracked Core","DataDisk","Odd Mushroom","White Beast Statue","Nilry\u0027s Codex","Shovel","Nuclear Battery","CultistMask","Centennial Puzzle","Molten Egg 2"],"potions_floor_usage":[48,50,50],"damage_taken":[{"damage":1.0,"enemies":"2 Louse","floor":1.0,"turns":2.0},{"damage":7.0,"enemies":"Small Slimes","floor":4.0,"turns":3.0},{"damage":11.0,"enemies":"Cultist","floor":5.0,"turns":4.0},{"damage":0.0,"enemies":"Large Slime","floor":7.0,"turns":3.0},{"damage":0.0,"floor":14.0,"turns":1.0},{"damage":26.0,"enemies":"The Guardian","floor":16.0,"turns":10.0},{"damage":22.0,"enemies":"2 Thieves","floor":18.0,"turns":2.0},{"damage":0.0,"enemies":"3 Byrds","floor":19.0,"turns":1.0},{"damage":12.0,"enemies":"Cultist and Chosen","floor":20.0,"turns":2.0},{"damage":19.0,"enemies":"Snake Plant","floor":21.0,"turns":2.0},{"damage":13.0,"enemies":"Snecko","floor":25.0,"turns":3.0},{"damage":2.0,"enemies":"Chosen and Byrds","floor":27.0,"turns":3.0},{"damage":12.0,"enemies":"Cultist and Chosen","floor":30.0,"turns":2.0},{"damage":15.0,"enemies":"Snake Plant","floor":31.0,"turns":3.0},{"damage":41.0,"enemies":"Champ","floor":33.0,"turns":10.0},{"damage":0.0,"enemies":"Flame Bruiser 1 Orb","floor":35.0,"turns":4.0},{"damage":31.0,"enemies":"3 Darklings","floor":45.0,"turns":3.0},{"damage":7.0,"enemies":"Transient","floor":46.0,"turns":5.0},{"damage":5,"enemies":"Spire Growth","floor":48,"turns":3},{"damage":71,"enemies":"Awakened One","floor":50,"turns":11}],"seed_played":"6584181274213505742","potions_obtained":[{"floor":5.0,"key":"Regen Potion"},{"floor":14.0,"key":"SteroidPotion"},{"floor":16.0,"key":"SteroidPotion"},{"floor":18.0,"key":"Explosive Potion"},{"floor":20.0,"key":"Fire Potion"},{"floor":21.0,"key":"FearPotion"},{"floor":25.0,"key":"FairyPotion"},{"floor":27.0,"key":"PowerPotion"},{"floor":30.0,"key":"Energy Potion"},{"floor":31.0,"key":"SpeedPotion"},{"floor":33.0,"key":"SteroidPotion"},{"floor":35.0,"key":"SteroidPotion"},{"floor":45.0,"key":"EssenceOfSteel"},{"floor":48,"key":"FearPotion"}],"is_trial":false,"path_per_floor":["M","?","$","M","M","R","M","R","T","?","?","$","R","?","R","B",null,"M","M","M","M","?","R","?","M","T","M","$","R","M","M","R","B",null,"M","?","?","$","?","R","$","R","T","R","M","M","$","M","R"],"character_chosen":"DEFECT","items_purchased":["Tempest","FairyPotion","Streamline+1"],"campfire_rested":4,"item_purchase_floors":[41,41,47],"current_hp_per_floor":[74,74,74,67,56,56,56,56,56,56,49,49,49,49,49,23,75,53,53,41,27,11,33,33,20,20,18,18,40,28,13,35,6,75,75,75,75,75,75,75,75,75,75,75,44,37,37,32,54,0],"gold":115,"neow_bonus":"","is_prod":false,"is_daily":false,"chose_seed":false,"campfire_upgraded":6,"win_rate":0,"timestamp":1532195444,"path_taken":["M","?","$","M","M","R","M","R","T","?","?","$","R","?","R","BOSS","M","M","M","?","?","R","?","M","T","M","$","R","M","M","R","BOSS","M","?","?","$","?","R","$","R","T","R","?","M","?","M","R","BOSS"],"build_version":"2018-07-19v2","purchased_purges":3,"victory":false,"max_hp_per_floor":[75,75,75,75,75,75,75,75,75,75,75,75,75,75,75,75,75,75,75,75,75,75,75,75,75,75,75,75,75,75,75,75,75,75,75,75,75,75,75,75,75,75,75,75,75,75,75,75,75,75],"card_choices":[{"not_picked":["Hologram","Barrage"],"picked":"Tempest","floor":1.0},{"not_picked":["Aggregate","Steam"],"picked":"Compile Driver","floor":4.0},{"not_picked":["Hologram","Fusion"],"picked":"Barrage","floor":5.0},{"not_picked":["Blizzard","Force Field"],"picked":"Electrodynamics","floor":7.0},{"not_picked":["Conserve Battery","Capacitor"],"picked":"Hologram","floor":14.0},{"not_picked":["Echo Form","Amplify"],"picked":"Rainbow","floor":16.0},{"not_picked":["Barrage","Genetic Algorithm"],"picked":"Streamline","floor":18.0},{"not_picked":["Hologram","Undo+1"],"picked":"Leap+1","floor":19.0},{"not_picked":["Recycle","Gash"],"picked":"Defragment+1","floor":20.0},{"not_picked":["Steam+1","Streamline"],"picked":"Hologram","floor":21.0},{"not_picked":["Stack","Hello World+1","Blizzard"],"picked":"SKIP","floor":25.0},{"not_picked":["Leap","Rebound"],"picked":"Sweeping Beam+1","floor":27.0},{"not_picked":["Hologram","Heatsinks"],"picked":"Conserve Battery","floor":30.0},{"not_picked":["Coolheaded","Meteor Strike","Doom and Gloom+1"],"picked":"SKIP","floor":31.0},{"not_picked":["Hyperbeam","Meteor Strike"],"picked":"Buffer","floor":33.0},{"not_picked":["Steam+1","Sweeping Beam+1"],"picked":"Tempest","floor":35.0},{"not_picked":["Gash+1","Skim"],"picked":"Go for the Eyes+1","floor":45.0},{"not_picked":["Rebound+1","Stack+1"],"picked":"Barrage+1","floor":46},{"not_picked":["Sweeping Beam+1","Compile Driver+1"],"picked":"Cold Snap+1","floor":48}],"player_experience":181404,"relics_obtained":[{"floor":9.0,"key":"DataDisk"},{"floor":14.0,"key":"Odd Mushroom"},{"floor":22.0,"key":"Nilry\u0027s Codex"},{"floor":26.0,"key":"Shovel"},{"floor":42.0,"key":"Centennial Puzzle"},{"floor":43.0,"key":"Molten Egg 2"}],"event_choices":[{"event_name":"The Cleric","player_choice":"Card Removal","floor":2.0,"damage_taken":0.0},{"event_name":"Transmorgrifier","player_choice":"Transform","floor":10.0,"damage_taken":0.0},{"event_name":"Golden Wing","player_choice":"Card Removal","floor":11.0,"damage_taken":0.0},{"event_name":"Mushrooms","player_choice":"Fought Mushrooms","floor":14.0,"damage_taken":0.0},{"event_name":"Cursed Tome","player_choice":"Obtained Book","floor":22.0,"damage_taken":0.0},{"event_name":"Transmorgrifier","player_choice":"Transform","floor":24.0,"damage_taken":0.0},{"event_name":"FaceTrader","player_choice":"Trade","floor":36.0,"damage_taken":0.0},{"event_name":"Tomb of Lord Red Mask","player_choice":"Ignored","floor":37.0,"damage_taken":0.0},{"event_name":"Accursed Blacksmith","player_choice":"Forge","floor":39.0,"damage_taken":0.0}],"is_beta":false,"boss_relics":[{"not_picked":["Eternal Feather","Sozu"],"picked":"White Beast Statue"},{"not_picked":["Orrery","Philosopher\u0027s Stone"],"picked":"Nuclear Battery"}],"items_purged_floors":[12,28,38],"is_endless":false,"potions_floor_spawned":[5,14,16,18,19,20,21,25,27,30,31,33,35,45,46,48],"killed_by":"Awakened One","ascension_level":3}