{"gold_per_floor":[112,132,31,31,44,44,60,76,103,103,103,103,134,34,34,107,107,95,10,24,24],"floor_reached":21,"playtime":1065,"items_purged":["Regret","Strike_B"],"score":304,"play_id":"1bba44bb-24c2-42f9-96ba-07b8552bb0cf","local_time":"20180827232917","is_ascension_mode":true,"campfire_choices":[{"data":"Creative AI","floor":6,"key":"SMITH"},{"data":"Consume","floor":10,"key":"SMITH"},{"floor":12,"key":"REST"},{"data":"Zap","floor":15,"key":"SMITH"}],"neow_cost":"CURSE","seed_source_timestamp":138095887618391,"circlet_count":0,"master_deck":["Strike_B","Strike_B","Strike_B","Defend_B","Defend_B+1","Defend_B","Defend_B","Zap+1","Dualcast","AscendersBane","Loop","Cold Snap","Loop","Turbo","Turbo+1","Creative AI+1","Coolheaded","Double Energy","Consume+1","Seek","Echo Form","Loop","Streamline"],"relics":["Cracked Core","Prayer Wheel","Anchor","Ancient Tea Set","Inserter","Omamori"],"potions_floor_usage":[16,18],"damage_taken":[{"damage":2,"enemies":"Cultist","floor":1,"turns":4},{"damage":7,"enemies":"Small Slimes","floor":2,"turns":3},{"damage":0,"enemies":"2 Louse","floor":5,"turns":2},{"damage":13,"enemies":"Red Slaver","floor":7,"turns":4},{"damage":8,"enemies":"2 Fungi Beasts","floor":8,"turns":5},{"damage":24,"enemies":"Gremlin Nob","floor":13,"turns":4},{"damage":10,"enemies":"Hexaghost","floor":16,"turns":13},{"damage":30,"enemies":"2 Thieves","floor":18,"turns":4},{"damage":20,"enemies":"Spheric Guardian","floor":20,"turns":7},{"damage":14,"enemies":"Shelled Parasite and Fungi","floor":21,"turns":2}],"seed_played":"-5832106900051327002","potions_obtained":[{"floor":13,"key":"SkillPotion"},{"floor":16,"key":"Poison Potion"}],"is_trial":false,"path_per_floor":["M","M","$","?","M","R","M","M","T","R","?","R","E","$","R","B",null,"M","?","M"],"character_chosen":"DEFECT","items_purchased":["Turbo"],"campfire_rested":1,"item_purchase_floors":[3],"current_hp_per_floor":[62,55,55,41,41,41,28,20,20,20,20,41,17,17,17,14,57,27,27,7,0],"gold":24,"neow_bonus":"ONE_RARE_RELIC","is_prod":false,"is_daily":false,"chose_seed":false,"campfire_upgraded":3,"win_rate":0,"timestamp":1535405357,"path_taken":["M","?","$","?","M","R","M","M","T","R","?","R","E","$","R","BOSS","M","?","M","?"],"build_version":"2018-08-23v2","purchased_purges":2,"victory":false,"max_hp_per_floor":[71,71,71,71,71,71,71,71,71,71,71,71,71,71,71,71,71,71,71,71,71],"card_choices":[{"not_picked":["Gash","Compile Driver"],"picked":"Loop","floor":1},{"not_picked":["Redo","Steam"],"picked":"Cold Snap","floor":1},{"not_picked":["Hologram","Genetic Algorithm"],"picked":"Loop","floor":2},{"not_picked":["Gash","Rebound"],"picked":"Turbo","floor":2},{"not_picked":["Gash","Ball Lightning"],"picked":"Creative AI","floor":5},{"not_picked":["Gash","Ball Lightning"],"picked":"Coolheaded","floor":5},{"not_picked":["Tempest","Ball Lightning"],"picked":"Double Energy","floor":7},{"not_picked":["Streamline","Hologram"],"picked":"Consume","floor":7},{"not_picked":["Steam","Aggregate","Rebound"],"picked":"SKIP","floor":8},{"not_picked":["Rebound","Darkness","Sweeping Beam"],"picked":"SKIP","floor":8},{"not_picked":["Sweeping Beam","Gash"],"picked":"Seek","floor":13},{"not_picked":["Buffer","Meteor Strike"],"picked":"Echo Form","floor":16},{"not_picked":["Leap","Lockon"],"picked":"Loop","floor":18},{"not_picked":["Beam Cell","Gash"],"picked":"Streamline","floor":18},{"not_picked":["Darkness","Scrape","Aggregate"],"picked":"SKIP","floor":20},{"not_picked":["Hello World","FTL","Compile Driver"],"picked":"SKIP","floor":20}],"player_experience":567428,"relics_obtained":[{"floor":9,"key":"Anchor"},{"floor":13,"key":"Ancient Tea Set"}],"event_choices":[{"event_name":"Shining Light","player_choice":"Entered Light","floor":4,"damage_taken":0},{"event_name":"Scrap Ooze","player_choice":"unsuccessful","floor":11,"damage_taken":0},{"event_name":"Addict","player_choice":"Obtained Relic","floor":19,"damage_taken":0}],"is_beta":true,"boss_relics":[{"not_picked":["Runic Pyramid","Fusion Hammer"],"picked":"Inserter"}],"items_purged_floors":[3,14],"is_endless":false,"potions_floor_spawned":[13,16],"killed_by":"Shelled Parasite and Fungi","ascension_level":14}