{"gold_per_floor":[117,137,155,155,174,200,211,211,211,246,126,142,142,168,168,268,268,281,3,21,21,36,36],"floor_reached":23,"playtime":1546,"items_purged":["Strike_B","Strike_B"],"score":277,"play_id":"f2afb90f-b92f-4177-86aa-e0b6dd390bb3","local_time":"20180714134550","is_ascension_mode":true,"campfire_choices":[{"data":"Defragment","floor":8,"key":"SMITH"},{"data":"Defragment","floor":15,"key":"SMITH"}],"neow_cost":"","seed_source_timestamp":94600976729716,"circlet_count":0,"master_deck":["Strike_B+1","Strike_B","Defend_B","Defend_B","Defend_B","Defend_B","Zap","Dualcast","Defragment+1","Streamline+1","Beam Cell","Conserve Battery","Beam Cell+1","Defragment+1","Tempest","Ball Lightning","Go for the Eyes","Buffer","Ball Lightning","Storm","Seek","Buffer","Decay"],"relics":["Cracked Core","Anchor","Smiling Mask","Whetstone","Unceasing Top","Philosopher\u0027s Stone"],"potions_floor_usage":[5,5,14,14,20],"damage_taken":[{"damage":2,"enemies":"Jaw Worm","floor":1,"turns":3},{"damage":0,"enemies":"2 Louse","floor":2,"turns":1},{"damage":1,"enemies":"Cultist","floor":3,"turns":3},{"damage":0,"enemies":"Exordium Thugs","floor":5,"turns":2},{"damage":25,"enemies":"Lagavulin","floor":6,"turns":7},{"damage":3,"enemies":"Blue Slaver","floor":7,"turns":3},{"damage":17,"enemies":"3 Sentries","floor":10,"turns":7},{"damage":0,"enemies":"3 Louse","floor":12,"turns":2},{"damage":11,"enemies":"Lagavulin","floor":14,"turns":4},{"damage":2,"enemies":"Slime Boss","floor":16,"turns":6},{"damage":0,"enemies":"Spheric Guardian","floor":18,"turns":3},{"damage":17,"enemies":"2 Thieves","floor":20,"turns":3},{"damage":20,"enemies":"Chosen and Byrds","floor":22,"turns":4},{"damage":34,"enemies":"Slavers","floor":23,"turns":2}],"seed_played":"-5933009496412128504","potions_obtained":[{"floor":1,"key":"AttackPotion"},{"floor":2,"key":"AttackPotion"},{"floor":10,"key":"EssenceOfSteel"},{"floor":12,"key":"Energy Potion"},{"floor":16,"key":"Fire Potion"}],"is_trial":false,"path_per_floor":["M","M","M","?","M","E","M","R","T","E","$","M","?","E","R","B",null,"M","$","M","?","M"],"character_chosen":"DEFECT","items_purchased":["Tempest","Storm","Seek"],"campfire_rested":0,"item_purchase_floors":[11,19,19],"current_hp_per_floor":[66,66,65,65,65,40,37,37,37,20,20,20,45,34,34,32,64,64,64,47,47,27,0],"gold":36,"neow_bonus":"","is_prod":false,"is_daily":false,"chose_seed":false,"campfire_upgraded":2,"win_rate":0,"timestamp":1531568750,"path_taken":["M","M","M","?","M","E","M","R","T","E","?","M","?","E","R","BOSS","M","$","M","?","M","E"],"build_version":"2018-07-13","purchased_purges":2,"victory":false,"max_hp_per_floor":[75,75,75,75,75,75,75,75,75,75,75,75,75,75,75,75,75,75,75,75,75,75,75],"card_choices":[{"not_picked":["Darkness","Doom and Gloom"],"picked":"Defragment","floor":1},{"not_picked":["Compile Driver","Redo"],"picked":"Streamline","floor":2},{"not_picked":["Hologram","Hello World"],"picked":"Beam Cell","floor":3},{"not_picked":["Rip and Tear","Stack"],"picked":"Conserve Battery","floor":5},{"not_picked":["Redo","Hologram","Darkness"],"picked":"SKIP","floor":6},{"not_picked":["Tempest","White Noise"],"picked":"Beam Cell","floor":7},{"not_picked":["Go for the Eyes","Leap"],"picked":"Defragment","floor":10},{"not_picked":["Thunder Strike","Blizzard"],"picked":"Ball Lightning","floor":12},{"not_picked":["Blizzard","BootSequence"],"picked":"Go for the Eyes","floor":14},{"not_picked":["Seek","Fission"],"picked":"Buffer","floor":16},{"not_picked":["Conserve Battery","Compile Driver"],"picked":"Ball Lightning","floor":18},{"not_picked":["Go for the Eyes","Reprogram"],"picked":"Buffer","floor":20},{"not_picked":["Reprogram","Recycle","Hologram"],"picked":"SKIP","floor":22}],"player_experience":386288,"relics_obtained":[{"floor":6,"key":"Anchor"},{"floor":9,"key":"Smiling Mask"},{"floor":10,"key":"Whetstone"},{"floor":14,"key":"Unceasing Top"}],"event_choices":[{"event_name":"Living Wall","player_choice":"Grow","floor":4,"damage_taken":0},{"event_name":"Big Fish","player_choice":"Banana","floor":13,"damage_taken":0},{"event_name":"Wheel of Change","player_choice":"Curse","floor":21,"damage_taken":0}],"boss_relics":[{"not_picked":["Snecko Eye","Calling Bell"],"picked":"Philosopher\u0027s Stone"}],"items_purged_floors":[11,19],"is_endless":false,"potions_floor_spawned":[1,2,10,12,16],"killed_by":"Slavers","ascension_level":6}