{"gold_per_floor":[119,44,44,58,58,98,98,20,43,88,400,39,62,87,87,180,180,201,116,116,136,152,152,172,172,172,172,191,191,191,207,207,207],"floor_reached":33,"playtime":1824,"items_purged":["Strike_G"],"score":527,"play_id":"b9339517-8885-4481-af9f-a29b943ebeed","local_time":"20181030194153","is_ascension_mode":true,"campfire_choices":[{"data":"Noxious Fumes","floor":7,"key":"SMITH"},{"floor":15,"key":"REST"},{"data":"Footwork","floor":23,"key":"SMITH"},{"data":"Footwork","floor":25,"key":"SMITH"},{"data":"Noxious Fumes","floor":32,"key":"SMITH"}],"neow_cost":"NONE","seed_source_timestamp":206196505405881,"circlet_count":0,"master_deck":["Defend_G","Defend_G","Defend_G","Defend_G","Defend_G","Strike_G","Survivor","Neutralize+1","AscendersBane","Well Laid Plans","Noxious Fumes+1","Noxious Fumes+1","Footwork+1","Footwork+1","Malaise","Deadly Poison","Masterful Stab","Reflex","Caltrops"],"relics":["Ring of the Snake","NeowsBlessing","Golden Idol","Gambling Chip","MawBank","Odd Mushroom","Old Coin","TwistedFunnel","Busted Crown","Mummified Hand","Meat on the Bone"],"potions_floor_usage":[14,16,33],"damage_taken":[{"damage":0,"enemies":"2 Louse","floor":1,"turns":1},{"damage":0,"enemies":"Small Slimes","floor":4,"turns":1},{"damage":0,"enemies":"3 Sentries","floor":6,"turns":1},{"damage":16,"enemies":"The Mushroom Lair","floor":10,"turns":4},{"damage":0,"enemies":"Jaw Worm","floor":13,"turns":5},{"damage":5,"enemies":"Gremlin Gang","floor":14,"turns":3},{"damage":29,"enemies":"Slime Boss","floor":16,"turns":11},{"damage":0,"enemies":"Chosen","floor":18,"turns":6},{"damage":10,"enemies":"Spheric Guardian","floor":21,"turns":5},{"damage":0,"enemies":"Snecko","floor":22,"turns":7},{"damage":8,"enemies":"3 Cultists","floor":24,"turns":5},{"damage":0,"enemies":"Shelled Parasite and Fungi","floor":28,"turns":5},{"damage":5,"enemies":"Sentry and Sphere","floor":31,"turns":4},{"damage":41,"enemies":"Champ","floor":33,"turns":13}],"seed_played":"717876200883314549","potions_obtained":[{"floor":1,"key":"GhostInAJar"},{"floor":6,"key":"GamblersBrew"},{"floor":21,"key":"Ancient Potion"},{"floor":22,"key":"SteroidPotion"},{"floor":28,"key":"Poison Potion"}],"is_trial":false,"path_per_floor":["M","?","?","M","?","E","R","$","T","?","T","$","M","M","R","B",null,"M","?","?","M","M","R","M","R","T","?","M","?","?","M","R"],"character_chosen":"THE_SILENT","items_purchased":["Noxious Fumes","Footwork","TwistedFunnel"],"campfire_rested":1,"item_purchase_floors":[8,12,12],"current_hp_per_floor":[59,59,59,59,36,36,36,36,36,20,20,20,20,15,34,5,51,51,51,51,41,41,41,33,33,33,33,45,45,45,40,40,0],"gold":207,"neow_bonus":"THREE_ENEMY_KILL","is_prod":false,"is_daily":false,"chose_seed":false,"campfire_upgraded":4,"win_rate":0,"timestamp":1540924913,"path_taken":["M","?","?","?","?","E","R","$","T","?","?","$","M","?","R","BOSS","M","?","?","M","M","R","M","R","T","?","?","?","?","M","R","BOSS"],"build_version":"2018-10-29v2","purchased_purges":1,"victory":false,"max_hp_per_floor":[66,66,66,66,66,66,66,66,66,66,66,66,66,66,66,66,66,66,66,66,66,66,66,66,66,66,66,66,66,66,66,66,66],"card_choices":[{"not_picked":["Deflect","Dagger Throw"],"picked":"Well Laid Plans","floor":1},{"not_picked":["Underhanded Strike","Dagger Throw"],"picked":"Noxious Fumes","floor":4},{"not_picked":["Dagger Throw","Sucker Punch","Underhanded Strike"],"picked":"SKIP","floor":6},{"not_picked":["Slice","Underhanded Strike"],"picked":"Footwork","floor":13},{"not_picked":["Sucker Punch","Underhanded Strike","Quick Slash"],"picked":"SKIP","floor":14},{"not_picked":["Wraith Form v2","Tools of the Trade"],"picked":"Malaise","floor":16},{"not_picked":["Riddle With Holes"],"picked":"SKIP","floor":18},{"not_picked":["Calculated Gamble"],"picked":"SKIP","floor":21},{"not_picked":["Escape Plan"],"picked":"SKIP","floor":22},{"not_picked":["Bane"],"picked":"SKIP","floor":24},{"not_picked":["Slice"],"picked":"SKIP","floor":28},{"not_picked":[],"picked":"Caltrops","floor":31}],"player_experience":722966,"relics_obtained":[{"floor":6,"key":"Gambling Chip"},{"floor":9,"key":"MawBank"},{"floor":10,"key":"Odd Mushroom"},{"floor":11,"key":"Old Coin"},{"floor":26,"key":"Meat on the Bone"}],"event_choices":[{"cards_removed":["Strike_G"],"damage_healed":0,"gold_gain":0,"player_choice":"Card Removal","damage_taken":0,"max_hp_gain":0,"max_hp_loss":0,"event_name":"The Cleric","floor":2,"gold_loss":75},{"damage_healed":0,"gold_gain":0,"player_choice":"Grow","damage_taken":0,"max_hp_gain":0,"max_hp_loss":0,"event_name":"Living Wall","floor":3,"gold_loss":0,"cards_upgraded":["Neutralize"]},{"damage_healed":0,"gold_gain":0,"player_choice":"Take Damage","damage_taken":23,"relics_obtained":["Golden Idol"],"max_hp_gain":0,"max_hp_loss":0,"event_name":"Golden Idol","floor":5,"gold_loss":0},{"damage_healed":0,"gold_gain":0,"player_choice":"Fought Mushrooms","damage_taken":0,"max_hp_gain":0,"max_hp_loss":0,"event_name":"Mushrooms","floor":10,"gold_loss":0},{"damage_healed":0,"gold_gain":0,"player_choice":"Obtained Relic","damage_taken":0,"relics_obtained":["Mummified Hand"],"max_hp_gain":0,"max_hp_loss":0,"event_name":"Addict","floor":19,"gold_loss":85},{"damage_healed":0,"gold_gain":0,"player_choice":"Ignored","damage_taken":0,"max_hp_gain":0,"max_hp_loss":0,"event_name":"Cursed Tome","floor":20,"gold_loss":0},{"damage_healed":0,"gold_gain":0,"player_choice":"Read","damage_taken":0,"max_hp_gain":0,"max_hp_loss":0,"event_name":"The Library","floor":27,"gold_loss":0,"cards_obtained":["Deadly Poison"]},{"damage_healed":0,"gold_gain":0,"player_choice":"Ignored","damage_taken":0,"max_hp_gain":0,"max_hp_loss":0,"event_name":"Ghosts","floor":29,"gold_loss":0},{"damage_healed":0,"gold_gain":0,"cards_transformed":["Strike_G","Strike_G"],"player_choice":"Became Test Subject","damage_taken":0,"max_hp_gain":0,"max_hp_loss":0,"event_name":"Drug Dealer","floor":30,"gold_loss":0,"cards_obtained":["Masterful Stab","Reflex"]}],"is_beta":true,"boss_relics":[{"not_picked":["Ectoplasm","Astrolabe"],"picked":"Busted Crown"}],"items_purged_floors":[12],"is_endless":false,"potions_floor_spawned":[1,6,10,13,21,22,28],"killed_by":"Champ","ascension_level":19}