{"gold_per_floor":[115,31,31,42,42,42,67,142,142,142,142],"floor_reached":11,"playtime":122,"items_purged":[],"score":188,"play_id":"953023b5-7795-40dd-900a-8d906224ce2e","local_time":"20190628151543","is_ascension_mode":true,"campfire_choices":[{"data":"Leg Sweep","floor":6,"key":"SMITH"},{"data":"Blur","floor":10,"key":"SMITH"}],"neow_cost":"NONE","seed_source_timestamp":190603098970230,"circlet_count":0,"master_deck":["AscendersBane","Defend_G","Defend_G","Defend_G","Defend_G","Defend_G","Strike_G","Strike_G","Strike_G","Strike_G","Strike_G","Survivor","Neutralize","Well Laid Plans","Leg Sweep+1","Backflip","Blur+1"],"relics":["Ring of the Snake","NeowsBlessing","Strawberry","Matryoshka"],"potions_floor_usage":[],"damage_taken":[{"damage":0,"enemies":"2 Louse","floor":1,"turns":1},{"damage":0,"enemies":"Cultist","floor":4,"turns":1},{"damage":0,"enemies":"3 Sentries","floor":7,"turns":1},{"damage":0,"enemies":"Jaw Worm","floor":11,"turns":5}],"seed_played":"-5667098929562710563","potions_obtained":[{"floor":7,"key":"Strength Potion"}],"is_trial":false,"path_per_floor":["M","$","?","M","$","R","E","?","T","R","M"],"character_chosen":"THE_SILENT","items_purchased":["Leg Sweep"],"campfire_rested":0,"item_purchase_floors":[2],"current_hp_per_floor":[59,59,59,59,59,59,66,55,55,55,55],"gold":142,"neow_bonus":"THREE_ENEMY_KILL","is_prod":false,"is_daily":false,"chose_seed":false,"campfire_upgraded":2,"win_rate":0,"timestamp":1561727743,"path_taken":["M","$","?","?","?","R","E","?","T","R","M"],"build_version":"2019-01-23","purchased_purges":0,"victory":false,"max_hp_per_floor":[66,66,66,66,66,66,73,73,73,73,73],"card_choices":[{"not_picked":["Acrobatics","Quick Slash"],"picked":"Well Laid Plans","floor":1},{"not_picked":["Finisher","Acrobatics"],"picked":"Backflip","floor":4},{"not_picked":["Infinite Blades","Unload"],"picked":"Blur","floor":7}],"player_experience":899795,"relics_obtained":[{"floor":7,"key":"Strawberry"},{"floor":9,"key":"Matryoshka"}],"event_choices":[{"damage_healed":0,"gold_gain":0,"player_choice":"0 cards matched","damage_taken":0,"max_hp_gain":0,"max_hp_loss":0,"event_name":"Match and Keep!","floor":3,"gold_loss":0,"cards_obtained":[]},{"damage_healed":0,"gold_gain":75,"player_choice":"Gather Gold","damage_taken":11,"max_hp_gain":0,"max_hp_loss":0,"event_name":"World of Goop","floor":8,"gold_loss":0}],"is_beta":false,"boss_relics":[],"items_purged_floors":[],"is_endless":false,"potions_floor_spawned":[7],"killed_by":"Jaw Worm","ascension_level":20}