{"gold_per_floor":[109,120,120,0,20,20,31,64,364,380,405,405,417,110,110,208,208,227,245,66,80,80,80,113,113,113,113,130,149,162,12,12,116,116,136,136,186,186,202,233,233,248,297,297,329,348,348,107,107,107,107,107,56,83,83],"floor_reached":56,"playtime":1463,"items_purged":["Defend_R","Defend_R","Strike_R","Strike_R"],"score":1277,"play_id":"b384fa11-13d9-4821-9ff1-91ee47961d3f","local_time":"20191022161315","is_ascension_mode":false,"campfire_choices":[{"data":"Clash","floor":6.0,"key":"SMITH"},{"data":"Bash","floor":15.0,"key":"SMITH"},{"data":"Flex","floor":23,"key":"SMITH"},{"data":"Clash","floor":27,"key":"SMITH"},{"data":"Impervious","floor":32,"key":"SMITH"},{"data":"Offering","floor":41,"key":"SMITH"},{"data":"Limit Break","floor":44,"key":"SMITH"},{"floor":49,"key":"RECALL"},{"data":"Spot Weakness","floor":52,"key":"SMITH"}],"neow_cost":"NONE","seed_source_timestamp":449373030274427,"circlet_count":0,"master_deck":["Strike_R","Strike_R","Bash+1","Clash+1","Anger","Spot Weakness+1","Clash+1","Flex+1","Battle Trance+1","Impervious+1","Offering+1","Whirlwind+1","Heavy Blade+1","Limit Break+1"],"special_seed":0,"relics":["Burning Blood","CloakClasp","Old Coin","Odd Mushroom","Happy Flower","Coffee Dripper","Bottled Lightning","Enchiridion","Matryoshka","SlaversCollar","Prayer Wheel","Self Forming Clay","Toy Ornithopter","Vajra","Paper Frog","Blue Candle"],"potions_floor_usage":[16,18,33,33,33,37,50,54],"damage_taken":[{"damage":6.0,"enemies":"Cultist","floor":1.0,"turns":3.0},{"damage":4.0,"enemies":"Small Slimes","floor":2.0,"turns":4.0},{"damage":0.0,"enemies":"2 Louse","floor":5.0,"turns":2.0},{"damage":6.0,"enemies":"Lots of Slimes","floor":7.0,"turns":3.0},{"damage":26.0,"enemies":"Lagavulin","floor":8.0,"turns":4.0},{"damage":0.0,"enemies":"Gremlin Gang","floor":10.0,"turns":3.0},{"damage":11.0,"enemies":"The Mushroom Lair","floor":11.0,"turns":4.0},{"damage":7.0,"enemies":"Red Slaver","floor":13.0,"turns":2.0},{"damage":16,"enemies":"Slime Boss","floor":16,"turns":5},{"damage":16,"enemies":"2 Thieves","floor":18,"turns":2},{"damage":10,"enemies":"Chosen","floor":19,"turns":2},{"damage":10,"enemies":"Centurion and Healer","floor":21,"turns":3},{"damage":11,"enemies":"Book of Stabbing","floor":24,"turns":2},{"damage":0,"enemies":"Snake Plant","floor":28,"turns":2},{"damage":0,"enemies":"Shelled Parasite and Fungi","floor":29,"turns":2},{"damage":22,"enemies":"Snecko","floor":30,"turns":4},{"damage":17,"enemies":"Automaton","floor":33,"turns":6},{"damage":15,"enemies":"3 Darklings","floor":35,"turns":3},{"damage":6,"enemies":"Mind Bloom Boss Battle","floor":37,"turns":2},{"damage":6,"enemies":"Orb Walker","floor":39,"turns":1},{"damage":6,"enemies":"Giant Head","floor":40,"turns":3},{"damage":6,"enemies":"Maw","floor":42,"turns":4},{"damage":32,"enemies":"Nemesis","floor":45,"turns":5},{"damage":1,"enemies":"Writhing Mass","floor":46,"turns":2},{"damage":26,"enemies":"Donu and Deca","floor":50,"turns":3},{"damage":7,"enemies":"Shield and Spear","floor":54,"turns":3},{"damage":54,"enemies":"The Heart","floor":55,"turns":6}],"seed_played":"6281536467112302645","potions_obtained":[{"floor":1.0,"key":"Energy Potion"},{"floor":3.0,"key":"FairyPotion"},{"floor":3.0,"key":"SkillPotion"},{"floor":7.0,"key":"FearPotion"},{"floor":10.0,"key":"SteroidPotion"},{"floor":11.0,"key":"SkillPotion"},{"floor":16,"key":"LiquidBronze"},{"floor":28,"key":"DistilledChaos"},{"floor":29,"key":"EntropicBrew"},{"floor":33,"key":"Strength Potion"},{"floor":35,"key":"DistilledChaos"},{"floor":42,"key":"LiquidMemories"}],"is_trial":false,"path_per_floor":["M","M","?","$","M","R","M","E","T","M","?","?","M","$","R","B",null,"M","M","$","M","$","R","E","?","T","R","M","M","M","$","R","B",null,"M","?","?","?","M","E","R","M","T","R","E","M","?","$","R","B",null,"R","$","E","B",null],"character_chosen":"IRONCLAD","items_purchased":["Clash","Happy Flower","Clash","Flex","Paper Frog","BloodPotion"],"campfire_rested":0,"item_purchase_floors":[4,14,14,20,48,53],"current_hp_per_floor":[80,80,80,80,80,80,80,60,60,66,61,61,60,60,60,50,80,70,66,66,62,62,62,57,41,41,41,47,53,37,37,37,26,80,71,71,71,71,71,71,71,71,71,71,45,50,50,50,50,35,76,76,76,75,27],"gold":83,"neow_bonus":"REMOVE_CARD","is_prod":false,"is_daily":false,"chose_seed":false,"campfire_upgraded":8,"win_rate":0,"timestamp":1571753595,"path_taken":["M","M","?","$","M","R","M","E","T","?","?","?","M","$","R","BOSS","M","?","$","?","?","R","E","?","T","R","M","M","M","$","R","BOSS","M","?","?","?","M","E","R","M","T","R","E","M","?","$","R","BOSS","R","$","E","BOSS"],"build_version":"2019-10-21","purchased_purges":4,"victory":true,"max_hp_per_floor":[80,80,80,80,80,80,80,80,80,80,80,80,80,80,80,80,80,80,80,80,80,80,80,80,80,80,80,80,80,80,80,80,80,80,80,80,80,76,76,76,76,76,76,76,76,76,76,76,76,76,76,76,76,76,76],"card_choices":[{"not_picked":["Power Through","Reckless Charge","Twin Strike"],"picked":"SKIP","floor":1.0},{"not_picked":["Havoc","Headbutt","Wild Strike"],"picked":"SKIP","floor":2.0},{"not_picked":["Burning Pact","Twin Strike","Shockwave"],"picked":"SKIP","floor":5.0},{"not_picked":["Cleave","Power Through"],"picked":"Anger","floor":7.0},{"not_picked":["Immolate","Dark Embrace","Headbutt"],"picked":"SKIP","floor":8.0},{"not_picked":["Clash","Entrench"],"picked":"Spot Weakness","floor":10.0},{"not_picked":["Twin Strike","Anger","Entrench"],"picked":"SKIP","floor":13.0},{"not_picked":["Entrench+1","Disarm","Fire Breathing+1"],"picked":"SKIP","floor":18},{"not_picked":["Dark Embrace+1","Clash","Bloodletting+1"],"picked":"SKIP","floor":19},{"not_picked":["Shrug It Off+1","Searing Blow"],"picked":"Battle Trance+1","floor":21},{"not_picked":["Pommel Strike","Wild Strike"],"picked":"Impervious","floor":24},{"not_picked":["Dual Wield","Searing Blow","Combust"],"picked":"SKIP","floor":28},{"not_picked":["Clash","Iron Wave+1","Body Slam"],"picked":"SKIP","floor":29},{"not_picked":["Burning Pact","Sever Soul+1","Clothesline"],"picked":"SKIP","floor":30},{"not_picked":["Reaper","Double Tap"],"picked":"Offering","floor":33},{"not_picked":["Sentinel","Havoc","Pommel Strike"],"picked":"SKIP","floor":35},{"not_picked":["Iron Wave+1","Pommel Strike+1"],"picked":"Whirlwind+1","floor":39},{"not_picked":["Body Slam","Iron Wave","True Grit+1"],"picked":"SKIP","floor":39},{"not_picked":["Searing Blow+1","Perfected Strike+1"],"picked":"Heavy Blade+1","floor":40},{"not_picked":["Sword Boomerang","Anger+1"],"picked":"Limit Break","floor":42},{"not_picked":["Iron Wave+1","Clash","Dual Wield"],"picked":"SKIP","floor":42},{"not_picked":["Thunderclap","Perfected Strike","Hemokinesis"],"picked":"SKIP","floor":45},{"not_picked":["Havoc","Blood for Blood","Clash+1"],"picked":"SKIP","floor":46},{"not_picked":["Clothesline","Entrench+1","Flame Barrier+1"],"picked":"SKIP","floor":46},{"not_picked":["Entrench","Thunderclap+1","Immolate"],"picked":"SKIP","floor":54}],"player_experience":878269,"relics_obtained":[{"floor":8.0,"key":"CloakClasp"},{"floor":9.0,"key":"Old Coin"},{"floor":11.0,"key":"Odd Mushroom"},{"floor":24,"key":"Bottled Lightning"},{"floor":25,"key":"Enchiridion"},{"floor":26,"key":"Matryoshka"},{"floor":37,"key":"Prayer Wheel"},{"floor":40,"key":"Self Forming Clay"},{"floor":43,"key":"Toy Ornithopter"},{"floor":45,"key":"Vajra"},{"floor":54,"key":"Blue Candle"}],"event_choices":[{"damage_healed":0.0,"max_hp_gain":0.0,"max_hp_loss":0.0,"gold_gain":0.0,"event_name":"Lab","player_choice":"Got Potions","floor":3.0,"gold_loss":0.0,"damage_taken":0.0},{"damage_healed":0.0,"max_hp_gain":0.0,"max_hp_loss":0.0,"gold_gain":0.0,"event_name":"Mushrooms","player_choice":"Fought Mushrooms","floor":11.0,"gold_loss":0.0,"damage_taken":0.0},{"cards_removed":["Defend_R"],"damage_healed":0.0,"max_hp_gain":0.0,"max_hp_loss":0.0,"gold_gain":0.0,"event_name":"Purifier","player_choice":"Purged","floor":12.0,"gold_loss":0.0,"damage_taken":0.0},{"damage_healed":0,"gold_gain":0,"player_choice":"Obtained Book","damage_taken":16,"max_hp_gain":0,"max_hp_loss":0,"event_name":"Cursed Tome","floor":25,"gold_loss":0},{"damage_healed":0,"gold_gain":0,"player_choice":"Ignored","damage_taken":0,"max_hp_gain":0,"max_hp_loss":0,"event_name":"Tomb of Lord Red Mask","floor":36,"gold_loss":0},{"damage_healed":0,"gold_gain":0,"player_choice":"Fight","damage_taken":0,"max_hp_gain":0,"max_hp_loss":0,"event_name":"MindBloom","floor":37,"gold_loss":0},{"damage_healed":0,"gold_gain":0,"player_choice":"Max HP","damage_taken":0,"max_hp_gain":0,"max_hp_loss":4,"event_name":"Winding Halls","floor":38,"gold_loss":0},{"cards_removed":["Strike_R"],"damage_healed":0,"gold_gain":0,"player_choice":"Removed Attack","damage_taken":0,"max_hp_gain":0,"max_hp_loss":0,"event_name":"Falling","floor":47,"gold_loss":0}],"is_beta":true,"boss_relics":[{"not_picked":["Velvet Choker","Runic Cube"],"picked":"Coffee Dripper"},{"not_picked":["Snecko Eye","SacredBark"],"picked":"SlaversCollar"}],"items_purged_floors":[4,14,20,31],"is_endless":false,"potions_floor_spawned":[1,7,10,11,16,28,29,30,33,35,42],"ascension_level":0}