{"gold_per_floor":[114,114,131,141,66,66,96,96,119,133,133,133],"floor_reached":12,"playtime":276,"items_purged":["Strike_R"],"score":156,"play_id":"d949a9fd-8a4d-4d2f-85cd-798b22949b1c","local_time":"20190511210711","is_ascension_mode":true,"campfire_choices":[{"data":"Iron Wave","floor":6,"key":"SMITH"},{"data":"Entrench","floor":8,"key":"SMITH"},{"data":"Rage","floor":11,"key":"SMITH"}],"neow_cost":"NONE","seed_source_timestamp":34913496269324,"circlet_count":0,"master_deck":["AscendersBane","Strike_R+1","Strike_R","Strike_R","Strike_R+1","Defend_R","Defend_R","Defend_R","Defend_R","Bash","Iron Wave+1","Shrug It Off","Rage+1","Entrench+1"],"relics":["Burning Blood","Regal Pillow","Whetstone","Bag of Marbles"],"potions_floor_usage":[7,12],"damage_taken":[{"damage":6,"enemies":"Cultist","floor":1,"turns":3},{"damage":7,"enemies":"Jaw Worm","floor":3,"turns":3},{"damage":9,"enemies":"Small Slimes","floor":4,"turns":4},{"damage":26,"enemies":"3 Sentries","floor":7,"turns":13},{"damage":2,"enemies":"2 Fungi Beasts","floor":10,"turns":3},{"damage":15,"enemies":"Lagavulin","floor":12,"turns":6}],"seed_played":"-8547808025564121048","potions_obtained":[{"floor":4,"key":"Swift Potion"},{"floor":7,"key":"Dexterity Potion"}],"is_trial":false,"path_per_floor":["M","$","M","M","$","R","E","R","T","M","R","E"],"character_chosen":"IRONCLAD","items_purchased":[],"campfire_rested":0,"item_purchase_floors":[],"current_hp_per_floor":[68,68,67,64,64,64,44,44,44,48,48,33],"gold":133,"neow_bonus":"RANDOM_COMMON_RELIC","is_prod":false,"is_daily":false,"chose_seed":false,"campfire_upgraded":3,"win_rate":0,"timestamp":1557601631,"path_taken":["M","$","M","M","$","R","E","R","T","?","R","E"],"build_version":"2019-01-23","purchased_purges":1,"victory":false,"max_hp_per_floor":[75,75,75,75,75,75,75,75,75,75,75,75],"card_choices":[{"not_picked":["Wild Strike","Feel No Pain"],"picked":"Iron Wave","floor":1},{"not_picked":["Thunderclap","Battle Trance"],"picked":"Shrug It Off","floor":3},{"not_picked":["Headbutt","Clothesline"],"picked":"Rage","floor":4},{"not_picked":["Flame Barrier","Juggernaut"],"picked":"Entrench","floor":7},{"not_picked":["Anger","Sword Boomerang","Reckless Charge"],"picked":"SKIP","floor":10}],"player_experience":877731,"relics_obtained":[{"floor":7,"key":"Whetstone"},{"floor":9,"key":"Bag of Marbles"}],"event_choices":[],"is_beta":false,"boss_relics":[],"items_purged_floors":[5],"is_endless":false,"potions_floor_spawned":[4,7],"killed_by":"Lagavulin","ascension_level":20}