{"gold_per_floor":[115,115,135,135,153,185,110,110,180,80,100,135,135,147,147,147],"floor_reached":16,"playtime":684,"items_purged":["Regret","Defend_G"],"score":110,"play_id":"458ea7d3-2ae4-43d1-8154-cafaf301c6f3","local_time":"20181013203456","is_ascension_mode":false,"campfire_choices":[{"floor":8.0,"key":"REST"},{"data":"Neutralize","floor":15,"key":"SMITH"}],"neow_cost":"NONE","seed_source_timestamp":0,"circlet_count":0,"master_deck":["Defend_G+1","Defend_G","Defend_G","Defend_G+1","Strike_G","Strike_G","Strike_G","Strike_G","Survivor","Neutralize+1","Dagger Spray","Prepared","Backflip","Flechettes","Blade Dance","Dagger Throw"],"special_seed":0,"relics":["Ring of the Snake","NeowsBlessing","War Paint","Juzu Bracelet","Blue Candle","Smiling Mask"],"potions_floor_usage":[],"damage_taken":[{"damage":0.0,"enemies":"2 Louse","floor":1.0,"turns":1.0},{"damage":0.0,"enemies":"Cultist","floor":3.0,"turns":1.0},{"damage":0.0,"enemies":"Jaw Worm","floor":5.0,"turns":1.0},{"damage":60.0,"enemies":"Gremlin Nob","floor":6.0,"turns":7.0},{"damage":5.0,"enemies":"Red Slaver","floor":11.0,"turns":5.0},{"damage":5.0,"enemies":"Lagavulin","floor":12.0,"turns":6.0},{"damage":2.0,"enemies":"Exordium Wildlife","floor":14.0,"turns":2.0},{"damage":22,"enemies":"Slime Boss","floor":16,"turns":3}],"seed_played":"-3396687986737053188","potions_obtained":[{"floor":1.0,"key":"Strength Potion"},{"floor":2.0,"key":"Dexterity Potion"},{"floor":2.0,"key":"GhostInAJar"},{"floor":6.0,"key":"Ancient Potion"}],"is_trial":false,"path_per_floor":["M","?","M","?","M","E","$","R","T","$","M","E","?","M","R"],"character_chosen":"THE_SILENT","items_purchased":[],"campfire_rested":1,"item_purchase_floors":[],"current_hp_per_floor":[70,70,70,70,70,10,10,31,31,31,26,21,14,12,12,0],"gold":147,"neow_bonus":"THREE_ENEMY_KILL","is_prod":false,"is_daily":false,"chose_seed":false,"campfire_upgraded":1,"win_rate":0,"timestamp":1539434096,"path_taken":["M","?","?","?","M","E","$","R","T","?","M","E","?","M","R","BOSS"],"build_version":"2018-10-11","purchased_purges":2,"victory":false,"max_hp_per_floor":[70,70,70,70,70,70,70,70,70,70,70,70,70,70,70,70],"card_choices":[{"not_picked":["Riddle With Holes","Footwork","Deflect"],"picked":"SKIP","floor":1.0},{"not_picked":["Blur","Caltrops"],"picked":"Dagger Spray","floor":3.0},{"not_picked":["Masterful Stab","Accuracy"],"picked":"Prepared","floor":5.0},{"not_picked":["Concentrate","Finisher"],"picked":"Backflip","floor":6.0},{"not_picked":["Dagger Throw","Blade Dance"],"picked":"Flechettes","floor":11.0},{"not_picked":["Die Die Die","Phantasmal Killer"],"picked":"Blade Dance","floor":12.0},{"not_picked":["Dodge and Roll","Concentrate"],"picked":"Dagger Throw","floor":14.0}],"player_experience":317916,"relics_obtained":[{"floor":6.0,"key":"Juzu Bracelet"},{"floor":9.0,"key":"Blue Candle"},{"floor":12.0,"key":"Smiling Mask"}],"event_choices":[{"event_name":"The Lab","player_choice":"Got Potions","floor":2.0,"damage_taken":0.0},{"event_name":"Big Fish","player_choice":"Box","floor":4.0,"damage_taken":0.0},{"event_name":"Golden Wing","player_choice":"Card Removal","floor":13.0,"damage_taken":0.0}],"is_beta":false,"boss_relics":[],"items_purged_floors":[7,10],"is_endless":false,"potions_floor_spawned":[1,6],"killed_by":"Slime Boss","ascension_level":0}