{"path_per_floor":["M","M","?","?","M","R","E","M","T","$","M","R","E","?","R","B",null,"M","M","$","M","M","R","M","?","T","?","M","?","?","M","R","B",null,"M","M","?","M","?"],"character_chosen":"DEFECT","items_purchased":["Gremlin Horn","Stack","Capacitor","Impulse"],"gold_per_floor":[116,134,309,259,278,278,308,320,347,2,20,20,54,54,54,153,153,166,181,53,72,90,90,109,109,109,109,125,50,78,88,88,192,192,208,225,271,284,284,284],"floor_reached":40,"campfire_rested":3,"playtime":3275,"current_hp_per_floor":[75,75,75,75,75,75,52,41,41,41,41,41,17,17,39,32,75,70,63,63,51,35,57,64,64,64,64,50,50,50,43,65,59,75,75,75,38,36,55,0],"items_purged":["Strike_B"],"gold":284,"score":425,"play_id":"559df84d-2ddf-4da9-acfd-1026e510248f","local_time":"20180427222321","is_prod":false,"is_daily":false,"chose_seed":false,"is_ascension_mode":false,"campfire_upgraded":2,"timestamp":1524860601,"path_taken":["M","M","?","?","M","R","E","M","T","$","M","R","E","?","R","BOSS","M","M","$","M","M","R","M","?","T","?","M","?","?","M","R","BOSS","M","M","?","M","?","E"],"build_version":"2018-04-26v2","seed_source_timestamp":20965203032794,"purchased_purges":1,"victory":false,"master_deck":["Strike_B","Strike_B","Defend_B","Defend_B+1","Defend_B+1","Defend_B+1","Zap","Dualcast","Chaos+1","White Noise","Melter","Amplify","Go for the Eyes","Stack","Capacitor","Storm+1","Cold Snap","Blaster","Prime","Loop","Defragment","Impulse","Coolheaded","White Noise","Self Repair","Capacitor","Echo Form","Buffer+1","Impulse","Redo","Leap","Conserve Battery","Prime","Leap","Writhe"],"max_hp_per_floor":[75,75,75,75,75,75,75,75,75,75,75,75,75,75,75,75,75,75,75,75,75,75,75,75,75,75,75,75,75,75,75,75,75,75,75,75,75,75,75,75],"relics":["Cracked Core","Oddly Smooth Stone","War Paint","Juzu Bracelet","Gremlin Horn","Nuclear Battery","Nloth\u0027s Gift","Toolbox","Red Mask","Sozu","Unceasing Top"],"card_choices":[{"not_picked":["Hello World","Heatsinks"],"picked":"Chaos","floor":1},{"not_picked":["Heatsinks","Rip and Tear"],"picked":"White Noise","floor":2},{"not_picked":["Darkness","Allocate"],"picked":"Melter","floor":5},{"not_picked":["Hologram","Reboot"],"picked":"Amplify","floor":7},{"not_picked":["Chaos","Blizzard"],"picked":"Go for the Eyes","floor":8},{"not_picked":["Leap","Reinforced Body"],"picked":"Storm","floor":11},{"not_picked":["Thunder Strike","Chill"],"picked":"Cold Snap","floor":13},{"not_picked":["Hello World","Melter"],"picked":"Blaster","floor":15},{"not_picked":["Thunder Strike","Meteor Strike"],"picked":"Prime","floor":16},{"not_picked":["Axe Kick","Hologram"],"picked":"Loop","floor":18},{"not_picked":["Ball Lightning","Hello World"],"picked":"Defragment","floor":19},{"not_picked":["Hologram","Reinforced Body"],"picked":"Coolheaded","floor":21},{"not_picked":["Reprogram","Coolheaded"],"picked":"White Noise","floor":22},{"not_picked":["Rip and Tear","Reprogram"],"picked":"Self Repair","floor":23},{"not_picked":["Coolheaded","Darkness"],"picked":"Capacitor","floor":24},{"not_picked":["Coolheaded","Impulse"],"picked":"Buffer","floor":30},{"not_picked":["Gash","Undo"],"picked":"Impulse","floor":31},{"not_picked":["Biased Cognition","Reboot"],"picked":"Redo","floor":33},{"not_picked":["Hologram","Skim"],"picked":"Leap","floor":35},{"not_picked":["Axe Kick","Leap"],"picked":"Conserve Battery","floor":36},{"not_picked":["Barrage","Stack"],"picked":"Prime","floor":37},{"not_picked":["Capacitor","Rebound"],"picked":"Leap","floor":38}],"player_experience":54131,"potions_floor_usage":[7,13,13,13,28,30,30,37,37],"damage_taken":[{"damage":0,"enemies":"Jaw Worm","floor":1,"turns":4},{"damage":0,"enemies":"2 Louse","floor":2,"turns":2},{"damage":0,"enemies":"Small Slimes","floor":5,"turns":3},{"damage":23,"enemies":"Gremlin Nob","floor":7,"turns":4},{"damage":11,"enemies":"3 Louse","floor":8,"turns":3},{"damage":0,"enemies":"Exordium Thugs","floor":11,"turns":4},{"damage":24,"enemies":"3 Sentries","floor":13,"turns":5},{"damage":7,"enemies":"Hexaghost","floor":16,"turns":10},{"damage":12,"enemies":"3 Byrds","floor":18,"turns":4},{"damage":7,"enemies":"Chosen","floor":19,"turns":5},{"damage":12,"enemies":"Centurion and Healer","floor":21,"turns":9},{"damage":23,"enemies":"Snake Plant","floor":22,"turns":5},{"damage":0,"enemies":"Snecko","floor":24,"turns":4},{"damage":21,"enemies":"Slaver and Parasite","floor":28,"turns":5},{"damage":7,"enemies":"Masked Bandits","floor":30,"turns":5},{"damage":14,"enemies":"3 Cultists","floor":31,"turns":4},{"damage":6,"enemies":"Champ","floor":33,"turns":7},{"damage":0,"enemies":"Flame Bruiser 1 Orb","floor":35,"turns":6},{"damage":0,"enemies":"3 Shapes","floor":36,"turns":3},{"damage":44,"enemies":"Mysterious Sphere","floor":37,"turns":8},{"damage":16,"enemies":"3 Darklings","floor":38,"turns":4},{"damage":60,"enemies":"2 Orb Walkers","floor":40,"turns":4}],"event_choices":[{"event_name":"Liars Game","player_choice":"agreed","floor":3,"damage_taken":0},{"event_name":"The Cleric","player_choice":"Card Removal","floor":4,"damage_taken":0},{"event_name":"Living Wall","player_choice":"Grow","floor":14,"damage_taken":0},{"event_name":"N\u0027loth","player_choice":"Traded a Dream Catcher","floor":25,"damage_taken":0},{"event_name":"The Library","player_choice":"Read","floor":27,"damage_taken":0},{"event_name":"Beggar","player_choice":"Gave Gold","floor":29,"damage_taken":0},{"event_name":"Mysterious Sphere","player_choice":"Fight","floor":37,"damage_taken":0},{"event_name":"Winding Halls","player_choice":"Writhe","floor":39,"damage_taken":0}],"boss_relics":[{"not_picked":["Black Star","Calling Bell"],"picked":"Nuclear Battery"},{"not_picked":["Velvet Choker","Inserter"],"picked":"Sozu"}],"potions_floor_spawned":[2,5,7,8,11,18,19,22,30,31,36,38],"seed_played":"-7065348448001699047","killed_by":"2 Orb Walkers","ascension_level":0,"is_trial":false}