{"gold_per_floor":[117,133,133,133,58,58,86,104,158,158,187,87,103,114,114,212,212,223,322,333,333,353,353,365,381,381,256,256,274,294,145,145,242,242,260,260,110,163,163,16,16,35,59,72,72,85,85,85,85,85],"floor_reached":51,"playtime":2309,"items_purged":["Strike_B","Defend_B","Strike_B","Defend_B"],"score":991,"play_id":"816ef681-b4fb-40f6-a3bc-bb941f3f08b5","local_time":"20191014010433","is_ascension_mode":true,"campfire_choices":[{"data":"Zap","floor":6.0,"key":"SMITH"},{"data":"Hologram","floor":15.0,"key":"SMITH"},{"floor":23.0,"key":"REST"},{"floor":32,"key":"REST"},{"data":"Dualcast","floor":41,"key":"SMITH"},{"data":"Reinforced Body","floor":49,"key":"SMITH"}],"neow_cost":"NONE","seed_source_timestamp":13129124998339,"circlet_count":0,"master_deck":["Defend_B","Zap+1","Dualcast+1","Gash","Cold Snap","Go for the Eyes","Hologram+1","FTL","All For One","Conserve Battery+1","Gash","Gash","Core Surge","Reinforced Body+1","Finesse","Writhe","Go for the Eyes+1","Beam Cell","Doubt"],"special_seed":0,"relics":["Cracked Core","NeowsBlessing","Bird Faced Urn","Orichalcum","Happy Flower","Dodecahedron","Vajra","Empty Cage","Mercury Hourglass","GremlinMask","DollysMirror","Runic Pyramid","Prayer Wheel","Oddly Smooth Stone","Blood Vial"],"potions_floor_usage":[29,33,33,50,50],"damage_taken":[{"damage":0.0,"enemies":"Cultist","floor":1.0,"turns":1.0},{"damage":0.0,"enemies":"Jaw Worm","floor":2.0,"turns":1.0},{"damage":0.0,"enemies":"Lagavulin","floor":7.0,"turns":1.0},{"damage":0.0,"enemies":"2 Louse","floor":8.0,"turns":2.0},{"damage":10.0,"enemies":"Gremlin Nob","floor":11.0,"turns":6.0},{"damage":10.0,"enemies":"Gremlin Gang","floor":13.0,"turns":4.0},{"damage":8.0,"enemies":"Large Slime","floor":14.0,"turns":4.0},{"damage":12.0,"enemies":"Slime Boss","floor":16.0,"turns":11.0},{"damage":5.0,"enemies":"Shell Parasite","floor":18.0,"turns":3.0},{"damage":0.0,"enemies":"Chosen","floor":20.0,"turns":3.0},{"damage":23.0,"enemies":"Shelled Parasite and Fungi","floor":22.0,"turns":4.0},{"damage":4.0,"enemies":"Centurion and Healer","floor":24.0,"turns":5.0},{"damage":6.0,"enemies":"Snecko","floor":25.0,"turns":4.0},{"damage":18,"enemies":"Shelled Parasite and Fungi","floor":29,"turns":5},{"damage":3,"enemies":"Sentry and Sphere","floor":30,"turns":3},{"damage":31,"enemies":"Collector","floor":33,"turns":7},{"damage":0,"enemies":"Orb Walker","floor":35,"turns":2},{"damage":27,"enemies":"2 Orb Walkers","floor":38,"turns":4},{"damage":21,"enemies":"3 Shapes","floor":42,"turns":2},{"damage":13,"enemies":"3 Darklings","floor":44,"turns":4},{"damage":19,"enemies":"Transient","floor":46,"turns":5},{"damage":57,"enemies":"Awakened One","floor":50,"turns":13}],"seed_played":"9013808575430413354","potions_obtained":[{"floor":2.0,"key":"SpeedPotion"},{"floor":7.0,"key":"SpeedPotion"},{"floor":14.0,"key":"SkillPotion"},{"floor":16.0,"key":"Regen Potion"},{"floor":20.0,"key":"PowerPotion"},{"floor":29,"key":"Swift Potion"},{"floor":30,"key":"SkillPotion"},{"floor":33,"key":"Energy Potion"},{"floor":42,"key":"Ancient Potion"},{"floor":46,"key":"Regen Potion"}],"is_trial":false,"path_per_floor":["M","M","T","?","$","R","E","M","T","?","E","$","M","M","R","B",null,"M","?","M","?","M","R","M","M","T","$","?","M","M","$","R","B",null,"M","?","$","?","?","$","R","M","T","M","?","M","?","$","R","B",null],"character_chosen":"DEFECT","items_purchased":["DollysMirror","Oddly Smooth Stone"],"campfire_rested":2,"item_purchase_floors":[31,40],"current_hp_per_floor":[68,68,68,61,61,61,61,61,61,61,51,51,41,33,33,21,62,57,57,57,43,20,44,40,36,36,36,36,30,27,27,51,20,65,65,65,65,38,58,58,58,37,37,26,26,9,80,80,80,38],"gold":85,"neow_bonus":"THREE_ENEMY_KILL","is_prod":false,"is_daily":false,"chose_seed":false,"campfire_upgraded":4,"win_rate":0,"timestamp":1570982673,"path_taken":["M","M","?","?","$","R","E","M","T","?","E","$","?","M","R","BOSS","M","?","M","?","M","R","M","M","T","$","?","?","M","$","R","BOSS","M","?","$","?","?","?","R","?","T","M","?","M","?","?","R","BOSS"],"build_version":"2019-10-11","purchased_purges":4,"victory":true,"max_hp_per_floor":[75,75,75,75,75,75,75,75,75,75,75,75,75,75,75,75,75,75,75,75,80,80,80,80,80,80,80,80,80,80,80,80,80,80,80,80,80,80,80,80,80,80,80,80,80,80,80,80,80,80],"card_choices":[{"not_picked":["Beam Cell","Conserve Battery"],"picked":"Gash","floor":1.0},{"not_picked":["Leap","Storm"],"picked":"Cold Snap","floor":2.0},{"not_picked":["Rebound","Reboot"],"picked":"Go for the Eyes","floor":7.0},{"not_picked":["Undo","Leap","Barrage"],"picked":"SKIP","floor":8.0},{"not_picked":["Turbo","Conserve Battery"],"picked":"Hologram","floor":11.0},{"not_picked":["Seek","Go for the Eyes"],"picked":"FTL","floor":13.0},{"not_picked":["Leap","Ball Lightning","Fusion"],"picked":"SKIP","floor":14.0},{"not_picked":["Meteor Strike","Thunder Strike"],"picked":"All For One","floor":16.0},{"not_picked":["Conserve Battery","Steam+1","Ball Lightning+1"],"picked":"SKIP","floor":18.0},{"not_picked":["Sweeping Beam","Cold Snap","Blizzard"],"picked":"SKIP","floor":20.0},{"not_picked":["Steam","Aggregate","Rip and Tear"],"picked":"SKIP","floor":22.0},{"not_picked":["Rebound","Conserve Battery","Turbo"],"picked":"SKIP","floor":24.0},{"not_picked":["White Noise","Conserve Battery","Steam"],"picked":"SKIP","floor":25.0},{"not_picked":["Compile Driver","Storm"],"picked":"Conserve Battery+1","floor":29},{"not_picked":["Go for the Eyes","Fusion"],"picked":"Gash","floor":30},{"not_picked":["Biased Cognition","Buffer"],"picked":"Core Surge","floor":33},{"not_picked":["Barrage","Ball Lightning+1"],"picked":"Reinforced Body","floor":35},{"not_picked":["Magnetism","Dark Shackles"],"picked":"Finesse","floor":36},{"not_picked":["Compile Driver+1","Streamline+1"],"picked":"Go for the Eyes+1","floor":42},{"not_picked":["Heatsinks+1","Conserve Battery+1"],"picked":"Beam Cell","floor":42},{"not_picked":["Streamline","Genetic Algorithm"],"picked":"Self Repair+1","floor":44},{"not_picked":["Reprogram+1","Ball Lightning","Conserve Battery"],"picked":"SKIP","floor":44},{"not_picked":["Ball Lightning","Capacitor+1","Compile Driver+1"],"picked":"SKIP","floor":46},{"not_picked":["Electrodynamics","Double Energy","Compile Driver"],"picked":"SKIP","floor":46}],"player_experience":597618,"relics_obtained":[{"floor":3.0,"key":"Bird Faced Urn"},{"floor":7.0,"key":"Orichalcum"},{"floor":9.0,"key":"Happy Flower"},{"floor":11.0,"key":"Vajra"},{"floor":26.0,"key":"Mercury Hourglass"},{"floor":38,"key":"Prayer Wheel"},{"floor":43,"key":"Blood Vial"}],"event_choices":[{"cards_removed":["Strike_B"],"damage_healed":0.0,"max_hp_gain":0.0,"max_hp_loss":0.0,"gold_gain":0.0,"event_name":"Golden Wing","player_choice":"Card Removal","floor":4.0,"gold_loss":0.0,"damage_taken":7.0},{"damage_healed":0.0,"max_hp_gain":0.0,"max_hp_loss":0.0,"gold_gain":0.0,"event_name":"WeMeetAgain","player_choice":"Gave Potion","floor":10.0,"gold_loss":0.0,"damage_taken":0.0,"relics_obtained":["Dodecahedron"]},{"damage_healed":0.0,"max_hp_gain":0.0,"max_hp_loss":0.0,"gold_gain":99.0,"event_name":"Nest","player_choice":"Stole From Cult","floor":19.0,"gold_loss":0.0,"damage_taken":0.0},{"damage_healed":0.0,"max_hp_gain":5.0,"max_hp_loss":0.0,"gold_gain":0.0,"event_name":"Forgotten Altar","player_choice":"Shed Blood","floor":21.0,"gold_loss":0.0,"damage_taken":19.0},{"damage_healed":0.0,"max_hp_gain":0.0,"max_hp_loss":0.0,"gold_gain":0.0,"event_name":"FaceTrader","player_choice":"Trade","floor":28.0,"gold_loss":0.0,"damage_taken":0.0,"relics_obtained":["GremlinMask"]},{"damage_healed":0,"gold_gain":0,"player_choice":"Memory 1","damage_taken":0,"max_hp_gain":0,"max_hp_loss":0,"event_name":"SensoryStone","floor":36,"gold_loss":0},{"damage_healed":0,"gold_gain":0,"player_choice":"Fight","damage_taken":0,"max_hp_gain":0,"max_hp_loss":0,"event_name":"Mysterious Sphere","floor":38,"gold_loss":0},{"damage_healed":20,"gold_gain":0,"player_choice":"Writhe","damage_taken":0,"max_hp_gain":0,"max_hp_loss":0,"event_name":"Winding Halls","floor":39,"gold_loss":0,"cards_obtained":["Writhe"]},{"cards_removed":["Self Repair"],"damage_healed":0,"gold_gain":0,"player_choice":"Removed Power","damage_taken":0,"max_hp_gain":0,"max_hp_loss":0,"event_name":"Falling","floor":45,"gold_loss":0},{"damage_healed":71,"gold_gain":0,"player_choice":"Heal","damage_taken":0,"max_hp_gain":0,"max_hp_loss":0,"event_name":"MindBloom","floor":47,"gold_loss":0,"cards_obtained":["Doubt"]}],"is_beta":true,"boss_relics":[{"not_picked":["SacredBark","Cursed Key"],"picked":"Empty Cage"},{"not_picked":["Sozu","Velvet Choker"],"picked":"Runic Pyramid"}],"items_purged_floors":[5,12,27,37],"is_endless":false,"potions_floor_spawned":[2,7,14,16,20,29,30,33,42,46],"ascension_level":9}