{"gold_per_floor":[109,120,42,54,69,69,100,100,100,100,115,115,20,31,31,134,134,150,76,89,108,3,33,33,52,75,75,92,92,92,118,118,118],"floor_reached":33,"playtime":772,"items_purged":[],"score":337,"play_id":"fcce4a02-dcce-4aba-af7f-f1b1f0926a6b","local_time":"20191015124353","is_ascension_mode":false,"campfire_choices":[{"data":"Heavy Blade","floor":6,"key":"SMITH"},{"data":"Limit Break","floor":8,"key":"SMITH"},{"data":"Pommel Strike","floor":10,"key":"SMITH"},{"data":"Flex","floor":15,"key":"SMITH"},{"data":"Flex","floor":24,"key":"SMITH"},{"data":"Heavy Blade","floor":30,"key":"SMITH"},{"floor":32,"key":"REST"}],"neow_cost":"NONE","seed_source_timestamp":93096342621712,"circlet_count":0,"master_deck":["Strike_R","Strike_R","Strike_R","Strike_R","Strike_R","Defend_R","Defend_R","Defend_R","Bash","Pommel Strike+1","Evolve","Limit Break+1","Heavy Blade+1","Flex+1","Twin Strike","Sword Boomerang","Impervious","Heavy Blade+1","Offering","Flex+1","Heavy Blade","Heavy Blade","Uppercut"],"relics":["Burning Blood","Pen Nib","Orichalcum","Sozu","Kunai","Ancient Tea Set","PreservedInsect"],"potions_floor_usage":[7,23],"damage_taken":[{"damage":1,"enemies":"Cultist","floor":1,"turns":4},{"damage":0,"enemies":"2 Louse","floor":2,"turns":3},{"damage":6,"enemies":"Jaw Worm","floor":4,"turns":3},{"damage":0,"enemies":"Large Slime","floor":5,"turns":6},{"damage":18,"enemies":"Gremlin Nob","floor":7,"turns":4},{"damage":7,"enemies":"3 Louse","floor":11,"turns":3},{"damage":0,"enemies":"Looter","floor":14,"turns":2},{"damage":80,"enemies":"The Guardian","floor":16,"turns":12},{"damage":4,"enemies":"Chosen","floor":18,"turns":3},{"damage":6,"enemies":"Spheric Guardian","floor":20,"turns":2},{"damage":14,"enemies":"Centurion and Healer","floor":21,"turns":5},{"damage":38,"enemies":"Slavers","floor":23,"turns":5},{"damage":4,"enemies":"Cultist and Chosen","floor":25,"turns":4},{"damage":6,"enemies":"Snake Plant","floor":28,"turns":1},{"damage":6,"enemies":"Gremlin Leader","floor":31,"turns":2},{"damage":64,"enemies":"Collector","floor":33,"turns":7}],"seed_played":"3073403625097403015","potions_obtained":[{"floor":5,"key":"Strength Potion"},{"floor":14,"key":"Block Potion"}],"is_trial":false,"path_per_floor":["M","M","$","M","M","R","E","R","T","R","M","?","$","M","R","B",null,"M","$","M","M","$","E","R","M","T","?","M","?","R","E","R","B"],"character_chosen":"IRONCLAD","items_purchased":["Limit Break","Flex","Twin Strike","Offering","Flex","Heavy Blade"],"campfire_rested":1,"item_purchase_floors":[3,13,13,19,22,22],"current_hp_per_floor":[88,88,88,88,88,88,76,76,76,76,75,75,75,81,81,7,88,88,88,88,80,80,48,48,50,50,50,50,50,50,50,76,12],"gold":118,"neow_bonus":"TEN_PERCENT_HP_BONUS","is_prod":false,"is_daily":false,"chose_seed":false,"campfire_upgraded":6,"win_rate":0,"timestamp":1571136233,"path_taken":["M","M","$","M","M","R","E","R","T","R","M","?","$","M","R","BOSS","M","$","M","M","$","E","R","M","T","?","M","?","R","E","R","BOSS"],"build_version":"2019-10-14","purchased_purges":0,"victory":false,"max_hp_per_floor":[88,88,88,88,88,88,88,88,88,88,88,88,88,88,88,88,88,88,88,88,88,88,88,88,88,88,88,88,88,88,88,88,88],"card_choices":[{"not_picked":["Iron Wave","True Grit"],"picked":"Pommel Strike","floor":1},{"not_picked":["Anger","Fire Breathing"],"picked":"Evolve","floor":2},{"not_picked":["Wild Strike","Perfected Strike","Body Slam"],"picked":"SKIP","floor":4},{"not_picked":["Pummel","Anger"],"picked":"Heavy Blade","floor":5},{"not_picked":["Warcry","Iron Wave","Wild Strike"],"picked":"SKIP","floor":7},{"not_picked":["Barricade","Wild Strike","Armaments"],"picked":"SKIP","floor":11},{"not_picked":["Carnage","Rupture"],"picked":"Sword Boomerang","floor":14},{"not_picked":["Brutality","Juggernaut"],"picked":"Impervious","floor":16},{"not_picked":["Armaments","Iron Wave+1"],"picked":"Heavy Blade","floor":18},{"not_picked":["Armaments","Twin Strike","Combust"],"picked":"SKIP","floor":20},{"not_picked":["Blood for Blood","Shrug It Off","Warcry"],"picked":"SKIP","floor":21},{"not_picked":["Clothesline","Wild Strike","Disarm"],"picked":"SKIP","floor":23},{"not_picked":["Clash","Second Wind"],"picked":"Heavy Blade","floor":25},{"not_picked":["Evolve","Searing Blow"],"picked":"Uppercut","floor":28},{"not_picked":["Dual Wield","Warcry","Disarm+1"],"picked":"SKIP","floor":31}],"player_experience":849514,"relics_obtained":[{"floor":7,"key":"Pen Nib"},{"floor":9,"key":"Orichalcum"},{"floor":23,"key":"Kunai"},{"floor":26,"key":"Ancient Tea Set"},{"floor":31,"key":"PreservedInsect"}],"event_choices":[{"cards_removed":["Defend_R"],"damage_healed":0,"gold_gain":0,"player_choice":"Offered Basic","damage_taken":0,"max_hp_gain":0,"max_hp_loss":0,"event_name":"Bonfire Elementals","floor":12,"gold_loss":0},{"damage_healed":0,"gold_gain":0,"player_choice":"Ignored","damage_taken":0,"max_hp_gain":0,"max_hp_loss":0,"event_name":"Ghosts","floor":29,"gold_loss":0}],"is_beta":true,"boss_relics":[{"not_picked":["Calling Bell","Pandora\u0027s Box"],"picked":"Sozu"}],"items_purged_floors":[],"is_endless":false,"potions_floor_spawned":[5,14,18,23],"killed_by":"Collector","ascension_level":0}