{"gold_per_floor":[112,124,124,49,59,59,74,104,182,82,82,60,60,76,76,177,177,197,208,208,228,228,261,261,276,276,79,90,110,121,36,36,138,138,157,4,0,20,37,37,66,66,66,81,41,60,79,96,96,96],"floor_reached":51,"playtime":1095,"items_purged":["Defend_R","Defend_R"],"score":753,"play_id":"a6816b92-95b2-4b6e-89dd-337570915bc0","local_time":"20181016014016","is_ascension_mode":false,"campfire_choices":[{"data":"Bash","floor":6.0,"key":"SMITH"},{"data":"Perfected Strike","floor":15.0,"key":"SMITH"},{"floor":32.0,"key":"REST"},{"floor":40.0,"key":"REST"},{"floor":49,"key":"REST"}],"neow_cost":"NONE","seed_source_timestamp":32293164630842,"circlet_count":0,"master_deck":["Strike_R","Strike_R+1","Strike_R","Strike_R","Strike_R+1","Bash+1","Pommel Strike+1","Twin Strike","Perfected Strike+1","Clash","Strike_G","Feed+1","Perfected Strike+1","Perfected Strike","Perfected Strike","Twin Strike","Pommel Strike+1","Pommel Strike","Reaper","Clash+1","Spot Weakness+1","Demon Form"],"special_seed":0,"relics":["Black Blood","Du-Vu Doll","Blue Candle","Centennial Puzzle","Darkstone Periapt","Whetstone","Orichalcum","Fusion Hammer","Happy Flower","Red Mask","Lantern","Shuriken"],"potions_floor_usage":[50,50,50],"damage_taken":[{"damage":2.0,"enemies":"Small Slimes","floor":1.0,"turns":4.0},{"damage":1.0,"enemies":"Cultist","floor":2.0,"turns":3.0},{"damage":11.0,"enemies":"Jaw Worm","floor":5.0,"turns":2.0},{"damage":31.0,"enemies":"Exordium Thugs","floor":7.0,"turns":5.0},{"damage":14.0,"enemies":"Gremlin Nob","floor":8.0,"turns":3.0},{"damage":7.0,"enemies":"Exordium Wildlife","floor":14.0,"turns":2.0},{"damage":48.0,"enemies":"The Guardian","floor":16.0,"turns":6.0},{"damage":24.0,"enemies":"Shell Parasite","floor":18.0,"turns":3.0},{"damage":20.0,"enemies":"2 Thieves","floor":19.0,"turns":3.0},{"damage":21.0,"enemies":"Snake Plant","floor":21.0,"turns":3.0},{"damage":12.0,"enemies":"Book of Stabbing","floor":23.0,"turns":2.0},{"damage":19.0,"enemies":"Shelled Parasite and Fungi","floor":25.0,"turns":4.0},{"damage":0.0,"enemies":"Snecko","floor":28.0,"turns":2.0},{"damage":12.0,"enemies":"3 Cultists","floor":29.0,"turns":3.0},{"damage":20.0,"enemies":"Centurion and Healer","floor":30.0,"turns":3.0},{"damage":69.0,"enemies":"Automaton","floor":33.0,"turns":8.0},{"damage":0.0,"enemies":"3 Shapes","floor":35.0,"turns":2.0},{"damage":23.0,"enemies":"3 Darklings","floor":38.0,"turns":3.0},{"damage":7.0,"enemies":"4 Shapes","floor":39.0,"turns":3.0},{"damage":24.0,"enemies":"2 Orb Walkers","floor":41.0,"turns":3.0},{"damage":0.0,"enemies":"Spire Growth","floor":44.0,"turns":2.0},{"damage":19.0,"enemies":"Maw","floor":46.0,"turns":4.0},{"damage":11.0,"enemies":"Jaw Worm Horde","floor":47.0,"turns":3.0},{"damage":4,"enemies":"Sphere and 2 Shapes","floor":48,"turns":3},{"damage":76,"enemies":"Time Eater","floor":50,"turns":7}],"seed_played":"2266761608930952633","potions_obtained":[{"floor":0.0,"key":"EssenceOfSteel"},{"floor":0.0,"key":"SmokeBomb"},{"floor":0.0,"key":"Weak Potion"},{"floor":1.0,"key":"EssenceOfSteel"},{"floor":3.0,"key":"Strength Potion"},{"floor":3.0,"key":"Fruit Juice"},{"floor":3.0,"key":"FairyPotion"},{"floor":14.0,"key":"Strength Potion"},{"floor":16.0,"key":"SneckoOil"},{"floor":18.0,"key":"Energy Potion"},{"floor":19.0,"key":"Dexterity Potion"},{"floor":30.0,"key":"Regen Potion"},{"floor":33.0,"key":"Strength Potion"},{"floor":35.0,"key":"SneckoOil"},{"floor":39.0,"key":"BloodPotion"},{"floor":41.0,"key":"Swift Potion"},{"floor":48,"key":"Weak Potion"}],"is_trial":false,"path_per_floor":["M","M","?","$","M","R","M","E","T","$","?","$","?","M","R","B",null,"M","M","?","M","?","E","?","M","T","$","M","M","M","?","R","B",null,"M","$","?","M","M","R","E","?","T","M","?","M","M","M","R","B"],"character_chosen":"IRONCLAD","items_purchased":["Clash","Whetstone","Pommel Strike","Happy Flower"],"campfire_rested":3,"item_purchase_floors":[12,27,27,36],"current_hp_per_floor":[80,80,85,85,80,80,55,47,47,47,47,47,47,46,46,14,85,74,67,67,59,59,57,57,48,48,48,58,56,46,46,74,30,94,94,94,94,81,88,98,84,84,84,94,94,85,88,106,106,40],"gold":96,"neow_bonus":"THREE_SMALL_POTIONS","is_prod":false,"is_daily":false,"chose_seed":false,"campfire_upgraded":2,"win_rate":0,"timestamp":1539646816,"path_taken":["M","M","?","?","M","R","M","E","T","$","?","$","?","M","R","BOSS","M","?","?","M","?","E","?","M","T","$","?","M","M","?","R","BOSS","M","?","?","M","M","R","E","?","T","M","?","M","M","M","R","BOSS"],"build_version":"2018-10-11","purchased_purges":2,"victory":true,"max_hp_per_floor":[80,80,85,85,85,85,85,85,85,85,85,85,85,85,85,85,85,88,91,91,94,94,94,94,94,94,94,94,94,94,94,94,94,94,94,94,94,94,98,98,98,98,98,98,98,98,102,106,106,106],"card_choices":[{"not_picked":["Clothesline","Spot Weakness","Flex"],"picked":"SKIP","floor":1.0},{"not_picked":["True Grit","Wild Strike"],"picked":"Pommel Strike","floor":2.0},{"not_picked":["Anger","Sentinel"],"picked":"Twin Strike","floor":5.0},{"not_picked":["Iron Wave","Bloodletting","Havoc"],"picked":"SKIP","floor":7.0},{"not_picked":["Cleave","Shrug It Off"],"picked":"Perfected Strike","floor":8.0},{"not_picked":["Cleave","Blood for Blood","Anger"],"picked":"SKIP","floor":14.0},{"not_picked":["Double Tap","Brutality"],"picked":"Feed","floor":16.0},{"not_picked":["Armaments","Iron Wave+1"],"picked":"Perfected Strike","floor":18.0},{"not_picked":["Reckless Charge","Inflame"],"picked":"Perfected Strike","floor":19.0},{"not_picked":["Sword Boomerang","Thunderclap","Armaments"],"picked":"SKIP","floor":21.0},{"not_picked":["Exhume","Second Wind","Inflame"],"picked":"SKIP","floor":23.0},{"not_picked":["Inflame","Dual Wield"],"picked":"Pommel Strike+1","floor":25.0},{"not_picked":["Shrug It Off","Warcry","Searing Blow+1"],"picked":"SKIP","floor":28.0},{"not_picked":["Clothesline","Wild Strike","Warcry"],"picked":"SKIP","floor":29.0},{"not_picked":["Anger","Sever Soul","Limit Break"],"picked":"SKIP","floor":30.0},{"not_picked":["Feed","Double Tap"],"picked":"Reaper","floor":33.0},{"not_picked":["Ghostly Armor","Blood for Blood+1","Shockwave"],"picked":"SKIP","floor":35.0},{"not_picked":["Dropkick+1","Sword Boomerang+1"],"picked":"Clash+1","floor":38.0},{"not_picked":["Anger+1","Armaments+1"],"picked":"Spot Weakness+1","floor":39.0},{"not_picked":["Cleave+1","Dual Wield+1"],"picked":"Demon Form","floor":41.0},{"not_picked":["Seeing Red","True Grit+1","Shrug It Off"],"picked":"SKIP","floor":44.0},{"not_picked":["Wild Strike+1","Headbutt","Anger+1"],"picked":"SKIP","floor":46.0},{"not_picked":["Body Slam","True Grit+1","Anger+1"],"picked":"SKIP","floor":47.0},{"not_picked":["Battle Trance+1","Searing Blow+1","Wild Strike+1"],"picked":"SKIP","floor":48}],"player_experience":683826,"relics_obtained":[{"floor":8.0,"key":"Du-Vu Doll"},{"floor":9.0,"key":"Blue Candle"},{"floor":23.0,"key":"Centennial Puzzle"},{"floor":26.0,"key":"Darkstone Periapt"},{"floor":41.0,"key":"Lantern"},{"floor":43.0,"key":"Shuriken"}],"event_choices":[{"event_name":"The Lab","player_choice":"Got Potions","floor":3.0,"damage_taken":0.0},{"event_name":"Wheel of Change","player_choice":"Card Removal","floor":11.0,"damage_taken":0.0},{"event_name":"NoteForYourself","player_choice":"Took Card","floor":13.0,"damage_taken":0.0},{"event_name":"The Library","player_choice":"Read","floor":20.0,"damage_taken":0.0},{"event_name":"Match and Keep!","player_choice":"1 cards matched","floor":22.0,"damage_taken":0.0},{"event_name":"Accursed Blacksmith","player_choice":"Forge","floor":24.0,"damage_taken":0.0},{"event_name":"Addict","player_choice":"Obtained Relic","floor":31.0,"damage_taken":0.0},{"event_name":"Tomb of Lord Red Mask","player_choice":"Paid","floor":37.0,"damage_taken":0.0},{"event_name":"SecretPortal","player_choice":"Rejected Portal.","floor":42.0,"damage_taken":0.0},{"event_name":"Designer","player_choice":"Upgrade 2 Random Cards","floor":45.0,"damage_taken":0.0}],"is_beta":true,"boss_relics":[{"not_picked":["Astrolabe","Snecko Eye"],"picked":"Black Blood"},{"not_picked":["Orrery","Runic Pyramid"],"picked":"Fusion Hammer"}],"items_purged_floors":[4,10],"is_endless":false,"potions_floor_spawned":[1,14,16,18,19,30,33,35,39,41,47,48],"ascension_level":0}