{"gold_per_floor":[218,229,50,67,10,45,61,61,88,153,167,167,178,203,203,281,281,181,181,181,96,8,8],"floor_reached":23,"playtime":544,"items_purged":[],"score":522,"play_id":"e50b1714-5942-48d5-874d-35a261192c08","local_time":"20190515023222","is_ascension_mode":true,"campfire_choices":[{"data":"Apotheosis","floor":8,"key":"SMITH"},{"floor":12,"key":"REST"},{"floor":15,"key":"REST"}],"neow_cost":"NONE","seed_source_timestamp":313335075451109,"circlet_count":0,"master_deck":["AscendersBane","Strike_R","Strike_R","Strike_R","Strike_R","Strike_R","Defend_R","Defend_R","Defend_R","Defend_R","Bash","Thunderclap","Flex","Apotheosis+1","Twin Strike","Impervious","Battle Trance","Flex","Limit Break","Heavy Blade","Flex"],"special_seed":0,"relics":["Burning Blood","Juzu Bracelet","Anchor","Tiny Chest","The Courier","Ectoplasm","Kunai"],"potions_floor_usage":[6,6,10,10,16],"damage_taken":[{"damage":7.0,"enemies":"Small Slimes","floor":1.0,"turns":3.0},{"damage":12.0,"enemies":"Jaw Worm","floor":2.0,"turns":3.0},{"damage":6.0,"enemies":"2 Louse","floor":4.0,"turns":3.0},{"damage":31,"enemies":"Gremlin Nob","floor":6,"turns":4},{"damage":8,"enemies":"Blue Slaver","floor":7,"turns":5},{"damage":24,"enemies":"3 Sentries","floor":10,"turns":7},{"damage":0,"enemies":"Gremlin Gang","floor":11,"turns":4},{"damage":0,"enemies":"2 Fungi Beasts","floor":13,"turns":3},{"damage":20,"enemies":"Lagavulin","floor":14,"turns":6},{"damage":0,"enemies":"Slime Boss","floor":16,"turns":3},{"damage":24,"enemies":"2 Thieves","floor":18,"turns":4},{"damage":15,"enemies":"Chosen","floor":19,"turns":4},{"damage":40,"enemies":"Gremlin Leader","floor":23,"turns":6}],"seed_played":"380927950432524477","potions_obtained":[{"floor":2.0,"key":"Poison Potion"},{"floor":6,"key":"Swift Potion"},{"floor":7,"key":"BloodPotion"},{"floor":14,"key":"SteroidPotion"}],"is_trial":false,"path_per_floor":["M","M","$","M","$","E","M","R","T","E","M","R","M","E","R","B",null,"M","M","?","?","$","E"],"character_chosen":"IRONCLAD","items_purchased":["Apotheosis","AttackPotion","Flex","SkillPotion"],"campfire_rested":2,"item_purchase_floors":[3,5,22,22],"current_hp_per_floor":[67,61,61,61,61,36,34,34,34,23,29,51,57,43,65,71,74,56,47,47,47,47,7],"gold":8,"neow_bonus":"HUNDRED_GOLD","is_prod":false,"is_daily":false,"chose_seed":false,"campfire_upgraded":1,"win_rate":0,"timestamp":1557880342,"path_taken":["M","M","$","M","$","E","M","R","T","E","M","R","M","E","R","BOSS","M","M","?","?","$","E"],"build_version":"2019-01-23","purchased_purges":0,"victory":false,"max_hp_per_floor":[75,75,75,75,75,75,75,75,75,75,75,75,75,75,75,75,75,75,75,75,75,75,75],"card_choices":[{"not_picked":["Thunderclap","Iron Wave","Clash"],"picked":"SKIP","floor":1.0},{"not_picked":["Iron Wave","Clash"],"picked":"Thunderclap","floor":1.0},{"not_picked":["Perfected Strike","Body Slam"],"picked":"Flex","floor":2.0},{"not_picked":["Warcry","Pommel Strike"],"picked":"Twin Strike","floor":4.0},{"not_picked":["Twin Strike","Anger"],"picked":"Impervious","floor":6},{"not_picked":["Whirlwind","Warcry"],"picked":"Battle Trance","floor":7},{"not_picked":["Intimidate","Battle Trance"],"picked":"Flex","floor":10},{"not_picked":["Searing Blow","Clash","Wild Strike"],"picked":"SKIP","floor":11},{"not_picked":["Clash","Seeing Red","Hemokinesis"],"picked":"SKIP","floor":13},{"not_picked":["Anger","Uppercut","Thunderclap"],"picked":"SKIP","floor":14},{"not_picked":["Berserk","Dark Embrace"],"picked":"Limit Break","floor":16},{"not_picked":["Armaments+1","Rage+1"],"picked":"Heavy Blade","floor":18},{"not_picked":["Burning Pact","Perfected Strike","Corruption+1"],"picked":"SKIP","floor":19}],"player_experience":881568,"relics_obtained":[{"floor":6,"key":"Juzu Bracelet"},{"floor":9,"key":"Anchor"},{"floor":10,"key":"Tiny Chest"},{"floor":14,"key":"The Courier"}],"event_choices":[{"damage_healed":0,"gold_gain":0,"player_choice":"Ignored","damage_taken":0,"max_hp_gain":0,"max_hp_loss":0,"event_name":"Vampires","floor":20,"gold_loss":0},{"damage_healed":0,"gold_gain":0,"player_choice":"Obtained Relic","damage_taken":0,"relics_obtained":["Kunai"],"max_hp_gain":0,"max_hp_loss":0,"event_name":"Addict","floor":21,"gold_loss":85}],"is_beta":false,"boss_relics":[{"not_picked":["Tiny House","Astrolabe"],"picked":"Ectoplasm"}],"items_purged_floors":[],"is_endless":false,"potions_floor_spawned":[2,6,7,14],"killed_by":"Gremlin Leader","ascension_level":20}