{"path_per_floor":["M","M","M","M","M","R","M","R","T","R","$","M","?","M","R","B",null,"M","$","T","M","?","R","E","R","T","M","R","?","?","M","R","B",null,"M","?","?","M","M","R","M","M","T"],"character_chosen":"DEFECT","items_purchased":["Static Discharge","Beam Cell","Echo Form"],"gold_per_floor":[110,125,138,154,165,165,176,176,176,176,56,71,71,85,85,204,204,204,48,48,48,48,48,48,48,48,48,48,48,48,48,48,48,48,48,48,48,48,48,48,48,48,48,48],"floor_reached":44,"campfire_rested":0,"playtime":2276,"current_hp_per_floor":[73,75,74,71,67,67,64,64,71,71,71,69,69,68,68,46,76,62,62,62,62,62,62,59,59,59,46,46,46,46,54,54,32,76,59,49,49,48,53,53,38,23,23,0],"items_purged":[],"gold":48,"score":466,"play_id":"f5a2c430-2d83-4c57-aa5c-c22247222746","local_time":"20180507003816","is_prod":false,"is_daily":false,"chose_seed":false,"is_ascension_mode":true,"campfire_upgraded":9,"timestamp":1525646296,"path_taken":["M","M","M","M","M","R","M","R","T","R","$","M","?","M","R","BOSS","M","$","?","M","?","R","E","R","T","M","R","?","?","M","R","BOSS","M","?","?","M","M","R","?","M","T","M"],"build_version":"2018-05-03","seed_source_timestamp":807648583863688,"purchased_purges":0,"victory":false,"master_deck":["Strike_B","Strike_B","Strike_B","Strike_B","Defend_B+1","Defend_B","Defend_B","Defend_B","Zap+1","Dualcast","Self Repair","Streamline+1","Tempest+1","BootSequence","Static Discharge+1","Sweeping Beam+1","Static Discharge+1","Beam Cell","Ball Lightning","Skim","Echo Form","Storm+1","Echo Form","Defragment+1","Sweeping Beam+1","All For One","Go for the Eyes+1","Madness","Madness","Defragment+1","Cold Snap+1","Go for the Eyes+1","Cold Snap+1"],"max_hp_per_floor":[75,75,75,75,75,75,75,75,82,82,82,82,76,76,76,76,76,76,76,76,76,76,76,76,76,76,76,76,76,76,76,76,76,76,76,76,76,76,76,76,76,76,76,76],"relics":["Cracked Core","Ancient Tea Set","Strawberry","Bloody Idol","Ectoplasm","Lantern","Mummified Hand","Shuriken","Inserter","Blood Vial"],"card_choices":[{"not_picked":["Impulse","Axe Kick"],"picked":"Self Repair","floor":1},{"not_picked":["Doom and Gloom","Cold Snap"],"picked":"Streamline","floor":2},{"not_picked":["Force Field","Capacitor"],"picked":"Tempest","floor":3},{"not_picked":["Scrape","White Noise"],"picked":"BootSequence","floor":4},{"not_picked":["Beam Cell","Turbo"],"picked":"Static Discharge","floor":5},{"not_picked":["BootSequence","Chill"],"picked":"Sweeping Beam","floor":7},{"not_picked":["Cold Snap","Lockon"],"picked":"Ball Lightning","floor":12},{"not_picked":["Stack","Doom and Gloom"],"picked":"Skim","floor":14},{"not_picked":["Biased Cognition","Fission"],"picked":"Echo Form","floor":16},{"not_picked":["Impulse","Rebound"],"picked":"Storm","floor":18},{"not_picked":["Rebound","Self Repair"],"picked":"Sweeping Beam","floor":31},{"not_picked":["Biased Cognition","Creative AI"],"picked":"All For One","floor":33},{"not_picked":["Loop","Coolheaded"],"picked":"Go for the Eyes","floor":35},{"not_picked":["Rip and Tear","Hologram"],"picked":"Cold Snap","floor":39},{"not_picked":["Melter","Blizzard"],"picked":"Go for the Eyes","floor":41},{"not_picked":["Go for the Eyes","Impulse"],"picked":"Cold Snap","floor":42}],"player_experience":82104,"potions_floor_usage":[4,14,16,35,35,41],"damage_taken":[{"damage":2,"enemies":"Jaw Worm","floor":1,"turns":3},{"damage":0,"enemies":"Small Slimes","floor":2,"turns":3},{"damage":8,"enemies":"2 Louse","floor":3,"turns":2},{"damage":10,"enemies":"Lots of Slimes","floor":4,"turns":4},{"damage":11,"enemies":"Exordium Wildlife","floor":5,"turns":4},{"damage":3,"enemies":"Blue Slaver","floor":7,"turns":2},{"damage":9,"enemies":"2 Fungi Beasts","floor":12,"turns":3},{"damage":17,"enemies":"Large Slime","floor":14,"turns":5},{"damage":22,"enemies":"Slime Boss","floor":16,"turns":6},{"damage":21,"enemies":"Shell Parasite","floor":18,"turns":3},{"damage":7,"enemies":"3 Byrds","floor":21,"turns":2},{"damage":17,"enemies":"Gremlin Leader","floor":24,"turns":5},{"damage":13,"enemies":"Snecko","floor":27,"turns":4},{"damage":6,"enemies":"Slaver and Parasite","floor":31,"turns":4},{"damage":29,"enemies":"Automaton","floor":33,"turns":5},{"damage":17,"enemies":"3 Darklings","floor":35,"turns":2},{"damage":8,"enemies":"3 Shapes","floor":38,"turns":3},{"damage":2,"enemies":"Sphere and 2 Shapes","floor":39,"turns":3},{"damage":22,"enemies":"Flame Bruiser 2 Orb","floor":41,"turns":3},{"damage":29,"enemies":"Maw","floor":42,"turns":5},{"damage":29,"enemies":"3 Darklings","floor":44,"turns":3}],"event_choices":[{"event_name":"Golden Idol","player_choice":"Lose Max HP","floor":13,"damage_taken":0},{"event_name":"The Library","player_choice":"Read","floor":22,"damage_taken":0},{"event_name":"Beggar","player_choice":"Ignored","floor":29,"damage_taken":0},{"event_name":"Forgotten Altar","player_choice":"Gave Idol","floor":30,"damage_taken":0},{"event_name":"Winding Halls","player_choice":"Embrace Madness","floor":36,"damage_taken":0},{"event_name":"Duplicator","player_choice":"One dupe","floor":37,"damage_taken":0}],"boss_relics":[{"not_picked":["Calling Bell","Snecko Eye"],"picked":"Ectoplasm"},{"not_picked":["Runic Pyramid","Eternal Feather"],"picked":"Inserter"}],"potions_floor_spawned":[1,7,12,21,24,31,33,38,39],"seed_played":"926113107544049083","killed_by":"3 Darklings","ascension_level":2,"is_trial":false}