{"gold_per_floor":[111,111,36,36,36,67,67,111,134,134,134,148,148,161,161,282,282,282,237,237,237,237,237,237,237,237,237,237,237,237,237,237,237],"floor_reached":33,"playtime":1016,"items_purged":["Strike_R"],"score":327,"play_id":"87231a9a-3671-4c4c-858a-2067600d76fd","local_time":"20190928233537","is_ascension_mode":false,"campfire_choices":[{"data":"Bash","floor":7,"key":"SMITH"},{"data":"Cleave","floor":10,"key":"SMITH"},{"data":"Clash","floor":15,"key":"SMITH"},{"floor":27,"key":"REST"},{"data":"Clash","floor":32,"key":"SMITH"}],"neow_cost":"NONE","seed_source_timestamp":4207656306478,"circlet_count":0,"master_deck":["Strike_R","Strike_R","Strike_R","Strike_R","Defend_R","Defend_R","Defend_R","Defend_R","Bash+1","Cleave+1","Clash+1","Clash+1","Anger","Clash+1"],"relics":["Burning Blood","NeowsBlessing","Golden Idol","Blood Vial","Unceasing Top","InkBottle","NlothsMask","Ectoplasm","Frozen Egg 2","Singing Bowl","Gremlin Horn"],"potions_floor_usage":[18,23,24,33,33],"damage_taken":[{"damage":0,"enemies":"2 Louse","floor":1,"turns":1},{"damage":0,"enemies":"Lagavulin","floor":6,"turns":1},{"damage":0,"enemies":"Gremlin Nob","floor":8,"turns":1},{"damage":1,"enemies":"Jaw Worm","floor":12,"turns":4},{"damage":8,"enemies":"Small Slimes","floor":14,"turns":2},{"damage":32,"enemies":"Slime Boss","floor":16,"turns":9},{"damage":5,"enemies":"Spheric Guardian","floor":18,"turns":4},{"damage":15,"enemies":"2 Thieves","floor":19,"turns":3},{"damage":7,"enemies":"3 Cultists","floor":21,"turns":4},{"damage":47,"enemies":"Snecko","floor":23,"turns":5},{"damage":44,"enemies":"Slavers","floor":24,"turns":7},{"damage":23,"enemies":"Centurion and Healer","floor":25,"turns":4},{"damage":15,"enemies":"Snake Plant","floor":28,"turns":4},{"damage":10,"enemies":"Snecko","floor":29,"turns":4},{"damage":4,"enemies":"3 Cultists","floor":31,"turns":4},{"damage":57,"enemies":"Automaton","floor":33,"turns":6}],"seed_played":"5396872618241293086","potions_obtained":[{"floor":1,"key":"Block Potion"},{"floor":6,"key":"GamblersBrew"},{"floor":11,"key":"BloodPotion"},{"floor":11,"key":"LiquidBronze"},{"floor":19,"key":"BloodPotion"},{"floor":25,"key":"SpeedPotion"},{"floor":29,"key":"SkillPotion"}],"is_trial":false,"path_per_floor":["M","?","$","?","$","E","R","E","T","R","?","M","?","M","R","B",null,"M","M","?","M","T","M","E","M","T","R","M","M","T","M","R","B"],"character_chosen":"IRONCLAD","items_purchased":[],"campfire_rested":1,"item_purchase_floors":[],"current_hp_per_floor":[80,60,60,60,60,66,66,74,74,74,74,80,80,78,78,54,80,80,71,71,72,72,49,29,14,14,38,33,31,31,37,37,0],"gold":237,"neow_bonus":"THREE_ENEMY_KILL","is_prod":false,"is_daily":false,"chose_seed":false,"campfire_upgraded":4,"win_rate":0,"timestamp":1569681337,"path_taken":["M","?","$","?","$","E","R","E","T","R","?","?","?","M","R","BOSS","M","?","?","M","?","M","E","?","T","R","M","M","?","M","R","BOSS"],"build_version":"2019-09-27","purchased_purges":1,"victory":false,"max_hp_per_floor":[80,80,80,80,80,80,80,80,80,80,80,80,80,80,80,80,80,80,80,80,80,80,80,80,80,80,80,82,82,82,84,84,84],"card_choices":[{"not_picked":["Intimidate","Shrug It Off","Battle Trance"],"picked":"SKIP","floor":1},{"not_picked":["Brutality","Armaments"],"picked":"Cleave","floor":6},{"not_picked":["Heavy Blade","Sentinel"],"picked":"Clash","floor":8},{"not_picked":["Carnage","Heavy Blade","Offering"],"picked":"SKIP","floor":12},{"not_picked":["Twin Strike","Spot Weakness","Headbutt"],"picked":"SKIP","floor":14},{"not_picked":["Perfected Strike","Warcry"],"picked":"Clash+1","floor":18},{"not_picked":["Metallicize","Heavy Blade","Twin Strike"],"picked":"SKIP","floor":19},{"not_picked":["Hemokinesis+1","Perfected Strike","Heavy Blade"],"picked":"SKIP","floor":21},{"not_picked":["Perfected Strike","Pommel Strike","Metallicize+1"],"picked":"SKIP","floor":23},{"not_picked":["Thunderclap","Shockwave","Bloodletting+1"],"picked":"SKIP","floor":24},{"not_picked":["Havoc","Dual Wield","Shrug It Off"],"picked":"SKIP","floor":25},{"not_picked":["Power Through","Heavy Blade","Shrug It Off"],"picked":"Singing Bowl","floor":28},{"not_picked":["Clothesline","Headbutt"],"picked":"Clash","floor":29},{"not_picked":["Spot Weakness","Battle Trance+1","Ghostly Armor"],"picked":"Singing Bowl","floor":31}],"player_experience":561576,"relics_obtained":[{"floor":6,"key":"Blood Vial"},{"floor":8,"key":"Unceasing Top"},{"floor":9,"key":"InkBottle"},{"floor":24,"key":"Frozen Egg 2"},{"floor":26,"key":"Singing Bowl"},{"floor":30,"key":"Gremlin Horn"}],"event_choices":[{"damage_healed":0,"gold_gain":0,"player_choice":"Take Damage","damage_taken":20,"relics_obtained":["Golden Idol"],"max_hp_gain":0,"max_hp_loss":0,"event_name":"Golden Idol","floor":2,"gold_loss":0},{"damage_healed":0,"gold_gain":0,"player_choice":"Ignored","damage_taken":0,"max_hp_gain":0,"max_hp_loss":0,"event_name":"Shining Light","floor":4,"gold_loss":0},{"damage_healed":0,"gold_gain":0,"player_choice":"Got Potions","damage_taken":0,"max_hp_gain":0,"max_hp_loss":0,"event_name":"Lab","floor":11,"gold_loss":0},{"damage_healed":0,"gold_gain":0,"player_choice":"Trade","damage_taken":0,"relics_obtained":["NlothsMask"],"max_hp_gain":0,"max_hp_loss":0,"event_name":"FaceTrader","floor":13,"gold_loss":0},{"damage_healed":0,"gold_gain":0,"player_choice":"Read","damage_taken":0,"max_hp_gain":0,"max_hp_loss":0,"event_name":"The Library","floor":20,"gold_loss":0,"cards_obtained":["Anger"]}],"is_beta":true,"boss_relics":[{"not_picked":["Fusion Hammer","Runic Cube"],"picked":"Ectoplasm"}],"items_purged_floors":[3],"is_endless":false,"potions_floor_spawned":[1,6,14,19,25,29],"killed_by":"Automaton","ascension_level":0}