{"gold_per_floor":[112,112,131,131,131,131,56,28,52,71,71,110,125,143,143,237,237,261,279,279,147,147,147,191,191,236,270,270,285,285,410,410,499,499,513,255,380,204,204,235,235,235,235,235,249,292,292,330,330,330,330],"floor_reached":52,"playtime":1592,"items_purged":["Defend_R","Defend_R","Defend_R"],"score":2040,"play_id":"fab205aa-594f-44b8-b5bc-e463f020b551","local_time":"20190329174152","is_ascension_mode":true,"campfire_choices":[{"data":"Perfected Strike","floor":6.0,"key":"SMITH"},{"data":"Perfected Strike","floor":11.0,"key":"SMITH"},{"floor":15.0,"key":"REST"},{"data":"Perfected Strike","floor":23.0,"key":"SMITH"},{"floor":25.0,"key":"REST"},{"floor":32,"key":"REST"},{"data":"Perfected Strike","floor":42,"key":"SMITH"},{"data":"Double Tap","floor":44,"key":"SMITH"},{"data":"Offering","floor":47,"key":"SMITH"},{"floor":49,"key":"REST"}],"neow_cost":"NONE","seed_source_timestamp":450540577939100,"circlet_count":0,"master_deck":["AscendersBane","Strike_R","Strike_R","Strike_R","Strike_R","Strike_R","Bash","Perfected Strike+1","Whirlwind","Perfected Strike+1","Uppercut","Spot Weakness","Offering+1","Pummel","Feed","Perfected Strike+1","Demon Form+1","Pommel Strike","Shockwave+1","Double Tap+1","Perfected Strike+1"],"special_seed":0,"relics":["Burning Blood","Red Skull","Pen Nib","Golden Idol","Regal Pillow","Frozen Egg 2","Sozu","Boot","Strawberry","Bottled Lightning","Ginger","Pear","Busted Crown","Orichalcum","Peace Pipe","StoneCalendar","Singing Bowl","Incense Burner","Magic Flower"],"potions_floor_usage":[],"damage_taken":[{"damage":9.0,"enemies":"2 Louse","floor":1.0,"turns":4.0},{"damage":7.0,"enemies":"Small Slimes","floor":3.0,"turns":3.0},{"damage":7.0,"enemies":"Jaw Worm","floor":10.0,"turns":2.0},{"damage":10.0,"enemies":"3 Sentries","floor":12.0,"turns":4.0},{"damage":28.0,"enemies":"Exordium Thugs","floor":13.0,"turns":3.0},{"damage":11.0,"enemies":"Blue Slaver","floor":14.0,"turns":3.0},{"damage":49.0,"enemies":"Slime Boss","floor":16.0,"turns":9.0},{"damage":17.0,"enemies":"2 Thieves","floor":18.0,"turns":4.0},{"damage":7.0,"enemies":"Chosen","floor":19.0,"turns":3.0},{"damage":28.0,"enemies":"Slavers","floor":24.0,"turns":3.0},{"damage":25.0,"enemies":"Book of Stabbing","floor":27.0,"turns":3.0},{"damage":6.0,"enemies":"Snake Plant","floor":29.0,"turns":2.0},{"damage":14,"enemies":"Colosseum Slavers","floor":31,"turns":2},{"damage":11,"enemies":"Colosseum Nobs","floor":31,"turns":2},{"damage":84,"enemies":"Automaton","floor":33,"turns":7},{"damage":0,"enemies":"Orb Walker","floor":35,"turns":1},{"damage":6,"enemies":"Mind Bloom Boss Battle","floor":37,"turns":2},{"damage":15,"enemies":"Nemesis","floor":40,"turns":3},{"damage":6,"enemies":"3 Darklings","floor":45,"turns":2},{"damage":13,"enemies":"Giant Head","floor":46,"turns":4},{"damage":15,"enemies":"Nemesis","floor":48,"turns":3},{"damage":78,"enemies":"Donu and Deca","floor":50,"turns":6},{"damage":36,"enemies":"Time Eater","floor":51,"turns":4}],"seed_played":"5168643604922972576","potions_obtained":[{"floor":1.0,"key":"Poison Potion"},{"floor":3.0,"key":"Fire Potion"},{"floor":16.0,"key":"Block Potion"}],"is_trial":false,"path_per_floor":["M","?","M","?","?","R","?","$","T","M","R","E","M","M","R","B",null,"M","M","?","$","?","R","E","R","T","E","?","M","?","?","R","B",null,"M","$","?","$","?","E","?","R","T","R","M","E","R","E","R","B","B",null],"character_chosen":"IRONCLAD","items_purchased":["Perfected Strike","Pommel Strike","Orichalcum","Perfected Strike"],"campfire_rested":4,"item_purchase_floors":[8,21,36,38],"current_hp_per_floor":[65,47,46,46,46,46,46,46,46,45,45,41,19,14,51,8,58,50,49,49,49,49,49,27,65,72,53,53,53,53,56,101,23,82,88,88,88,88,88,79,79,79,79,79,81,79,79,72,110,41,14],"gold":330,"neow_bonus":"RANDOM_COMMON_RELIC","is_prod":false,"is_daily":false,"chose_seed":false,"campfire_upgraded":6,"win_rate":0,"timestamp":1553877712,"path_taken":["M","?","M","?","?","R","?","$","T","M","R","E","?","M","R","BOSS","M","M","?","$","?","R","E","R","T","E","?","?","?","?","R","BOSS","M","$","?","$","?","E","?","R","T","R","?","E","R","E","R","BOSS","BOSS"],"build_version":"2019-01-23","purchased_purges":3,"victory":true,"max_hp_per_floor":[75,75,75,75,75,75,75,75,75,75,75,75,75,75,75,75,75,78,78,78,78,78,78,78,78,85,85,85,85,85,101,101,101,101,101,101,101,101,101,101,101,101,101,101,103,108,108,110,110,110,110],"card_choices":[{"not_picked":["True Grit","Thunderclap"],"picked":"Perfected Strike","floor":1.0},{"not_picked":["Headbutt","Armaments"],"picked":"Whirlwind","floor":3.0},{"not_picked":["Combust","Clothesline"],"picked":"Uppercut","floor":10.0},{"not_picked":["True Grit","Searing Blow"],"picked":"Spot Weakness","floor":12.0},{"not_picked":["Intimidate","Infernal Blade"],"picked":"Offering","floor":13.0},{"not_picked":["Cleave","Carnage"],"picked":"Pummel","floor":14.0},{"not_picked":["Fiend Fire","Impervious"],"picked":"Feed","floor":16.0},{"not_picked":["Combust+1","True Grit"],"picked":"Perfected Strike","floor":18.0},{"not_picked":["Havoc","Shrug It Off","Clothesline"],"picked":"SKIP","floor":19.0},{"not_picked":["Combust+1","Metallicize+1"],"picked":"Shockwave+1","floor":24.0},{"not_picked":["Evolve+1","Anger","Entrench"],"picked":"SKIP","floor":27.0},{"not_picked":["Sword Boomerang","Clash","True Grit"],"picked":"SKIP","floor":29.0},{"not_picked":["Demon Form+1","Exhume"],"picked":"Double Tap","floor":33},{"not_picked":["Armaments"],"picked":"SKIP","floor":35},{"not_picked":["Armaments"],"picked":"SKIP","floor":40},{"not_picked":["Iron Wave"],"picked":"Singing Bowl","floor":45},{"not_picked":["Headbutt"],"picked":"Singing Bowl","floor":46},{"not_picked":["Warcry+1"],"picked":"Singing Bowl","floor":48}],"player_experience":811962,"relics_obtained":[{"floor":9.0,"key":"Regal Pillow"},{"floor":12.0,"key":"Frozen Egg 2"},{"floor":24.0,"key":"Boot"},{"floor":26.0,"key":"Strawberry"},{"floor":27.0,"key":"Bottled Lightning"},{"floor":31,"key":"Ginger"},{"floor":31,"key":"Pear"},{"floor":37,"key":"Peace Pipe"},{"floor":40,"key":"StoneCalendar"},{"floor":43,"key":"Singing Bowl"},{"floor":46,"key":"Incense Burner"},{"floor":48,"key":"Magic Flower"}],"event_choices":[{"damage_healed":0.0,"max_hp_gain":0.0,"max_hp_loss":0.0,"gold_gain":0.0,"event_name":"Scrap Ooze","player_choice":"Success","floor":2.0,"gold_loss":0.0,"damage_taken":18.0,"relics_obtained":["Pen Nib"]},{"damage_healed":0.0,"max_hp_gain":0.0,"max_hp_loss":0.0,"gold_gain":0.0,"event_name":"Golden Idol","player_choice":"Take Wound","floor":4.0,"gold_loss":0.0,"damage_taken":0.0,"relics_obtained":["Golden Idol"],"cards_obtained":["Injury"]},{"damage_healed":0.0,"max_hp_gain":0.0,"max_hp_loss":0.0,"gold_gain":0.0,"event_name":"Golden Wing","player_choice":"Ignored","floor":5.0,"gold_loss":0.0,"damage_taken":0.0},{"cards_removed":["Injury"],"damage_healed":0.0,"max_hp_gain":0.0,"max_hp_loss":0.0,"gold_gain":0.0,"event_name":"The Cleric","player_choice":"Card Removal","floor":7.0,"gold_loss":75.0,"damage_taken":0.0},{"damage_healed":0.0,"max_hp_gain":0.0,"max_hp_loss":0.0,"gold_gain":0.0,"event_name":"The Library","player_choice":"Read","floor":20.0,"gold_loss":0.0,"damage_taken":0.0,"cards_obtained":["Demon Form"]},{"damage_healed":0.0,"max_hp_gain":0.0,"max_hp_loss":0.0,"gold_gain":0.0,"event_name":"The Mausoleum","player_choice":"Ignored","floor":22.0,"gold_loss":0.0,"damage_taken":0.0},{"cards_removed":["Defend_R"],"damage_healed":0.0,"max_hp_gain":0.0,"max_hp_loss":0.0,"gold_gain":0.0,"event_name":"Wheel of Change","player_choice":"Card Removal","floor":28.0,"gold_loss":0.0,"damage_taken":0.0},{"damage_healed":0.0,"max_hp_gain":0.0,"max_hp_loss":0.0,"gold_gain":0.0,"event_name":"Vampires","player_choice":"Ignored","floor":30.0,"gold_loss":0.0,"damage_taken":0.0},{"damage_healed":0,"gold_gain":0,"player_choice":"Fight","damage_taken":0,"max_hp_gain":0,"max_hp_loss":0,"event_name":"Colosseum","floor":31,"gold_loss":0},{"damage_healed":0,"gold_gain":0,"player_choice":"Fought Nobs","damage_taken":0,"max_hp_gain":0,"max_hp_loss":0,"event_name":"Colosseum","floor":31,"gold_loss":0},{"damage_healed":0,"gold_gain":0,"player_choice":"Fight","damage_taken":0,"max_hp_gain":0,"max_hp_loss":0,"event_name":"MindBloom","floor":37,"gold_loss":0},{"damage_healed":0,"gold_gain":0,"player_choice":"Ignored","damage_taken":0,"max_hp_gain":0,"max_hp_loss":0,"event_name":"Tomb of Lord Red Mask","floor":39,"gold_loss":0},{"damage_healed":0,"gold_gain":0,"player_choice":"Ignored","damage_taken":0,"max_hp_gain":0,"max_hp_loss":0,"event_name":"Purifier","floor":41,"gold_loss":0}],"is_beta":false,"boss_relics":[{"not_picked":["Pandora\u0027s Box","White Beast Statue"],"picked":"Sozu"},{"not_picked":["Orrery","Runic Dome"],"picked":"Busted Crown"}],"items_purged_floors":[21,36,38],"is_endless":false,"potions_floor_spawned":[1,3,16,18,24,27,31,46,48],"ascension_level":20}