{"gold_per_floor":[111,187,26,45,63,63,63,63,90,116,131,147,164,180,180,252,252,263,56,74,74,88,88],"floor_reached":23,"playtime":876,"items_purged":["Strike_B"],"score":380,"play_id":"1bcc62f2-4c8b-47c6-a341-e48948cdd8df","local_time":"20181031134404","is_ascension_mode":true,"campfire_choices":[{"data":"Zap","floor":6,"key":"SMITH"},{"data":"Conserve Battery","floor":8,"key":"SMITH"},{"data":"Streamline","floor":15,"key":"SMITH"}],"neow_cost":"NONE","seed_source_timestamp":272076042522148,"circlet_count":0,"master_deck":["Strike_B","Strike_B","Strike_B","Defend_B","Defend_B","Defend_B","Defend_B","Zap+1","Dualcast","AscendersBane","Glacier","Conserve Battery+1","Chill","Blizzard","BootSequence","Barrage","Gash","Streamline+1","Echo Form","White Noise+1","Barrage","Self Repair+1"],"relics":["Inserter","Tiny Chest","PreservedInsect","Blood Vial","Blue Candle","Busted Crown"],"potions_floor_usage":[16,20],"damage_taken":[{"damage":12,"enemies":"Cultist","floor":1,"turns":4},{"damage":3,"enemies":"Small Slimes","floor":4,"turns":5},{"damage":2,"enemies":"Jaw Worm","floor":5,"turns":7},{"damage":5,"enemies":"Lagavulin","floor":10,"turns":9},{"damage":5,"enemies":"Lots of Slimes","floor":11,"turns":5},{"damage":0,"enemies":"2 Fungi Beasts","floor":12,"turns":4},{"damage":18,"enemies":"Exordium Wildlife","floor":13,"turns":5},{"damage":3,"enemies":"Red Slaver","floor":14,"turns":3},{"damage":19,"enemies":"Hexaghost","floor":16,"turns":15},{"damage":15,"enemies":"Spheric Guardian","floor":18,"turns":6},{"damage":15,"enemies":"Chosen","floor":20,"turns":8},{"damage":8,"enemies":"Centurion and Healer","floor":22,"turns":7},{"damage":42,"enemies":"Book of Stabbing","floor":23,"turns":4}],"seed_played":"-5751309348176313115","potions_obtained":[{"floor":4,"key":"SpeedPotion"},{"floor":5,"key":"FearPotion"},{"floor":13,"key":"PowerPotion"},{"floor":20,"key":"SteroidPotion"}],"is_trial":false,"path_per_floor":["M","T","$","M","M","R","$","R","T","E","M","M","M","M","R","B",null,"M","$","M","?","M","E"],"character_chosen":"DEFECT","items_purchased":["PreservedInsect","White Noise","Barrage"],"campfire_rested":0,"item_purchase_floors":[3,19,19],"current_hp_per_floor":[52,52,52,49,47,47,47,47,47,44,41,43,27,26,26,9,56,43,43,30,30,34,0],"gold":88,"neow_bonus":"BOSS_RELIC","is_prod":false,"is_daily":false,"chose_seed":false,"campfire_upgraded":3,"win_rate":0,"timestamp":1540989844,"path_taken":["M","?","$","M","M","R","?","R","T","E","M","?","?","M","R","BOSS","M","$","M","?","M","E"],"build_version":"2018-10-30","purchased_purges":1,"victory":false,"max_hp_per_floor":[71,71,71,71,71,71,71,71,71,71,71,71,71,71,71,71,71,71,71,71,71,71,71],"card_choices":[{"not_picked":["Rebound","FTL"],"picked":"Glacier","floor":1},{"not_picked":["Hologram","Double Energy"],"picked":"Conserve Battery","floor":4},{"not_picked":["Reinforced Body","Leap"],"picked":"Chill","floor":5},{"not_picked":["Steam Power","FTL"],"picked":"Blizzard","floor":10},{"not_picked":["Rebound","Sweeping Beam"],"picked":"BootSequence","floor":11},{"not_picked":["Sweeping Beam","Fusion"],"picked":"Barrage","floor":12},{"not_picked":["Compile Driver","Steam"],"picked":"Gash","floor":13},{"not_picked":["Melter","Skim"],"picked":"Streamline","floor":14},{"not_picked":["Thunder Strike","Core Surge"],"picked":"Echo Form","floor":16},{"not_picked":["BootSequence+1"],"picked":"SKIP","floor":18},{"not_picked":[],"picked":"Self Repair+1","floor":20},{"not_picked":["Rip and Tear"],"picked":"SKIP","floor":22}],"player_experience":729875,"relics_obtained":[{"floor":2,"key":"Tiny Chest"},{"floor":9,"key":"Blood Vial"},{"floor":10,"key":"Blue Candle"}],"event_choices":[{"damage_healed":0,"gold_gain":0,"player_choice":"Upgraded","damage_taken":0,"max_hp_gain":0,"max_hp_loss":0,"event_name":"Upgrade Shrine","floor":21,"gold_loss":0,"cards_upgraded":["White Noise"]}],"is_beta":true,"boss_relics":[{"not_picked":["Black Star","Eternal Feather"],"picked":"Busted Crown"}],"items_purged_floors":[19],"is_endless":false,"potions_floor_spawned":[4,5,11,13,20],"killed_by":"Book of Stabbing","ascension_level":19}