{"gold_per_floor":[113,132,144,159,159,195,195,219,268,253],"floor_reached":10,"playtime":513,"items_purged":[],"score":98,"play_id":"66f92a77-7694-402a-91f7-228a885dd185","local_time":"20180716233749","is_ascension_mode":true,"campfire_choices":[{"data":"Streamline","floor":7,"key":"SMITH"}],"neow_cost":"","seed_source_timestamp":303951563792651,"circlet_count":0,"master_deck":["Strike_B","Strike_B","Strike_B","Strike_B","Defend_B","Defend_B","Defend_B","Defend_B","Zap","Dualcast","Turbo","Beam Cell","Streamline+1","Turbo","Injury","Coolheaded","Conserve Battery"],"relics":["Cracked Core","Golden Idol","DataDisk","Bag of Marbles"],"potions_floor_usage":[6,8,8,10],"damage_taken":[{"damage":2,"enemies":"Jaw Worm","floor":1,"turns":3},{"damage":3,"enemies":"Small Slimes","floor":2,"turns":3},{"damage":1,"enemies":"Cultist","floor":3,"turns":3},{"damage":9,"enemies":"Large Slime","floor":4,"turns":5},{"damage":21,"enemies":"3 Sentries","floor":6,"turns":5},{"damage":18,"enemies":"Gremlin Gang","floor":8,"turns":4},{"damage":11,"enemies":"Exordium Thugs","floor":10,"turns":2}],"seed_played":"2683385258881219410","potions_obtained":[{"floor":1,"key":"Dexterity Potion"},{"floor":3,"key":"SteroidPotion"},{"floor":4,"key":"AttackPotion"},{"floor":8,"key":"Poison Potion"}],"is_trial":false,"path_per_floor":["M","M","M","M","?","E","R","M","T"],"character_chosen":"DEFECT","items_purchased":[],"campfire_rested":0,"item_purchase_floors":[],"current_hp_per_floor":[66,63,62,53,53,32,32,14,14,3],"gold":253,"neow_bonus":"","is_prod":false,"is_daily":false,"chose_seed":false,"campfire_upgraded":1,"win_rate":0,"timestamp":1531777069,"path_taken":["M","M","M","M","?","E","R","M","T","M"],"build_version":"2018-07-13","purchased_purges":0,"victory":false,"max_hp_per_floor":[75,75,75,75,75,75,75,75,75,75],"card_choices":[{"not_picked":["Static Discharge","Leap"],"picked":"Turbo","floor":1},{"not_picked":["Compile Driver","Chill"],"picked":"Beam Cell","floor":2},{"not_picked":["Leap","Beam Cell"],"picked":"Streamline","floor":3},{"not_picked":["Redo","Fusion"],"picked":"Turbo","floor":4},{"not_picked":["Double Energy","Turbo"],"picked":"Coolheaded","floor":6},{"not_picked":["Thunder Strike","Compile Driver"],"picked":"Conserve Battery","floor":8}],"player_experience":410367,"relics_obtained":[{"floor":6,"key":"DataDisk"},{"floor":9,"key":"Bag of Marbles"}],"event_choices":[{"event_name":"Golden Idol","player_choice":"Take Wound","floor":5,"damage_taken":0}],"boss_relics":[],"items_purged_floors":[],"is_endless":false,"potions_floor_spawned":[1,3,4,8],"killed_by":"Exordium Thugs","ascension_level":8}