{"gold_per_floor":[115,58,71,71,84,84,112,126,207,207,282,296,296,17,17,17],"floor_reached":16,"playtime":379,"items_purged":[],"score":200,"play_id":"6194739a-4eac-4f2d-bd55-24a9e7a31c3c","local_time":"20190504215624","is_ascension_mode":true,"campfire_choices":[{"data":"Armaments","floor":6,"key":"SMITH"},{"data":"True Grit","floor":15,"key":"SMITH"}],"neow_cost":"NONE","seed_source_timestamp":298434139029443,"circlet_count":0,"master_deck":["AscendersBane","Strike_R","Strike_R","Strike_R","Strike_R","Strike_R","Defend_R","Defend_R","Defend_R","Defend_R","Bash","Barricade+1","Armaments+1","Evolve","Ghostly Armor","True Grit+1"],"relics":["Burning Blood","Ice Cream","Pear","Toolbox"],"potions_floor_usage":[8],"damage_taken":[{"damage":7,"enemies":"Small Slimes","floor":1,"turns":4},{"damage":0,"enemies":"2 Louse","floor":3,"turns":4},{"damage":9,"enemies":"Jaw Worm","floor":5,"turns":4},{"damage":21,"enemies":"3 Sentries","floor":7,"turns":12},{"damage":18,"enemies":"2 Fungi Beasts","floor":8,"turns":6},{"damage":2,"enemies":"3 Louse","floor":12,"turns":7},{"damage":3,"enemies":"Hexaghost","floor":16,"turns":3}],"seed_played":"-8170867219852577609","potions_obtained":[{"floor":3,"key":"BloodPotion"}],"is_trial":false,"path_per_floor":["M","$","M","?","M","R","E","M","T","?","?","M","?","$","R","B"],"character_chosen":"IRONCLAD","items_purchased":["Armaments","True Grit","Toolbox"],"campfire_rested":0,"item_purchase_floors":[2,14,14],"current_hp_per_floor":[67,67,73,73,70,70,55,50,60,65,54,58,58,58,58,55],"gold":17,"neow_bonus":"ONE_RANDOM_RARE_CARD","is_prod":false,"is_daily":false,"chose_seed":false,"campfire_upgraded":2,"win_rate":0,"timestamp":1556999784,"path_taken":["M","$","M","?","M","R","E","M","T","?","?","M","?","$","R","BOSS"],"build_version":"2019-01-23","purchased_purges":0,"victory":false,"max_hp_per_floor":[75,75,75,75,75,75,75,75,85,90,90,90,90,90,90,90],"card_choices":[{"not_picked":["Clothesline","Infernal Blade","Hemokinesis"],"picked":"SKIP","floor":1},{"not_picked":["Disarm","Bloodletting"],"picked":"Evolve","floor":3},{"not_picked":["Wild Strike","Blood for Blood","Clash"],"picked":"SKIP","floor":5},{"not_picked":["Wild Strike","Second Wind"],"picked":"Ghostly Armor","floor":7},{"not_picked":["Bloodletting","Heavy Blade","Corruption"],"picked":"SKIP","floor":8},{"not_picked":["Headbutt","Cleave","Twin Strike"],"picked":"SKIP","floor":12}],"player_experience":860372,"relics_obtained":[{"floor":7,"key":"Ice Cream"},{"floor":9,"key":"Pear"}],"event_choices":[{"damage_healed":0,"gold_gain":0,"player_choice":"Grow","damage_taken":0,"max_hp_gain":0,"max_hp_loss":0,"event_name":"Living Wall","floor":4,"gold_loss":0,"cards_upgraded":["Barricade"]},{"damage_healed":0,"gold_gain":0,"player_choice":"Donut","damage_taken":0,"max_hp_gain":5,"max_hp_loss":0,"event_name":"Big Fish","floor":10,"gold_loss":0},{"damage_healed":0,"gold_gain":75,"player_choice":"Gather Gold","damage_taken":11,"max_hp_gain":0,"max_hp_loss":0,"event_name":"World of Goop","floor":11,"gold_loss":0},{"damage_healed":0,"gold_gain":0,"player_choice":"Ignored","damage_taken":0,"max_hp_gain":0,"max_hp_loss":0,"event_name":"Golden Idol","floor":13,"gold_loss":0}],"is_beta":false,"boss_relics":[],"items_purged_floors":[],"is_endless":false,"potions_floor_spawned":[3],"killed_by":"Hexaghost","ascension_level":20}