{"gold_per_floor":[109,109,122,47,59,89,89,105,105,105,133,152,168,50,50,129,129,109,140,59,59,59,59,59],"floor_reached":24,"playtime":2429,"items_purged":["Strike_B"],"score":357,"play_id":"36df7768-3a9f-4246-bc1c-1aed85c6e1f6","local_time":"20180829132027","is_ascension_mode":true,"campfire_choices":[{"data":"White Noise","floor":7.0,"key":"SMITH"},{"floor":10.0,"key":"REST"},{"floor":15.0,"key":"REST"},{"data":"Streamline","floor":23,"key":"SMITH"}],"neow_cost":"NONE","seed_source_timestamp":272672639663994,"circlet_count":0,"master_deck":["Strike_B","Defend_B","Defend_B","Defend_B","Defend_B","Zap","Dualcast","AscendersBane","Streamline+1","Auto Shields","White Noise+1","Conserve Battery","Self Repair","Storm","Conserve Battery","Steam","Static Discharge","Machine Learning","Self Repair","Static Discharge","Decay"],"special_seed":0,"relics":["Cracked Core","Darkstone Periapt","Dodecahedron","The Courier","Busted Crown","Red Mask"],"potions_floor_usage":[18,19,24],"damage_taken":[{"damage":4.0,"enemies":"Small Slimes","floor":1.0,"turns":3.0},{"damage":1.0,"enemies":"Cultist","floor":3.0,"turns":3.0},{"damage":0.0,"enemies":"2 Louse","floor":5.0,"turns":2.0},{"damage":33.0,"enemies":"Lagavulin","floor":6.0,"turns":8.0},{"damage":6.0,"enemies":"Looter","floor":8.0,"turns":3.0},{"damage":38.0,"enemies":"Gremlin Nob","floor":11.0,"turns":6.0},{"damage":8.0,"enemies":"Blue Slaver","floor":12.0,"turns":3.0},{"damage":4.0,"enemies":"Red Slaver","floor":13.0,"turns":5.0},{"damage":30.0,"enemies":"Slime Boss","floor":16.0,"turns":12.0},{"damage":8,"enemies":"2 Thieves","floor":18,"turns":4},{"damage":20,"enemies":"Masked Bandits","floor":19,"turns":2},{"damage":59,"enemies":"Gremlin Leader","floor":24,"turns":4}],"seed_played":"889567260593039563","potions_obtained":[{"floor":8.0,"key":"Ancient Potion"},{"floor":12.0,"key":"Weak Potion"},{"floor":13.0,"key":"SpeedPotion"},{"floor":16.0,"key":"EssenceOfSteel"},{"floor":18,"key":"Swift Potion"},{"floor":19,"key":"SkillPotion"}],"is_trial":false,"path_per_floor":["M","?","M","?","M","E","R","M","T","R","E","M","M","$","R","B",null,"M","?","$","?","?","R"],"character_chosen":"DEFECT","items_purchased":["Static Discharge","Self Repair","Static Discharge"],"campfire_rested":2,"item_purchase_floors":[14,20,20],"current_hp_per_floor":[67,67,66,66,66,33,33,27,27,50,26,25,28,28,51,28,66,65,45,45,51,51,51,0],"gold":59,"neow_bonus":"TEN_PERCENT_HP_BONUS","is_prod":false,"is_daily":false,"chose_seed":false,"campfire_upgraded":2,"win_rate":0,"timestamp":1535541627,"path_taken":["M","?","M","?","M","E","R","M","T","R","E","M","M","$","R","BOSS","M","?","$","?","?","R","E"],"build_version":"2018-08-28","purchased_purges":1,"victory":false,"max_hp_per_floor":[78,78,78,78,78,78,78,78,78,78,78,78,78,78,78,78,78,78,78,78,84,84,84,84],"card_choices":[{"not_picked":["Beam Cell","Ball Lightning"],"picked":"Streamline","floor":1.0},{"not_picked":["Barrage","Recycle","Skim"],"picked":"SKIP","floor":3.0},{"not_picked":["Barrage","Loop"],"picked":"White Noise","floor":5.0},{"not_picked":["Chaos","Aggregate"],"picked":"Conserve Battery","floor":6.0},{"not_picked":["Coolheaded","Hologram"],"picked":"Self Repair","floor":8.0},{"not_picked":["Lockon","Stack"],"picked":"Storm","floor":11.0},{"not_picked":["Coolheaded","Scrape"],"picked":"Conserve Battery","floor":12.0},{"not_picked":["Sweeping Beam","Reprogram"],"picked":"Steam","floor":13.0},{"not_picked":["Fission","Core Surge"],"picked":"Machine Learning","floor":16.0},{"not_picked":["Doom and Gloom"],"picked":"SKIP","floor":18}],"player_experience":580877,"relics_obtained":[{"floor":6.0,"key":"Darkstone Periapt"},{"floor":9.0,"key":"Dodecahedron"},{"floor":11.0,"key":"The Courier"},{"floor":19,"key":"Red Mask"}],"event_choices":[{"event_name":"Transmorgrifier","player_choice":"Transform","floor":2.0,"damage_taken":0.0},{"event_name":"The Cleric","player_choice":"Card Removal","floor":4.0,"damage_taken":0.0},{"event_name":"Masked Bandits","player_choice":"Fought Bandits","floor":19,"damage_taken":0},{"event_name":"Forgotten Altar","player_choice":"Smashed Altar","floor":21,"damage_taken":0},{"event_name":"Vampires","player_choice":"Ignored","floor":22,"damage_taken":0}],"is_beta":true,"boss_relics":[{"not_picked":["Tiny House","Coffee Dripper"],"picked":"Busted Crown"}],"items_purged_floors":[14],"is_endless":false,"potions_floor_spawned":[8,12,13,16,18,19],"killed_by":"Gremlin Leader","ascension_level":15}