{"path_per_floor":["M","M","M","M","?","E","R","E","T","M","M","R","M","E","R","B",null,"M","?","$","M","M","E","R","E","T","M","?","?","E","?","R","B",null,"M","?","T","M","$","E","M","M","T","M","?","M","R","M","R","B"],"character_chosen":"DEFECT","items_purchased":["Apotheosis","Frozen Egg 2","DataDisk","Lockon"],"gold_per_floor":[117,133,143,160,160,192,192,221,221,240,259,259,274,306,306,411,411,421,421,1,16,31,56,56,85,108,127,127,127,155,155,155,252,252,266,266,292,306,36,66,84,97,166,186,0,19,19,37,37,37],"floor_reached":51,"campfire_rested":2,"playtime":3654,"current_hp_per_floor":[75,74,72,72,72,44,44,26,26,26,23,45,45,36,36,6,58,58,58,58,56,51,41,41,41,41,39,39,39,49,37,37,31,36,36,36,36,37,37,37,37,37,37,37,37,18,29,37,37,37],"items_purged":["Decay"],"gold":37,"score":1026,"play_id":"ef64d6af-53cb-401b-a7bf-c90b75c70c8c","local_time":"20180511142950","is_prod":false,"is_daily":false,"chose_seed":false,"is_ascension_mode":true,"campfire_upgraded":5,"timestamp":1526041790,"path_taken":["M","M","M","M","?","E","R","E","T","M","?","R","M","E","R","BOSS","M","?","$","M","M","E","R","E","T","M","?","?","E","?","R","BOSS","M","?","?","M","$","E","M","?","T","M","?","M","R","M","R","BOSS"],"build_version":"2018-05-10","seed_source_timestamp":93240799674486,"purchased_purges":1,"victory":true,"master_deck":["Zap+1","Dualcast","Consume","Axe Kick","Redo+1","Storm+1","Ball Lightning","Go for the Eyes","Coolheaded","BootSequence","Ball Lightning","Defragment+1","Seek+1","Double Energy","Ball Lightning","Capacitor","Skim+1","Ball Lightning","Go for the Eyes","Beam Cell","Capacitor","Apotheosis+1","Streamline","Capacitor+1","Axe Kick","Static Discharge+1","Gash+1","Self Repair+1","Streamline+1","Ghostly","Ghostly","Ghostly","Ghostly","Ghostly","Buffer+1","Skim+1","Impulse","Lockon","Rebound","Beam Cell+1","Undo+1","Normality","Sweeping Beam+1","Axe Kick+1","Multi-Cast"],"max_hp_per_floor":[75,75,75,75,75,75,75,75,75,75,75,75,75,75,75,75,75,75,75,75,75,75,75,75,75,75,75,75,75,75,37,37,37,37,37,37,37,37,37,37,37,37,37,37,37,37,37,37,37,37],"relics":["Cracked Core","Bag of Preparation","Lantern","Symbiotic Virus","Gambling Chip","Ginger","Pandora\u0027s Box","Frozen Egg 2","Thread and Needle","Gremlin Horn","Orichalcum","Happy Flower","Cursed Key","Art of War","DataDisk","Blood Vial","Question Card","Red Mask"],"card_choices":[{"not_picked":["Doom and Gloom","BootSequence"],"picked":"Consume","floor":1},{"not_picked":["Turbo","Rip and Tear"],"picked":"Axe Kick","floor":2},{"not_picked":["Chaos","Barrage"],"picked":"Redo","floor":3},{"not_picked":["Stack","Rip and Tear"],"picked":"Storm","floor":4},{"not_picked":["Axe Kick","Barrage"],"picked":"Ball Lightning","floor":6},{"not_picked":["White Noise","Melter"],"picked":"Go for the Eyes","floor":8},{"not_picked":["Rip and Tear","Stack"],"picked":"Coolheaded","floor":10},{"not_picked":["Axe Kick","Leap"],"picked":"BootSequence","floor":11},{"not_picked":["Blizzard","Auto Shields"],"picked":"Ball Lightning","floor":13},{"not_picked":["Glacier","Axe Kick"],"picked":"Defragment","floor":14},{"not_picked":["Rainbow","Hyperbeam"],"picked":"Seek","floor":16},{"not_picked":["Loop","Stack"],"picked":"Capacitor","floor":18},{"not_picked":["Skim","Loop"],"picked":"Streamline","floor":21},{"not_picked":["Barrage","Consume"],"picked":"Capacitor","floor":22},{"not_picked":["Turbo","Undo"],"picked":"Axe Kick","floor":23},{"not_picked":["Sweeping Beam","Ball Lightning"],"picked":"Static Discharge","floor":25},{"not_picked":["Skim","Multi-Cast"],"picked":"Gash","floor":27},{"not_picked":["Barrage","Coolheaded"],"picked":"Streamline","floor":30},{"not_picked":["Hyperbeam","Multi-Cast"],"picked":"Buffer","floor":33},{"not_picked":["Stack","Reprogram"],"picked":"Skim","floor":35},{"not_picked":["Conserve Battery","Turbo"],"picked":"Impulse","floor":38},{"not_picked":["Rainbow","Hello World"],"picked":"Rebound","floor":40},{"not_picked":["Darkness","Capacitor"],"picked":"Beam Cell","floor":41},{"not_picked":["Conserve Battery","Cold Snap"],"picked":"Undo","floor":42},{"not_picked":["Rebound","Chaos","Undo"],"picked":"Sweeping Beam","floor":44},{"not_picked":["Stack","Hologram","Rebound"],"picked":"Axe Kick","floor":46},{"not_picked":["BootSequence","Turbo","Capacitor"],"picked":"Multi-Cast","floor":48}],"player_experience":120887,"potions_floor_usage":[6,8,16,23,27,33,48,50],"damage_taken":[{"damage":0,"enemies":"2 Louse","floor":1,"turns":2},{"damage":1,"enemies":"Cultist","floor":2,"turns":4},{"damage":2,"enemies":"Jaw Worm","floor":3,"turns":2},{"damage":0,"enemies":"Large Slime","floor":4,"turns":4},{"damage":28,"enemies":"Gremlin Nob","floor":6,"turns":4},{"damage":18,"enemies":"Lagavulin","floor":8,"turns":5},{"damage":0,"enemies":"3 Louse","floor":10,"turns":2},{"damage":3,"enemies":"Exordium Thugs","floor":11,"turns":3},{"damage":0,"enemies":"Large Slime","floor":13,"turns":2},{"damage":9,"enemies":"3 Sentries","floor":14,"turns":4},{"damage":30,"enemies":"The Guardian","floor":16,"turns":8},{"damage":0,"enemies":"2 Thieves","floor":18,"turns":2},{"damage":2,"enemies":"3 Byrds","floor":21,"turns":3},{"damage":5,"enemies":"Slaver and Parasite","floor":22,"turns":3},{"damage":10,"enemies":"Book of Stabbing","floor":23,"turns":3},{"damage":0,"enemies":"Gremlin Leader","floor":25,"turns":4},{"damage":2,"enemies":"Cultist and Chosen","floor":27,"turns":3},{"damage":0,"enemies":"Book of Stabbing","floor":30,"turns":4},{"damage":16,"enemies":"Collector","floor":33,"turns":8},{"damage":0,"enemies":"Flame Bruiser 1 Orb","floor":35,"turns":3},{"damage":0,"enemies":"3 Shapes","floor":38,"turns":4},{"damage":2,"enemies":"Giant Head","floor":40,"turns":7},{"damage":0,"enemies":"Maw","floor":41,"turns":6},{"damage":0,"enemies":"Flame Bruiser 2 Orb","floor":42,"turns":5},{"damage":0,"enemies":"4 Shapes","floor":44,"turns":4},{"damage":29,"enemies":"3 Darklings","floor":46,"turns":4},{"damage":0,"enemies":"Sphere and 2 Shapes","floor":48,"turns":3},{"damage":10,"enemies":"Time Eater","floor":50,"turns":8}],"event_choices":[{"event_name":"Upgrade Shrine","player_choice":"Upgraded","floor":5,"damage_taken":0},{"event_name":"The Woman in Blue","player_choice":"Bought 0 Potions","floor":19,"damage_taken":0},{"event_name":"The Library","player_choice":"Read","floor":28,"damage_taken":0},{"event_name":"Upgrade Shrine","player_choice":"Upgraded","floor":29,"damage_taken":0},{"event_name":"Ghosts","player_choice":"Became a Ghost","floor":31,"damage_taken":0},{"event_name":"Tomb of Lord Red Mask","player_choice":"Paid","floor":45,"damage_taken":0}],"boss_relics":[{"not_picked":["Velvet Choker","Runic Pyramid"],"picked":"Pandora\u0027s Box"},{"not_picked":["Black Star","Inserter"],"picked":"Cursed Key"}],"potions_floor_spawned":[1,3,10,14,16,23,25,30,35,42,48],"seed_played":"7495790022268515505","ascension_level":5,"is_trial":false}