{"gold_per_floor":[118,130,130,130,205,205,225,57,57,57,74,102,102,16,16,16],"floor_reached":16,"playtime":345,"items_purged":[],"score":196,"play_id":"61cde318-01a3-4c04-95f5-da6e60d41f24","local_time":"20181126171829","is_ascension_mode":true,"campfire_choices":[{"data":"Backstab","floor":10,"key":"SMITH"},{"data":"Calculated Gamble","floor":13,"key":"SMITH"},{"floor":15,"key":"REST"}],"neow_cost":"NONE","seed_source_timestamp":19735238454882,"circlet_count":0,"master_deck":["AscendersBane","Defend_G","Defend_G","Defend_G","Defend_G","Defend_G","Strike_G","Strike_G","Strike_G","Strike_G","Survivor","Neutralize","Phantasmal Killer+1","Catalyst","Accuracy","Adrenaline","Backstab+1","Blade Dance","Calculated Gamble+1","Footwork"],"special_seed":0,"relics":["Ring of the Snake","Bronze Scales","Potion Belt"],"potions_floor_usage":[12,12],"damage_taken":[{"damage":4.0,"enemies":"Small Slimes","floor":1.0,"turns":4.0},{"damage":4.0,"enemies":"Jaw Worm","floor":2.0,"turns":5.0},{"damage":4,"enemies":"2 Louse","floor":7,"turns":4},{"damage":4,"enemies":"Blue Slaver","floor":11,"turns":3},{"damage":12,"enemies":"Lagavulin","floor":12,"turns":8},{"damage":30,"enemies":"Slime Boss","floor":16,"turns":10}],"seed_played":"226884721332268045","potions_obtained":[{"floor":1.0,"key":"GhostInAJar"},{"floor":7,"key":"Fire Potion"},{"floor":12,"key":"Energy Potion"}],"is_trial":false,"path_per_floor":["M","M","?","?","?","?","M","$","T","R","M","E","R","$","R","B"],"character_chosen":"THE_SILENT","items_purchased":["Adrenaline","Backstab","Footwork"],"campfire_rested":1,"item_purchase_floors":[8,8,14],"current_hp_per_floor":[55,51,51,51,40,33,29,29,29,29,25,13,13,13,32,2],"gold":16,"neow_bonus":"ONE_RANDOM_RARE_CARD","is_prod":false,"is_daily":false,"chose_seed":false,"campfire_upgraded":2,"win_rate":0,"timestamp":1543249109,"path_taken":["M","M","?","?","?","?","M","$","T","R","M","E","R","?","R","BOSS"],"build_version":"2018-11-15","purchased_purges":0,"victory":false,"max_hp_per_floor":[66,66,66,66,66,66,66,66,66,66,66,66,66,66,66,66],"card_choices":[{"not_picked":["Slice","PiercingWail"],"picked":"Catalyst","floor":1.0},{"not_picked":["Outmaneuver","Concentrate"],"picked":"Accuracy","floor":2.0},{"not_picked":["Predator","Underhanded Strike","Acrobatics"],"picked":"SKIP","floor":7},{"not_picked":["All Out Attack","Sucker Punch"],"picked":"Blade Dance","floor":11},{"not_picked":["Bouncing Flask","Underhanded Strike"],"picked":"Calculated Gamble","floor":12}],"player_experience":776908,"relics_obtained":[{"floor":9,"key":"Bronze Scales"},{"floor":12,"key":"Potion Belt"}],"event_choices":[{"damage_healed":0.0,"max_hp_gain":0.0,"max_hp_loss":0.0,"gold_gain":0.0,"event_name":"Living Wall","player_choice":"Grow","floor":3.0,"gold_loss":0.0,"damage_taken":0.0,"cards_upgraded":["Phantasmal Killer"]},{"damage_healed":0,"gold_gain":0,"player_choice":"Fled","damage_taken":0,"max_hp_gain":0,"max_hp_loss":0,"event_name":"Scrap Ooze","floor":4,"gold_loss":0},{"damage_healed":0,"gold_gain":75,"player_choice":"Gather Gold","damage_taken":11,"max_hp_gain":0,"max_hp_loss":0,"event_name":"World of Goop","floor":5,"gold_loss":0},{"cards_removed":["Strike_G"],"damage_healed":0,"gold_gain":0,"player_choice":"Card Removal","damage_taken":7,"max_hp_gain":0,"max_hp_loss":0,"event_name":"Golden Wing","floor":6,"gold_loss":0}],"is_beta":true,"boss_relics":[],"items_purged_floors":[],"is_endless":false,"potions_floor_spawned":[1,7,12],"killed_by":"Slime Boss","ascension_level":20}