{"gold_per_floor":[409,419,431,706,563,563,573,128,128,128,303,303,303,334,334,437,437,448,461,185,199,215,215,215,215,215,215],"floor_reached":27,"playtime":1681,"items_purged":["Regret","Strike_G","Regret"],"score":299,"play_id":"b4b77184-971b-492d-ad46-2862a612bc03","local_time":"20181028225229","is_ascension_mode":true,"campfire_choices":[{"data":"Mayhem","floor":10.0,"key":"SMITH"},{"data":"Calculated Gamble","floor":13.0,"key":"SMITH"},{"data":"Storm of Steel","floor":15.0,"key":"SMITH"},{"floor":23,"key":"REST"},{"data":"Tools of the Trade","floor":25,"key":"SMITH"}],"neow_cost":"CURSE","seed_source_timestamp":11345433007410,"circlet_count":0,"master_deck":["Defend_G+1","Defend_G+1","Defend_G+1","Defend_G+1","Defend_G+1","Strike_G+1","Strike_G+1","Strike_G+1","Strike_G+1","Survivor","Neutralize","Decay","Dagger Spray","Calculated Gamble+1","Dagger Spray","Dash","Deflect","Underhanded Strike","Mayhem+1","Doubt","Storm of Steel+1","Tools of the Trade+1","Setup","Quick Slash","Prepared+1","Regret"],"special_seed":0,"relics":["Ring of the Snake","Old Coin","Lantern","Pear","Shuriken","Regal Pillow","Cursed Key","Juzu Bracelet","Orichalcum"],"potions_floor_usage":[21,22],"damage_taken":[{"damage":4.0,"enemies":"Small Slimes","floor":1.0,"turns":5.0},{"damage":8.0,"enemies":"Cultist","floor":2.0,"turns":4.0},{"damage":13.0,"enemies":"Jaw Worm","floor":3.0,"turns":4.0},{"damage":7.0,"enemies":"Looter","floor":7.0,"turns":4.0},{"damage":22.0,"enemies":"Lagavulin","floor":14.0,"turns":10.0},{"damage":13.0,"enemies":"Slime Boss","floor":16.0,"turns":10.0},{"damage":14.0,"enemies":"3 Byrds","floor":18.0,"turns":5.0},{"damage":14.0,"enemies":"Spheric Guardian","floor":19.0,"turns":4.0},{"damage":25,"enemies":"Centurion and Healer","floor":21,"turns":9},{"damage":23,"enemies":"Cultist and Chosen","floor":22,"turns":6},{"damage":48,"enemies":"Book of Stabbing","floor":27,"turns":5}],"seed_played":"-8038476004467774786","potions_obtained":[{"floor":3.0,"key":"GamblersBrew"},{"floor":6.0,"key":"Regen Potion"},{"floor":6.0,"key":"SkillPotion"},{"floor":14.0,"key":"SpeedPotion"},{"floor":16.0,"key":"Dexterity Potion"},{"floor":21,"key":"Regen Potion"}],"is_trial":false,"path_per_floor":["M","M","M","?","$","?","M","$","T","R","?","?","R","E","R","B",null,"M","M","$","M","M","R","?","R","T"],"character_chosen":"THE_SILENT","items_purchased":["Dash","Underhanded Strike","Mayhem","Lantern","Juzu Bracelet"],"campfire_rested":1,"item_purchase_floors":[5,8,8,8,20],"current_hp_per_floor":[59,51,38,38,38,38,31,31,41,41,41,41,41,34,34,21,65,51,37,37,12,4,43,43,43,43,0],"gold":215,"neow_bonus":"ONE_RARE_RELIC","is_prod":false,"is_daily":false,"chose_seed":false,"campfire_upgraded":4,"win_rate":0,"timestamp":1540738349,"path_taken":["M","M","M","?","$","?","?","?","T","R","?","?","R","E","R","BOSS","M","?","$","M","M","R","?","R","T","E"],"build_version":"2018-10-25v2","purchased_purges":3,"victory":false,"max_hp_per_floor":[70,70,70,70,70,70,70,70,80,80,80,80,80,80,80,80,80,80,80,80,80,80,80,80,80,80,80],"card_choices":[{"not_picked":["Backflip","Underhanded Strike"],"picked":"Dagger Spray","floor":1.0},{"not_picked":["Terror","Bane"],"picked":"Calculated Gamble","floor":2.0},{"not_picked":["Bane","Acrobatics"],"picked":"Dagger Spray","floor":3.0},{"not_picked":["Flying Knee","Dodge and Roll"],"picked":"Deflect","floor":7.0},{"not_picked":["Finisher","Outmaneuver"],"picked":"Storm of Steel","floor":14.0},{"not_picked":["A Thousand Cuts","Malaise"],"picked":"Tools of the Trade","floor":16.0},{"not_picked":["Dagger Spray","Underhanded Strike+1"],"picked":"Setup","floor":18.0},{"not_picked":["Acrobatics","Bouncing Flask","Bane+1"],"picked":"SKIP","floor":19.0},{"not_picked":["Poisoned Stab+1","Acrobatics"],"picked":"Quick Slash","floor":21},{"not_picked":["Poisoned Stab+1","Setup"],"picked":"Prepared+1","floor":22}],"player_experience":366337,"relics_obtained":[{"floor":9.0,"key":"Pear"},{"floor":14.0,"key":"Regal Pillow"},{"floor":26,"key":"Orichalcum"}],"event_choices":[{"damage_healed":0.0,"max_hp_gain":0.0,"max_hp_loss":0.0,"gold_gain":275.0,"event_name":"Golden Shrine","player_choice":"Desecrate","floor":4.0,"gold_loss":0.0,"damage_taken":0.0,"cards_obtained":["Regret"]},{"damage_healed":0.0,"max_hp_gain":0.0,"max_hp_loss":0.0,"gold_gain":0.0,"event_name":"The Lab","player_choice":"Got Potions","floor":6.0,"gold_loss":0.0,"damage_taken":0.0},{"damage_healed":0.0,"max_hp_gain":0.0,"max_hp_loss":0.0,"gold_gain":175.0,"event_name":"Liars Game","player_choice":"AGREE","floor":11.0,"gold_loss":0.0,"damage_taken":0.0,"cards_obtained":["Doubt"]},{"damage_healed":0.0,"max_hp_gain":0.0,"max_hp_loss":0.0,"gold_gain":0.0,"event_name":"Big Fish","player_choice":"Box","floor":12.0,"gold_loss":0.0,"damage_taken":0.0,"relics_obtained":["Shuriken"],"cards_obtained":["Regret"]},{"damage_healed":0,"gold_gain":0,"player_choice":"Simplicity","damage_taken":0,"max_hp_gain":0,"max_hp_loss":0,"event_name":"Back to Basics","floor":24,"gold_loss":0,"cards_upgraded":["Defend_G","Defend_G","Defend_G","Defend_G","Defend_G","Strike_G","Strike_G","Strike_G","Strike_G"]}],"is_beta":false,"boss_relics":[{"not_picked":["Busted Crown","Ectoplasm"],"picked":"Cursed Key"}],"items_purged_floors":[5,8,20],"is_endless":false,"potions_floor_spawned":[3,14,16,21],"killed_by":"Book of Stabbing","ascension_level":6}