{"gold_per_floor":[113,133,150,161,174,188,188,198,250,267,267,267,286,286,286,391,391,403,413,429,444,464,497,512,523,550,561,561,561,578,591,591,689,689,700,700,800,814,828,828,856,870,923,327,340,350,365,380,380,380],"floor_reached":51,"playtime":1781,"items_purged":[],"score":1134,"play_id":"bdb86f72-25f9-4cb2-9b81-56cf484c9aa6","local_time":"20190430001345","daily_mods":["SealedDeck","Vintage"],"is_ascension_mode":false,"campfire_choices":[{"data":"Flex","floor":12,"key":"SMITH"},{"data":"Flex","floor":15,"key":"SMITH"},{"data":"Anger","floor":28,"key":"SMITH"},{"data":"Clash","floor":32,"key":"SMITH"},{"data":"Shockwave","floor":40,"key":"SMITH"},{"floor":49,"key":"REST"}],"neow_cost":"","seed_source_timestamp":1390799056207,"circlet_count":0,"master_deck":["Anger+1","Warcry+1","Warcry+1","Shockwave+1","Clash+1","Flex+1","Flex+1"],"relics":["Unceasing Top","Thread and Needle","Eternal Feather","White Beast Statue","Potion Belt","Centennial Puzzle","Incense Burner","Happy Flower","Anchor","Oddly Smooth Stone","Letter Opener","Runic Pyramid","MealTicket","HornCleat","Bird Faced Urn","Matryoshka","Orichalcum","War Paint","Toy Ornithopter","Bag of Marbles","Mummified Hand","InkBottle","Regal Pillow","Pen Nib","Turnip","SacredBark","Charon\u0027s Ashes","StoneCalendar","CloakClasp","Kunai","Smiling Mask","Boot","Self Forming Clay","Lantern","Lizard Tail","PreservedInsect","Cauldron","Strawberry","Peace Pipe","Ice Cream","Red Skull"],"potions_floor_usage":[33,37,37,42,50,50,50,50,50,50,50],"damage_taken":[{"damage":0,"enemies":"Small Slimes","floor":1,"turns":2},{"damage":0,"enemies":"2 Louse","floor":2,"turns":2},{"damage":0,"enemies":"Cultist","floor":3,"turns":2},{"damage":6,"enemies":"Exordium Thugs","floor":4,"turns":2},{"damage":0,"enemies":"Blue Slaver","floor":5,"turns":1},{"damage":0,"enemies":"Exordium Wildlife","floor":6,"turns":2},{"damage":7,"enemies":"Large Slime","floor":8,"turns":3},{"damage":0,"enemies":"Exordium Thugs","floor":10,"turns":2},{"damage":0,"enemies":"Exordium Wildlife","floor":13,"turns":1},{"damage":0,"enemies":"Hexaghost","floor":16,"turns":1},{"damage":0,"enemies":"Shell Parasite","floor":18,"turns":1},{"damage":0,"enemies":"Chosen","floor":19,"turns":1},{"damage":0,"enemies":"Shelled Parasite and Fungi","floor":20,"turns":1},{"damage":0,"enemies":"Cultist and Chosen","floor":21,"turns":1},{"damage":0,"enemies":"Snake Plant","floor":22,"turns":1},{"damage":0,"enemies":"Slavers","floor":23,"turns":1},{"damage":0,"enemies":"Centurion and Healer","floor":24,"turns":1},{"damage":0,"enemies":"Cultist and Chosen","floor":25,"turns":1},{"damage":0,"enemies":"Sentry and Sphere","floor":27,"turns":1},{"damage":0,"enemies":"Snake Plant","floor":30,"turns":1},{"damage":0,"enemies":"Centurion and Healer","floor":31,"turns":1},{"damage":0,"enemies":"Collector","floor":33,"turns":1},{"damage":0,"enemies":"3 Shapes","floor":35,"turns":1},{"damage":0,"enemies":"Mind Bloom Boss Battle","floor":37,"turns":1},{"damage":0,"enemies":"Orb Walker","floor":38,"turns":1},{"damage":0,"enemies":"3 Darklings","floor":39,"turns":1},{"damage":0,"enemies":"Nemesis","floor":41,"turns":1},{"damage":0,"enemies":"Transient","floor":42,"turns":1},{"damage":0,"enemies":"Writhing Mass","floor":45,"turns":1},{"damage":0,"enemies":"Sphere and 2 Shapes","floor":46,"turns":1},{"damage":0,"enemies":"Maw","floor":47,"turns":1},{"damage":0,"enemies":"Transient","floor":48,"turns":1},{"damage":0,"enemies":"Awakened One","floor":50,"turns":2}],"seed_played":"120976855536328649","potions_obtained":[{"floor":3,"key":"Ancient Potion"},{"floor":4,"key":"AttackPotion"},{"floor":5,"key":"SpeedPotion"},{"floor":6,"key":"Ancient Potion"},{"floor":8,"key":"GamblersBrew"},{"floor":13,"key":"EntropicBrew"},{"floor":21,"key":"SteroidPotion"},{"floor":33,"key":"FearPotion"},{"floor":37,"key":"Fruit Juice"},{"floor":38,"key":"SpeedPotion"},{"floor":42,"key":"GamblersBrew"},{"floor":44,"key":"PowerPotion"},{"floor":44,"key":"PowerPotion"},{"floor":44,"key":"Ancient Potion"},{"floor":45,"key":"Energy Potion"}],"is_trial":true,"path_per_floor":["M","M","M","M","M","M","?","M","T","M","?","R","M","?","R","B",null,"M","M","M","M","M","E","M","M","T","M","R","?","M","M","R","B",null,"M","$","?","M","M","R","E","M","T","$","M","M","M","M","R","B",null],"character_chosen":"IRONCLAD","items_purchased":["Lizard Tail","PreservedInsect","Cauldron"],"campfire_rested":1,"item_purchase_floors":[44,44,44],"current_hp_per_floor":[80,80,80,74,74,74,74,67,67,67,60,63,63,63,66,66,80,80,80,80,80,80,80,80,80,80,80,80,80,80,80,80,80,80,80,80,90,90,90,90,90,90,90,90,97,97,97,97,97,97],"gold":380,"neow_bonus":"","is_prod":false,"is_daily":false,"chose_seed":false,"campfire_upgraded":5,"win_rate":0,"timestamp":1556550825,"path_taken":["M","M","M","M","M","M","?","M","T","M","?","R","M","?","R","BOSS","M","M","M","M","M","E","?","M","T","M","R","?","M","M","R","BOSS","M","$","?","M","M","R","E","M","T","$","M","M","M","M","R","BOSS"],"build_version":"2019-09-27","purchased_purges":0,"victory":true,"max_hp_per_floor":[80,80,80,80,80,80,80,80,80,80,80,80,80,80,80,80,80,80,80,80,80,80,80,80,80,80,80,80,80,80,80,80,80,80,80,80,90,90,90,90,90,90,90,90,97,97,97,97,97,97],"card_choices":[{"not_picked":["Feel No Pain","Thunderclap","Havoc"],"picked":"SKIP","floor":23},{"not_picked":["Wild Strike","Headbutt+1","Combust"],"picked":"SKIP","floor":41}],"player_experience":564721,"relics_obtained":[{"floor":1,"key":"Thread and Needle"},{"floor":2,"key":"Eternal Feather"},{"floor":3,"key":"White Beast Statue"},{"floor":4,"key":"Potion Belt"},{"floor":5,"key":"Centennial Puzzle"},{"floor":6,"key":"Incense Burner"},{"floor":8,"key":"Happy Flower"},{"floor":9,"key":"Anchor"},{"floor":10,"key":"Oddly Smooth Stone"},{"floor":13,"key":"Letter Opener"},{"floor":18,"key":"MealTicket"},{"floor":19,"key":"HornCleat"},{"floor":20,"key":"Bird Faced Urn"},{"floor":21,"key":"Matryoshka"},{"floor":22,"key":"Orichalcum"},{"floor":23,"key":"War Paint"},{"floor":24,"key":"Toy Ornithopter"},{"floor":25,"key":"Bag of Marbles"},{"floor":26,"key":"Mummified Hand"},{"floor":26,"key":"InkBottle"},{"floor":27,"key":"Regal Pillow"},{"floor":30,"key":"Pen Nib"},{"floor":31,"key":"Turnip"},{"floor":35,"key":"Charon\u0027s Ashes"},{"floor":37,"key":"StoneCalendar"},{"floor":38,"key":"CloakClasp"},{"floor":39,"key":"Kunai"},{"floor":41,"key":"Smiling Mask"},{"floor":42,"key":"Boot"},{"floor":43,"key":"Self Forming Clay"},{"floor":43,"key":"Lantern"},{"floor":45,"key":"Strawberry"},{"floor":46,"key":"Peace Pipe"},{"floor":47,"key":"Ice Cream"},{"floor":48,"key":"Red Skull"}],"event_choices":[{"cards_removed":["Metallicize"],"damage_healed":0,"gold_gain":0,"player_choice":"Forget","damage_taken":0,"max_hp_gain":0,"max_hp_loss":0,"event_name":"Living Wall","floor":7,"gold_loss":0},{"cards_removed":["Thunderclap"],"damage_healed":0,"gold_gain":0,"player_choice":"Card Removal","damage_taken":7,"max_hp_gain":0,"max_hp_loss":0,"event_name":"Golden Wing","floor":11,"gold_loss":0},{"cards_removed":["Infernal Blade"],"damage_healed":0,"gold_gain":0,"player_choice":"Purged","damage_taken":0,"max_hp_gain":0,"max_hp_loss":0,"event_name":"Purifier","floor":14,"gold_loss":0},{"damage_healed":0,"gold_gain":0,"player_choice":"Simplicity","damage_taken":0,"max_hp_gain":0,"max_hp_loss":0,"event_name":"Back to Basics","floor":29,"gold_loss":0,"cards_upgraded":[]},{"damage_healed":0,"gold_gain":0,"player_choice":"Fight","damage_taken":0,"max_hp_gain":0,"max_hp_loss":0,"event_name":"MindBloom","floor":37,"gold_loss":0}],"is_beta":true,"boss_relics":[{"not_picked":["Fusion Hammer","Mark of Pain"],"picked":"Runic Pyramid"},{"not_picked":["Sozu","Coffee Dripper"],"picked":"SacredBark"}],"items_purged_floors":[],"is_endless":false,"potions_floor_spawned":[3,4,5,6,8,10,13,16,18,19,20,21,22,23,24,25,27,30,31,33,35,37,38,39,41,42,45,46,47,48],"ascension_level":0}