{"gold_per_floor":[111,111,111,111,125,160,160,160,160,189,206,43,43,61,61,138,138,158,130,130,130,47,47,47],"floor_reached":24,"playtime":462,"items_purged":["Strike_B"],"score":454,"play_id":"d2b4ccc0-892d-40ce-90a7-cbf97b6aed33","local_time":"20181210014026","is_ascension_mode":true,"campfire_choices":[{"data":"FTL","floor":7,"key":"SMITH"},{"data":"Conserve Battery","floor":15,"key":"SMITH"},{"floor":23,"key":"REST"}],"neow_cost":"NONE","seed_source_timestamp":371102287985260,"circlet_count":0,"master_deck":["AscendersBane","Strike_B","Strike_B","Defend_B","Defend_B","Defend_B","Defend_B","Zap","Dualcast","Gash","Gash","FTL+1","Conserve Battery+1","Beam Cell+1","Storm+1","Loop+1","Echo Form+1","Leap","Go for the Eyes","Conserve Battery","Go for the Eyes"],"relics":["Cracked Core","NeowsBlessing","FaceOfCleric","Omamori","Frozen Egg 2","Kunai","Sozu","MutagenicStrength"],"potions_floor_usage":[10,16,16],"damage_taken":[{"damage":0,"enemies":"Jaw Worm","floor":1,"turns":1},{"damage":0,"enemies":"Small Slimes","floor":5,"turns":1},{"damage":0,"enemies":"3 Sentries","floor":6,"turns":1},{"damage":13,"enemies":"Lagavulin","floor":10,"turns":6},{"damage":0,"enemies":"Cultist","floor":11,"turns":3},{"damage":0,"enemies":"2 Fungi Beasts","floor":14,"turns":3},{"damage":21,"enemies":"Hexaghost","floor":16,"turns":8},{"damage":26,"enemies":"Shell Parasite","floor":18,"turns":5},{"damage":13,"enemies":"2 Thieves","floor":19,"turns":4},{"damage":43,"enemies":"Colosseum Slavers","floor":24,"turns":5},{"damage":14,"enemies":"Colosseum Nobs","floor":24,"turns":2}],"seed_played":"-1792883127570328693","potions_obtained":[{"floor":1,"key":"Block Potion"},{"floor":5,"key":"LiquidBronze"},{"floor":10,"key":"LiquidBronze"}],"is_trial":false,"path_per_floor":["M","?","?","?","M","E","R","?","T","E","M","$","?","M","R","B",null,"M","M","?","?","$","R","?"],"character_chosen":"DEFECT","items_purchased":["Storm+1","Conserve Battery","Go for the Eyes"],"campfire_rested":1,"item_purchase_floors":[12,22,22],"current_hp_per_floor":[64,64,64,64,65,66,66,66,66,54,55,55,55,56,56,36,67,42,30,30,30,30,53,0],"gold":47,"neow_bonus":"THREE_ENEMY_KILL","is_prod":false,"is_daily":false,"chose_seed":false,"campfire_upgraded":2,"win_rate":0,"timestamp":1544402426,"path_taken":["M","?","?","?","?","E","R","?","T","E","?","$","?","M","R","BOSS","M","M","?","?","$","R","?"],"build_version":"2018-12-06","purchased_purges":1,"victory":false,"max_hp_per_floor":[71,71,71,71,72,73,73,73,73,74,75,75,75,76,76,77,77,78,79,79,79,79,79,80],"card_choices":[{"not_picked":["BootSequence","Recycle"],"picked":"Gash","floor":1},{"not_picked":["Chill","Redo"],"picked":"Gash","floor":5},{"not_picked":["Capacitor","Lockon"],"picked":"FTL","floor":6},{"not_picked":["Steam Power","Blizzard"],"picked":"Conserve Battery","floor":10},{"not_picked":["Go for the Eyes","Redo"],"picked":"Beam Cell","floor":11},{"not_picked":["Cold Snap","Genetic Algorithm"],"picked":"Loop+1","floor":14},{"not_picked":["Rainbow","Reboot"],"picked":"Echo Form+1","floor":16},{"not_picked":["Compile Driver","Beam Cell"],"picked":"Leap","floor":18},{"not_picked":["Aggregate","Redo"],"picked":"Go for the Eyes","floor":19}],"player_experience":805138,"relics_obtained":[{"floor":6,"key":"Omamori"},{"floor":9,"key":"Frozen Egg 2"},{"floor":10,"key":"Kunai"}],"event_choices":[{"damage_healed":0,"gold_gain":0,"player_choice":"Ignored","damage_taken":0,"max_hp_gain":0,"max_hp_loss":0,"event_name":"Shining Light","floor":2,"gold_loss":0},{"damage_healed":0,"gold_gain":0,"player_choice":"Ignored","damage_taken":0,"max_hp_gain":0,"max_hp_loss":0,"event_name":"Golden Idol","floor":3,"gold_loss":0},{"damage_healed":0,"gold_gain":0,"player_choice":"Trade","damage_taken":0,"relics_obtained":["FaceOfCleric"],"max_hp_gain":0,"max_hp_loss":0,"event_name":"FaceTrader","floor":4,"gold_loss":0},{"cards_removed":["Strike_B"],"damage_healed":0,"gold_gain":0,"player_choice":"Offered Basic","damage_taken":0,"max_hp_gain":0,"max_hp_loss":0,"event_name":"Bonfire Elementals","floor":8,"gold_loss":0},{"damage_healed":0,"gold_gain":0,"player_choice":"Grow","damage_taken":0,"max_hp_gain":0,"max_hp_loss":0,"event_name":"Living Wall","floor":13,"gold_loss":0,"cards_upgraded":["Beam Cell"]},{"damage_healed":0,"gold_gain":0,"player_choice":"Inject Mutagens","damage_taken":0,"relics_obtained":["MutagenicStrength"],"max_hp_gain":0,"max_hp_loss":0,"event_name":"Drug Dealer","floor":20,"gold_loss":0},{"damage_healed":0,"gold_gain":0,"player_choice":"Ignored","damage_taken":0,"max_hp_gain":0,"max_hp_loss":0,"event_name":"Beggar","floor":21,"gold_loss":0},{"damage_healed":0,"gold_gain":0,"player_choice":"Fight","damage_taken":0,"max_hp_gain":0,"max_hp_loss":0,"event_name":"Colosseum","floor":24,"gold_loss":0},{"damage_healed":0,"gold_gain":0,"player_choice":"Fought Nobs","damage_taken":0,"max_hp_gain":0,"max_hp_loss":0,"event_name":"Colosseum","floor":24,"gold_loss":0}],"is_beta":true,"boss_relics":[{"not_picked":["Black Star","Coffee Dripper"],"picked":"Sozu"}],"items_purged_floors":[12],"is_endless":false,"potions_floor_spawned":[1,5,10,14,19],"killed_by":"Colosseum Nobs","ascension_level":20}