{"gold_per_floor":[115,115,115,115,115,143,143,158,208,208,236,248,7,25,25,99,99,114,114,164,164,78,78,91,49,49,84,84],"floor_reached":28,"playtime":678,"items_purged":["Strike_G"],"score":507,"play_id":"9e06e9e1-377e-48b0-8a1e-57510f77bd09","local_time":"20181027200752","is_ascension_mode":true,"campfire_choices":[{"data":"Cloak And Dagger","floor":7.0,"key":"SMITH"},{"data":"After Image","floor":10.0,"key":"SMITH"},{"floor":15.0,"key":"DIG"},{"data":"Footwork","floor":23.0,"key":"SMITH"}],"neow_cost":"NONE","seed_source_timestamp":26483808193215,"circlet_count":0,"master_deck":["Defend_G","Defend_G","Defend_G","Defend_G","Defend_G","Strike_G","Strike_G","Strike_G","Survivor","Neutralize","AscendersBane","Deadly Poison+1","Cloak And Dagger+1","After Image+1","Bouncing Flask","Noxious Fumes","Leg Sweep","Envenom","Cloak And Dagger","Decay","Footwork+1","Noxious Fumes","Regret","Deflect"],"special_seed":0,"relics":["Ring of the Snake","NeowsBlessing","Mummified Hand","Pantograph","Ancient Tea Set","Shovel","Calipers","Cursed Key","Dodecahedron","Kunai"],"potions_floor_usage":[27,27,28],"damage_taken":[{"damage":0.0,"enemies":"Small Slimes","floor":1.0,"turns":1.0},{"damage":0.0,"enemies":"3 Sentries","floor":6.0,"turns":1.0},{"damage":0.0,"enemies":"2 Louse","floor":8.0,"turns":1.0},{"damage":4.0,"enemies":"Lagavulin","floor":11.0,"turns":7.0},{"damage":0.0,"enemies":"Cultist","floor":12.0,"turns":4.0},{"damage":2.0,"enemies":"Large Slime","floor":14.0,"turns":8.0},{"damage":5.0,"enemies":"Hexaghost","floor":16.0,"turns":8.0},{"damage":12.0,"enemies":"3 Byrds","floor":18.0,"turns":5.0},{"damage":3,"enemies":"Spheric Guardian","floor":24,"turns":4},{"damage":35,"enemies":"Gremlin Leader","floor":27,"turns":7},{"damage":20,"enemies":"Cultist and Chosen","floor":28,"turns":7}],"seed_played":"8098238061689962898","potions_obtained":[{"floor":1.0,"key":"GamblersBrew"},{"floor":11.0,"key":"Strength Potion"},{"floor":16.0,"key":"Block Potion"},{"floor":18.0,"key":"LiquidBronze"},{"floor":27,"key":"Block Potion"}],"is_trial":false,"path_per_floor":["M","?","?","?","?","E","R","M","T","R","E","M","$","M","R","B",null,"M","?","?","?","$","R","M","$","T","E"],"character_chosen":"THE_SILENT","items_purchased":["Noxious Fumes","Leg Sweep","Footwork","Noxious Fumes"],"campfire_rested":0,"item_purchase_floors":[13,13,22,25],"current_hp_per_floor":[59,48,48,48,48,48,48,48,48,48,44,44,44,42,42,61,65,53,49,49,49,49,49,46,46,46,11,0],"gold":84,"neow_bonus":"THREE_ENEMY_KILL","is_prod":false,"is_daily":false,"chose_seed":false,"campfire_upgraded":3,"win_rate":0,"timestamp":1540663672,"path_taken":["M","?","?","?","?","E","R","M","T","R","E","M","$","?","R","BOSS","M","?","?","?","$","R","M","?","T","E","M"],"build_version":"2018-10-25v2","purchased_purges":1,"victory":false,"max_hp_per_floor":[66,66,66,66,66,66,66,66,66,66,66,66,66,66,66,66,66,66,66,66,66,66,66,66,66,66,66,66],"card_choices":[{"not_picked":["Finisher","Skewer"],"picked":"Deadly Poison","floor":1.0},{"not_picked":["Flying Knee","Dagger Spray"],"picked":"Cloak And Dagger","floor":6.0},{"not_picked":["Flying Knee","Acrobatics"],"picked":"After Image","floor":8.0},{"not_picked":["Heel Hook","Calculated Gamble"],"picked":"Bouncing Flask","floor":11.0},{"not_picked":["Acrobatics","Dagger Throw","Glass Knife"],"picked":"SKIP","floor":12.0},{"not_picked":["Sucker Punch","Outmaneuver","Deflect"],"picked":"SKIP","floor":14.0},{"not_picked":["Malaise","Glass Knife"],"picked":"Envenom","floor":16.0},{"not_picked":["Setup","Underhanded Strike"],"picked":"Cloak And Dagger","floor":18.0},{"not_picked":["Concentrate","Sucker Punch","Flying Knee"],"picked":"SKIP","floor":24},{"not_picked":["Die Die Die","All Out Attack"],"picked":"Deflect","floor":27}],"player_experience":701798,"relics_obtained":[{"floor":6.0,"key":"Pantograph"},{"floor":9.0,"key":"Ancient Tea Set"},{"floor":11.0,"key":"Shovel"},{"floor":15.0,"key":"Calipers"},{"floor":26,"key":"Dodecahedron"},{"floor":27,"key":"Kunai"}],"event_choices":[{"damage_healed":0.0,"max_hp_gain":0.0,"max_hp_loss":0.0,"gold_gain":0.0,"event_name":"Scrap Ooze","player_choice":"Success","floor":2.0,"gold_loss":0.0,"damage_taken":11.0,"relics_obtained":["Mummified Hand"]},{"damage_healed":0.0,"max_hp_gain":0.0,"max_hp_loss":0.0,"gold_gain":0.0,"event_name":"Living Wall","player_choice":"Grow","floor":3.0,"gold_loss":0.0,"damage_taken":0.0,"cards_upgraded":["Deadly Poison"]},{"damage_healed":0.0,"max_hp_gain":0.0,"max_hp_loss":0.0,"gold_gain":0.0,"event_name":"Golden Idol","player_choice":"Ignored","floor":4.0,"gold_loss":0.0,"damage_taken":0.0},{"cards_removed":["Strike_G"],"damage_healed":0.0,"max_hp_gain":0.0,"max_hp_loss":0.0,"gold_gain":0.0,"event_name":"Purifier","player_choice":"Purged","floor":5.0,"gold_loss":0.0,"damage_taken":0.0},{"damage_healed":0.0,"max_hp_gain":0.0,"max_hp_loss":0.0,"gold_gain":0.0,"event_name":"The Woman in Blue","player_choice":"Bought 0 Potions","floor":19.0,"gold_loss":0.0,"damage_taken":0.0},{"damage_healed":0.0,"max_hp_gain":0.0,"max_hp_loss":0.0,"gold_gain":50.0,"event_name":"Nest","player_choice":"Stole From Cult","floor":20.0,"gold_loss":0.0,"damage_taken":0.0},{"damage_healed":0.0,"max_hp_gain":0.0,"max_hp_loss":0.0,"gold_gain":0.0,"event_name":"Forgotten Altar","player_choice":"Smashed Altar","floor":21.0,"gold_loss":0.0,"damage_taken":0.0,"cards_obtained":["Decay"]}],"is_beta":true,"boss_relics":[{"not_picked":["White Beast Statue","HoveringKite"],"picked":"Cursed Key"}],"items_purged_floors":[13],"is_endless":false,"potions_floor_spawned":[1,11,14,16,18,27],"killed_by":"Cultist and Chosen","ascension_level":18}