{"gold_per_floor":[113,113,113,138,50,50,90,90,90,90,113,113,136,175,175,299,299,323,44,69,69,93,93,111,111,193,193],"floor_reached":27,"playtime":925,"items_purged":["Regret"],"score":361,"play_id":"ac902523-0272-45ea-b49b-52c9152e09ea","local_time":"20181027164722","is_ascension_mode":true,"campfire_choices":[{"data":"Sunder","floor":6,"key":"SMITH"},{"data":"Zap","floor":8,"key":"SMITH"},{"data":"Dualcast","floor":10,"key":"SMITH"},{"data":"Sunder","floor":12,"key":"SMITH"},{"data":"Coolheaded","floor":15,"key":"SMITH"},{"data":"Defragment","floor":23,"key":"SMITH"}],"neow_cost":"NONE","seed_source_timestamp":5856287346073,"circlet_count":0,"master_deck":["Zap+1","Dualcast+1","Gash+1","Sunder+1","Gash","Sunder+1","Coolheaded+1","Gash","Multi-Cast","Ball Lightning","Undo","Stack","Compile Driver","Coolheaded","Ball Lightning","Tempest","Conserve Battery","Stack+1","Gash","Thunder Strike","Defragment+1","Aggregate+1","Hologram+1"],"relics":["Cracked Core","NeowsBlessing","Dream Catcher","Golden Idol","Smiling Mask","Shuriken","Happy Flower","Whetstone","Pandora\u0027s Box","Sundial"],"potions_floor_usage":[22,27],"damage_taken":[{"damage":0,"enemies":"2 Louse","floor":1,"turns":1},{"damage":0,"enemies":"Gremlin Nob","floor":7,"turns":1},{"damage":0,"enemies":"Jaw Worm","floor":11,"turns":1},{"damage":0,"enemies":"Small Slimes","floor":13,"turns":1},{"damage":0,"enemies":"3 Sentries","floor":14,"turns":3},{"damage":27,"enemies":"Hexaghost","floor":16,"turns":7},{"damage":3,"enemies":"Shell Parasite","floor":18,"turns":3},{"damage":0,"enemies":"Spheric Guardian","floor":20,"turns":2},{"damage":17,"enemies":"Snake Plant","floor":22,"turns":4},{"damage":40,"enemies":"Shelled Parasite and Fungi","floor":24,"turns":3},{"damage":8,"enemies":"Slavers","floor":27,"turns":1}],"seed_played":"-5132642520302127135","potions_obtained":[{"floor":16,"key":"Weak Potion"},{"floor":20,"key":"SkillPotion"},{"floor":22,"key":"FearPotion"}],"is_trial":false,"path_per_floor":["M","?","?","T","$","R","E","R","T","R","M","R","M","E","R","B",null,"M","$","M","?","M","R","M","?","T"],"character_chosen":"DEFECT","items_purchased":["Sunder","Gash","Thunder Strike","Defragment"],"campfire_rested":0,"item_purchase_floors":[5,19,19,19],"current_hp_per_floor":[75,75,57,57,57,57,57,57,57,57,57,57,57,57,57,30,64,61,61,61,61,44,44,4,4,4,0],"gold":193,"neow_bonus":"THREE_ENEMY_KILL","is_prod":false,"is_daily":false,"chose_seed":false,"campfire_upgraded":6,"win_rate":0,"timestamp":1540630042,"path_taken":["M","?","?","?","$","R","E","R","T","R","M","R","M","E","R","BOSS","M","$","?","?","M","R","M","?","T","E"],"build_version":"2018-10-25v2","purchased_purges":1,"victory":false,"max_hp_per_floor":[75,75,75,75,75,75,75,75,75,75,75,75,75,75,75,75,75,75,75,75,75,75,75,75,75,75,75],"card_choices":[{"not_picked":["Steam","Barrage"],"picked":"Gash","floor":1},{"not_picked":["Ball Lightning","Auto Shields"],"picked":"Gash","floor":7},{"not_picked":["Rebound","Force Field"],"picked":"Sunder","floor":11},{"not_picked":["Steam Power","Go for the Eyes"],"picked":"Coolheaded","floor":13},{"not_picked":["Thunder Strike","Skim"],"picked":"Gash","floor":14},{"not_picked":["Rainbow","Buffer"],"picked":"Multi-Cast","floor":16},{"not_picked":["Rip and Tear+1","Streamline"],"picked":"Stack+1","floor":18},{"not_picked":["Redo","Coolheaded"],"picked":"Aggregate+1","floor":20},{"not_picked":["Blizzard+1","Redo"],"picked":"Hologram+1","floor":22},{"not_picked":["Steam+1","Hello World","Reprogram+1"],"picked":"SKIP","floor":24}],"player_experience":354863,"relics_obtained":[{"floor":4,"key":"Smiling Mask"},{"floor":7,"key":"Shuriken"},{"floor":9,"key":"Happy Flower"},{"floor":14,"key":"Whetstone"},{"floor":26,"key":"Sundial"}],"event_choices":[{"damage_healed":0,"gold_gain":0,"player_choice":"Box","damage_taken":0,"relics_obtained":["Dream Catcher"],"max_hp_gain":0,"max_hp_loss":0,"event_name":"Big Fish","floor":2,"gold_loss":0,"cards_obtained":["Regret"]},{"damage_healed":0,"gold_gain":0,"player_choice":"Take Damage","damage_taken":18,"relics_obtained":["Golden Idol"],"max_hp_gain":0,"max_hp_loss":0,"event_name":"Golden Idol","floor":3,"gold_loss":0},{"damage_healed":0,"gold_gain":0,"player_choice":"Simplicity","damage_taken":0,"max_hp_gain":0,"max_hp_loss":0,"event_name":"Back to Basics","floor":21,"gold_loss":0,"cards_upgraded":[]},{"damage_healed":0,"gold_gain":0,"player_choice":"Ignored","damage_taken":0,"max_hp_gain":0,"max_hp_loss":0,"event_name":"Vampires","floor":25,"gold_loss":0}],"is_beta":false,"boss_relics":[{"not_picked":["Coffee Dripper","Sozu"],"picked":"Pandora\u0027s Box"}],"items_purged_floors":[5],"is_endless":false,"potions_floor_spawned":[16,20,22],"killed_by":"Slavers","ascension_level":5}