{"gold_per_floor":[113,113,113,63,82,82,121,142,142,142,167,191,227,240,240,371,371,395,395,395,414,439,479,479,100,125,125,125],"floor_reached":28,"playtime":1266,"items_purged":["Strike_P"],"score":248,"play_id":"dcf2d122-ccf8-4709-adf8-6bc55dd494b5","local_time":"20190922023352","is_ascension_mode":false,"campfire_choices":[{"data":"MasterReality","floor":6.0,"key":"SMITH"},{"floor":10.0,"key":"REST"},{"floor":15.0,"key":"REST"},{"data":"Brilliance","floor":24.0,"key":"SMITH"},{"data":"JustLucky","floor":27.0,"key":"SMITH"}],"neow_cost":"PERCENT_DAMAGE","seed_source_timestamp":44822751523672,"circlet_count":0,"master_deck":["Strike_P","Strike_P","Strike_P","Defend_P","Defend_P","Defend_P","Defend_P","Eruption","Vigilance","MasterReality+1","BowlingBash","CleanseEvil","JustLucky+1","Conclude","Brilliance+1","Prostrate+1"],"special_seed":0,"relics":["PureWater","Golden Idol","Pen Nib","Blue Candle","Meat on the Bone","Velvet Choker","The Courier","InkBottle","Letter Opener","Medical Kit","Anchor"],"potions_floor_usage":[],"damage_taken":[{"damage":2.0,"enemies":"Jaw Worm","floor":1.0,"turns":4.0},{"damage":0.0,"enemies":"Small Slimes","floor":5.0,"turns":3.0},{"damage":24.0,"enemies":"Gremlin Nob","floor":7.0,"turns":4.0},{"damage":0.0,"enemies":"2 Louse","floor":8.0,"turns":3.0},{"damage":5.0,"enemies":"Looter","floor":11.0,"turns":3.0},{"damage":2.0,"enemies":"Large Slime","floor":12.0,"turns":4.0},{"damage":26.0,"enemies":"3 Sentries","floor":13.0,"turns":5.0},{"damage":5.0,"enemies":"Exordium Wildlife","floor":14.0,"turns":3.0},{"damage":6.0,"enemies":"Hexaghost","floor":16.0,"turns":7.0},{"damage":17.0,"enemies":"2 Thieves","floor":18.0,"turns":4.0},{"damage":15.0,"enemies":"Spheric Guardian","floor":21.0,"turns":4.0},{"damage":20.0,"enemies":"Centurion and Healer","floor":22.0,"turns":6.0},{"damage":45.0,"enemies":"Book of Stabbing","floor":23.0,"turns":7.0},{"damage":21,"enemies":"Gremlin Leader","floor":28,"turns":2}],"seed_played":"-800090965447972176","potions_obtained":[{"floor":5.0,"key":"LiquidBronze"},{"floor":11.0,"key":"Weak Potion"},{"floor":13.0,"key":"Dexterity Potion"},{"floor":18.0,"key":"EntropicBrew"},{"floor":21.0,"key":"Dexterity Potion"},{"floor":22.0,"key":"Regen Potion"}],"is_trial":false,"path_per_floor":["M","?","?","?","M","R","E","M","T","R","M","M","E","M","R","B",null,"M","?","?","M","M","E","R","$","T","R","E"],"character_chosen":"WATCHER","items_purchased":["Letter Opener","Medical Kit"],"campfire_rested":2,"item_purchase_floors":[25,25],"current_hp_per_floor":[45,45,45,45,45,45,21,21,21,40,35,33,7,14,33,39,65,48,48,48,33,34,21,21,21,21,21,0],"gold":125,"neow_bonus":"THREE_RARE_CARDS","is_prod":false,"is_daily":false,"chose_seed":false,"campfire_upgraded":3,"win_rate":0.0,"timestamp":1569087232,"path_taken":["M","?","?","?","M","R","E","M","T","R","M","M","E","M","R","BOSS","M","?","?","M","M","E","R","?","T","R","E"],"build_version":"2019-09-20","purchased_purges":1,"victory":false,"max_hp_per_floor":[65,65,65,65,65,65,65,65,65,65,65,65,65,65,65,65,65,65,65,65,65,65,65,65,65,65,65,65],"card_choices":[{"not_picked":["Nirvana","DevaForm"],"picked":"MasterReality","floor":0.0},{"not_picked":["EmptyFist","FollowUp"],"picked":"BowlingBash","floor":1.0},{"not_picked":["Consecrate","EmptyBody","Devotion"],"picked":"SKIP","floor":5.0},{"not_picked":["CrushJoints","Worship"],"picked":"CleanseEvil","floor":7.0},{"not_picked":["Weave","ClearTheMind","SashWhip"],"picked":"SKIP","floor":8.0},{"not_picked":["Weave","Prostrate","Scrawl"],"picked":"SKIP","floor":11.0},{"not_picked":["Scrawl","Sanctity","CleanseEvil"],"picked":"SKIP","floor":12.0},{"not_picked":["WreathOfFlame","Crescendo"],"picked":"JustLucky","floor":13.0},{"not_picked":["JustLucky","Weave"],"picked":"Conclude","floor":14.0},{"not_picked":["Vault","Ragnarok"],"picked":"Brilliance","floor":16.0},{"not_picked":["Wallop","ThirdEye","ClearTheMind"],"picked":"SKIP","floor":18.0},{"not_picked":["EmptyFist","EmptyBody","Collect"],"picked":"SKIP","floor":21.0},{"not_picked":["PathToVictory","EmptyMind"],"picked":"Prostrate+1","floor":22.0},{"not_picked":["Tantrum","Protect","WreathOfFlame+1"],"picked":"SKIP","floor":23.0}],"player_experience":511493,"relics_obtained":[{"floor":7.0,"key":"Pen Nib"},{"floor":9.0,"key":"Blue Candle"},{"floor":13.0,"key":"Meat on the Bone"},{"floor":23.0,"key":"InkBottle"},{"floor":26.0,"key":"Anchor"}],"event_choices":[{"damage_healed":0.0,"max_hp_gain":0.0,"max_hp_loss":0.0,"gold_gain":0.0,"event_name":"Golden Idol","player_choice":"Take Wound","floor":2.0,"gold_loss":0.0,"damage_taken":0.0,"relics_obtained":["Golden Idol"],"cards_obtained":["Injury"]},{"damage_healed":0.0,"max_hp_gain":0.0,"max_hp_loss":0.0,"gold_gain":0.0,"event_name":"Shining Light","player_choice":"Ignored","floor":3.0,"gold_loss":0.0,"damage_taken":0.0},{"cards_removed":["Injury"],"damage_healed":0.0,"max_hp_gain":0.0,"max_hp_loss":0.0,"gold_gain":0.0,"event_name":"The Cleric","player_choice":"Card Removal","floor":4.0,"gold_loss":50.0,"damage_taken":0.0},{"damage_healed":0.0,"max_hp_gain":0.0,"max_hp_loss":0.0,"gold_gain":0.0,"event_name":"Vampires","player_choice":"Ignored","floor":19.0,"gold_loss":0.0,"damage_taken":0.0},{"damage_healed":0.0,"max_hp_gain":0.0,"max_hp_loss":0.0,"gold_gain":0.0,"event_name":"The Mausoleum","player_choice":"Opened","floor":20.0,"gold_loss":0.0,"damage_taken":0.0,"relics_obtained":["The Courier"]}],"is_beta":true,"boss_relics":[{"not_picked":["SlaversCollar","Runic Dome"],"picked":"Velvet Choker"}],"items_purged_floors":[25],"is_endless":false,"potions_floor_spawned":[5,11,13,14,18,21,22],"killed_by":"Gremlin Leader","ascension_level":0}