{"gold_per_floor":[111,127,141,155,1,32,52,52,52,64,64,141,14,0,0,0],"floor_reached":16,"playtime":454,"items_purged":[],"score":194,"play_id":"6621aebc-17e6-4b4a-8c97-d7a8452e4509","local_time":"20181017205152","is_ascension_mode":true,"campfire_choices":[{"floor":8,"key":"REST"},{"data":"Footwork","floor":11,"key":"SMITH"},{"data":"Distraction","floor":15,"key":"SMITH"}],"neow_cost":"NONE","seed_source_timestamp":85356473131684,"circlet_count":0,"master_deck":["Defend_G","Defend_G","Defend_G","Defend_G","Defend_G","Strike_G","Strike_G","Strike_G","Strike_G","Strike_G","Survivor","Neutralize","AscendersBane","Cloak And Dagger","Poisoned Stab","Blade Dance","Die Die Die","Footwork+1","Distraction+1","Caltrops","Blur","Backflip"],"special_seed":0,"relics":["Ring of the Snake","PreservedInsect","Torii","Gambling Chip"],"potions_floor_usage":[4,6,6,6,16],"damage_taken":[{"damage":5.0,"enemies":"Cultist","floor":1.0,"turns":5.0},{"damage":2.0,"enemies":"Jaw Worm","floor":2.0,"turns":5.0},{"damage":2.0,"enemies":"Small Slimes","floor":3.0,"turns":5.0},{"damage":23,"enemies":"Exordium Thugs","floor":4,"turns":7},{"damage":16,"enemies":"Lagavulin","floor":6,"turns":5},{"damage":1,"enemies":"Blue Slaver","floor":7,"turns":5},{"damage":0,"enemies":"Exordium Wildlife","floor":10,"turns":3},{"damage":0,"enemies":"Looter","floor":14,"turns":4},{"damage":27,"enemies":"Slime Boss","floor":16,"turns":8}],"seed_played":"-254794642864404319","potions_obtained":[{"floor":3.0,"key":"Fire Potion"},{"floor":4,"key":"EntropicBrew"},{"floor":6,"key":"Energy Potion"},{"floor":10,"key":"SkillPotion"}],"is_trial":false,"path_per_floor":["M","M","M","M","$","E","M","R","T","M","R","?","$","M","R"],"character_chosen":"THE_SILENT","items_purchased":["Die Die Die","Caltrops","Blur"],"campfire_rested":1,"item_purchase_floors":[5,13,13],"current_hp_per_floor":[54,52,50,27,27,11,10,29,29,29,29,29,29,29,29,2],"gold":0,"neow_bonus":"RANDOM_COMMON_RELIC","is_prod":false,"is_daily":false,"chose_seed":false,"campfire_upgraded":2,"win_rate":0,"timestamp":1539802312,"path_taken":["M","M","M","M","$","E","M","R","T","M","R","?","$","M","R","BOSS"],"build_version":"2018-10-17","purchased_purges":0,"victory":false,"max_hp_per_floor":[66,66,66,66,66,66,66,66,66,66,66,66,66,66,66,66],"card_choices":[{"not_picked":["Flechettes","Eviscerate"],"picked":"Cloak And Dagger","floor":1.0},{"not_picked":["Cloak And Dagger","Backflip"],"picked":"Poisoned Stab","floor":2.0},{"not_picked":["Outmaneuver","PiercingWail","Eviscerate"],"picked":"SKIP","floor":3.0},{"not_picked":["Setup","Escape Plan"],"picked":"Blade Dance","floor":4},{"not_picked":["All Out Attack","Prepared"],"picked":"Footwork","floor":6},{"not_picked":["Concentrate","Backstab"],"picked":"Distraction","floor":7},{"not_picked":["Acrobatics","PiercingWail","Underhanded Strike"],"picked":"SKIP","floor":10},{"not_picked":["Prepared","Sucker Punch"],"picked":"Backflip","floor":14}],"player_experience":695233,"relics_obtained":[{"floor":6,"key":"Torii"},{"floor":9,"key":"Gambling Chip"}],"event_choices":[{"damage_healed":0,"gold_gain":77,"player_choice":"Gained Gold","damage_taken":0,"max_hp_gain":0,"max_hp_loss":0,"event_name":"Golden Wing","floor":12,"gold_loss":0}],"is_beta":true,"boss_relics":[],"items_purged_floors":[],"is_endless":false,"potions_floor_spawned":[3,4,6,10],"killed_by":"Slime Boss","ascension_level":18}