{"gold_per_floor":[114,189,199,219,27,56,79,113,137,165,165,165,184,194,194,299,299,314,314],"floor_reached":19,"playtime":929,"items_purged":[],"score":308,"play_id":"f5dbf6e8-b158-4fe3-9d1c-6e718bf75751","local_time":"20180701173915","is_ascension_mode":true,"campfire_choices":[{"floor":12,"key":"REST"},{"data":"Defragment","floor":15,"key":"SMITH"}],"neow_cost":"NONE","seed_source_timestamp":12184429677186,"circlet_count":0,"master_deck":["Strike_B","Strike_B","Strike_B","Strike_B","Defend_B","Defend_B","Defend_B","Defend_B","Zap","Dualcast","Static Discharge","Go for the Eyes","Seek","Sweeping Beam","Thunder Strike","Beam Cell","Capacitor","Defragment+1","Tempest","Electrodynamics","Seek"],"relics":["Cracked Core","NeowsBlessing","Blood Vial","Odd Mushroom","Bag of Marbles","Boot","Prayer Wheel","Philosopher\u0027s Stone"],"potions_floor_usage":[8,10,16],"damage_taken":[{"damage":0,"enemies":"Small Slimes","floor":1,"turns":1},{"damage":0,"enemies":"Jaw Worm","floor":3,"turns":1},{"damage":0,"enemies":"Cultist","floor":4,"turns":1},{"damage":25,"enemies":"Lagavulin","floor":6,"turns":7},{"damage":6,"floor":7,"turns":3},{"damage":13,"enemies":"Gremlin Nob","floor":8,"turns":3},{"damage":12,"enemies":"3 Sentries","floor":10,"turns":7},{"damage":7,"enemies":"Gremlin Gang","floor":13,"turns":3},{"damage":12,"enemies":"2 Fungi Beasts","floor":14,"turns":3},{"damage":0,"enemies":"Slime Boss","floor":16,"turns":4},{"damage":34,"enemies":"Shell Parasite","floor":18,"turns":4},{"damage":0,"enemies":"2 Thieves","floor":19,"turns":1}],"seed_played":"-859844299754425707","potions_obtained":[{"floor":4,"key":"GamblersBrew"},{"floor":6,"key":"FocusPotion"},{"floor":8,"key":"Weak Potion"},{"floor":14,"key":"AttackPotion"},{"floor":16,"key":"Ancient Potion"},{"floor":18,"key":"Ancient Potion"}],"is_trial":false,"path_per_floor":["M","?","M","M","$","E","?","E","T","E","?","R","M","M","R","B",null,"M"],"character_chosen":"DEFECT","items_purchased":["Seek","Sweeping Beam"],"campfire_rested":1,"item_purchase_floors":[5,5],"current_hp_per_floor":[68,57,57,57,57,32,28,17,17,7,32,54,49,39,39,41,67,35,37],"gold":314,"neow_bonus":"THREE_ENEMY_KILL","is_prod":false,"is_daily":false,"chose_seed":false,"campfire_upgraded":1,"win_rate":0,"timestamp":1530459555,"path_taken":["M","?","?","?","$","E","?","E","T","E","?","R","M","M","R","BOSS","M","M"],"build_version":"2018-06-29","purchased_purges":0,"victory":false,"max_hp_per_floor":[75,75,75,75,75,75,75,75,75,75,75,75,75,75,75,75,75,75,75],"card_choices":[{"not_picked":["Stack","Undo"],"picked":"Static Discharge","floor":1},{"not_picked":["Rebound","Chill"],"picked":"Go for the Eyes","floor":3},{"not_picked":["Steam","Sunder","Fusion"],"picked":"SKIP","floor":4},{"not_picked":["Hologram","Ball Lightning"],"picked":"Thunder Strike","floor":6},{"not_picked":["Stack","Cold Snap"],"picked":"Beam Cell","floor":7},{"not_picked":["Rebound","Glacier","Leap"],"picked":"SKIP","floor":8},{"not_picked":["Steam","Aggregate","Gash"],"picked":"SKIP","floor":10},{"not_picked":["Coolheaded","Chaos"],"picked":"Capacitor","floor":13},{"not_picked":["Fusion","Barrage"],"picked":"Defragment","floor":13},{"not_picked":["Sweeping Beam","Coolheaded"],"picked":"Tempest","floor":14},{"not_picked":["Defragment","Force Field"],"picked":"Electrodynamics","floor":14},{"not_picked":["Amplify","Reboot"],"picked":"Seek","floor":16},{"not_picked":["Compile Driver+1","Turbo","Steam"],"picked":"SKIP","floor":18},{"not_picked":["Reinforced Body","Barrage","BootSequence"],"picked":"SKIP","floor":18}],"player_experience":366855,"relics_obtained":[{"floor":6,"key":"Blood Vial"},{"floor":7,"key":"Odd Mushroom"},{"floor":8,"key":"Bag of Marbles"},{"floor":9,"key":"Boot"},{"floor":10,"key":"Prayer Wheel"}],"event_choices":[{"event_name":"World of Goop","player_choice":"Gather Gold","floor":2,"damage_taken":0},{"event_name":"Mushrooms","player_choice":"Fought Mushrooms","floor":7,"damage_taken":0},{"event_name":"Big Fish","player_choice":"Banana","floor":11,"damage_taken":0}],"boss_relics":[{"not_picked":["Fusion Hammer","Coffee Dripper"],"picked":"Philosopher\u0027s Stone"}],"items_purged_floors":[],"is_endless":false,"potions_floor_spawned":[4,6,8,14,16,18],"killed_by":"2 Thieves","ascension_level":6}