{"gold_per_floor":[110,124,141,216,216,250,274,274,274,292,315,349,363,14,14,139,202,216,12,12,26,26,64,64,79,79,79,79,113,113,153,153,274,274,292,316,90,103,103,103,146,146,173,189,224,243,268,293,293,293,293,293,36,80,80],"floor_reached":56,"playtime":1791,"items_purged":["Strike_G"],"score":1430,"play_id":"2cfc5a01-97da-43c3-954b-291e271a6658","local_time":"20181107191745","is_ascension_mode":false,"campfire_choices":[{"floor":8.0,"key":"REST"},{"floor":15.0,"key":"REST"},{"data":"Apotheosis","floor":24,"key":"SMITH"},{"floor":27,"key":"DIG"},{"floor":30,"key":"DIG"},{"floor":32,"key":"REST"},{"floor":40,"key":"DIG"},{"floor":42,"key":"DIG"},{"floor":49,"key":"RECALL"},{"floor":52,"key":"DIG"}],"neow_cost":"NONE","seed_source_timestamp":18035314231388,"circlet_count":0,"master_deck":["Defend_G","Defend_G","Defend_G","Defend_G","Defend_G+1","Strike_G","Survivor","Neutralize","Dagger Spray","Crippling Poison","Dash","Bane","Quick Slash+1","Dodge and Roll","Corpse Explosion","Apotheosis+1","Footwork","Envenom","Backflip","Dash+1","Dash+1","Choke+1","Caltrops","Backflip+1","Sucker Punch+1","Crippling Poison+1","Footwork","After Image","Envenom","Poisoned Stab+1","Well Laid Plans","Backflip+1","Bane+1"],"special_seed":0,"relics":["Black Star","Golden Idol","Bronze Scales","PreservedInsect","Molten Egg 2","Anchor","Shovel","Prayer Wheel","Tiny House","TwistedFunnel","Dream Catcher","Blood Vial","Bottled Tornado","Art of War","Oddly Smooth Stone","Pen Nib","Unceasing Top","Ornamental Fan","Dodecahedron","Busted Crown","Strawberry","Bag of Preparation","Gremlin Horn","Letter Opener","Pear","Orichalcum","Happy Flower","Boot","Singing Bowl","Pantograph","Lantern","Potion Belt"],"potions_floor_usage":[23,33,55,55,55,55],"damage_taken":[{"damage":2.0,"enemies":"2 Louse","floor":1.0,"turns":3.0},{"damage":1.0,"enemies":"Jaw Worm","floor":2.0,"turns":5.0},{"damage":10.0,"enemies":"Small Slimes","floor":3.0,"turns":5.0},{"damage":18.0,"enemies":"Gremlin Nob","floor":6.0,"turns":5.0},{"damage":0.0,"enemies":"3 Louse","floor":7.0,"turns":2.0},{"damage":12.0,"enemies":"Lots of Slimes","floor":10.0,"turns":3.0},{"damage":13.0,"enemies":"Lagavulin","floor":12.0,"turns":7.0},{"damage":0.0,"enemies":"Exordium Thugs","floor":13.0,"turns":4.0},{"damage":1.0,"enemies":"The Guardian","floor":16.0,"turns":11.0},{"damage":0.0,"enemies":"Chosen","floor":18.0,"turns":5.0},{"damage":0,"enemies":"3 Byrds","floor":21,"turns":2},{"damage":0,"enemies":"Slavers","floor":23,"turns":3},{"damage":8,"enemies":"Sentry and Sphere","floor":25,"turns":6},{"damage":17,"enemies":"Gremlin Leader","floor":29,"turns":6},{"damage":14,"enemies":"Slavers","floor":31,"turns":4},{"damage":23,"enemies":"Automaton","floor":33,"turns":14},{"damage":0,"enemies":"3 Darklings","floor":35,"turns":2},{"damage":0,"enemies":"3 Shapes","floor":36,"turns":4},{"damage":16,"enemies":"Transient","floor":38,"turns":5},{"damage":10,"enemies":"Nemesis","floor":41,"turns":7},{"damage":0,"enemies":"3 Darklings","floor":44,"turns":3},{"damage":2,"enemies":"Giant Head","floor":45,"turns":9},{"damage":0,"enemies":"Jaw Worm Horde","floor":46,"turns":2},{"damage":0,"enemies":"Transient","floor":48,"turns":5},{"damage":27,"enemies":"Donu and Deca","floor":50,"turns":7},{"damage":43,"enemies":"Shield and Spear","floor":54,"turns":5},{"damage":52,"enemies":"The Heart","floor":55,"turns":12}],"seed_played":"7722608740895290577","potions_obtained":[{"floor":1.0,"key":"Poison Potion"},{"floor":3.0,"key":"SmokeBomb"},{"floor":12.0,"key":"AttackPotion"},{"floor":16.0,"key":"Block Potion"},{"floor":17.0,"key":"EssenceOfSteel"},{"floor":23,"key":"Poison Potion"},{"floor":36,"key":"SmokeBomb"},{"floor":45,"key":"SkillPotion"},{"floor":54,"key":"EssenceOfSteel"}],"is_trial":false,"path_per_floor":["M","M","M","?","?","E","M","R","T","M","T","E","M","$","R","B",null,"M","$","?","M","$","E","R","M","T","R","?","E","R","E","R","B",null,"M","M","$","M","?","R","E","R","T","M","E","M","T","M","R","B",null,"R","$","E","B",null],"character_chosen":"THE_SILENT","items_purchased":["Apotheosis","Footwork","EssenceOfSteel","TwistedFunnel","Well Laid Plans","Strawberry","Pantograph"],"campfire_rested":3,"item_purchase_floors":[14,14,14,19,37,37,53],"current_hp_per_floor":[68,67,57,46,29,11,11,32,32,20,20,7,7,7,28,27,75,75,75,75,75,75,75,75,67,67,67,67,52,52,40,62,41,75,75,75,82,66,66,66,58,68,68,70,70,72,72,74,74,49,92,92,92,51,26],"gold":80,"neow_bonus":"BOSS_RELIC","is_prod":false,"is_daily":false,"chose_seed":false,"campfire_upgraded":1,"win_rate":0,"timestamp":1541614665,"path_taken":["M","M","M","?","?","E","M","R","T","M","?","E","M","$","R","BOSS","M","$","?","M","$","E","R","M","T","R","?","E","R","E","R","BOSS","M","M","$","M","?","R","E","R","T","M","E","?","?","M","R","BOSS","R","$","E","BOSS"],"build_version":"2018-11-06","purchased_purges":1,"victory":true,"max_hp_per_floor":[70,70,70,70,70,70,70,70,70,70,70,70,70,70,70,70,75,75,75,75,75,75,75,75,75,75,75,75,75,75,75,75,75,75,75,75,82,82,82,82,82,92,92,92,92,92,92,92,92,92,92,92,92,94,94],"card_choices":[{"not_picked":["Flechettes","PiercingWail"],"picked":"Dagger Spray","floor":1.0},{"not_picked":["Dodge and Roll","Outmaneuver"],"picked":"Crippling Poison","floor":2.0},{"not_picked":["Slice","Poisoned Stab"],"picked":"Dash","floor":3.0},{"not_picked":["Finisher","Masterful Stab","Concentrate"],"picked":"SKIP","floor":6.0},{"not_picked":["Underhanded Strike","Acrobatics"],"picked":"Bane","floor":7.0},{"not_picked":["Expertise","Reflex"],"picked":"Quick Slash+1","floor":10.0},{"not_picked":["Quick Slash+1","Deadly Poison"],"picked":"Dodge and Roll","floor":12.0},{"not_picked":["Backflip","Dagger Spray+1"],"picked":"Corpse Explosion","floor":13.0},{"not_picked":["Acrobatics","Bane+1","PiercingWail"],"picked":"SKIP","floor":13.0},{"not_picked":["Storm of Steel","Die Die Die+1"],"picked":"Envenom","floor":16.0},{"not_picked":["Dagger Throw+1","Concentrate"],"picked":"Backflip","floor":17.0},{"not_picked":["Prepared","Distraction+1"],"picked":"Dash+1","floor":18.0},{"not_picked":["Well Laid Plans","Accuracy"],"picked":"Dash+1","floor":18.0},{"not_picked":["Concentrate+1","Underhanded Strike+1"],"picked":"Backflip+1","floor":21},{"not_picked":["Accuracy","Flying Knee+1"],"picked":"Sucker Punch+1","floor":21},{"not_picked":["Underhanded Strike+1","Catalyst"],"picked":"Crippling Poison+1","floor":23},{"not_picked":["Deadly Poison","Dagger Spray+1"],"picked":"Footwork","floor":25},{"not_picked":["Terror","Reflex+1","Poisoned Stab+1"],"picked":"SKIP","floor":25},{"not_picked":["Riddle With Holes+1","Underhanded Strike+1","Acrobatics"],"picked":"SKIP","floor":29},{"not_picked":["Endless Agony+1","Prepared","Outmaneuver"],"picked":"SKIP","floor":31},{"not_picked":["Bane+1","Setup"],"picked":"After Image","floor":32},{"not_picked":["Venomology","Tools of the Trade"],"picked":"Envenom","floor":33},{"not_picked":[],"picked":"Poisoned Stab+1","floor":35},{"not_picked":["Flechettes+1"],"picked":"SKIP","floor":35},{"not_picked":["Acrobatics"],"picked":"SKIP","floor":36},{"not_picked":["Skewer+1"],"picked":"SKIP","floor":36},{"not_picked":["Flying Knee+1"],"picked":"SKIP","floor":38},{"not_picked":["Underhanded Strike+1"],"picked":"SKIP","floor":38},{"not_picked":["Flechettes+1"],"picked":"SKIP","floor":41},{"not_picked":[],"picked":"Backflip+1","floor":44},{"not_picked":["Slice+1"],"picked":"SKIP","floor":44},{"not_picked":["Slice+1"],"picked":"SKIP","floor":45},{"not_picked":["PiercingWail"],"picked":"SKIP","floor":46},{"not_picked":["Heel Hook+1"],"picked":"SKIP","floor":46},{"not_picked":[],"picked":"Bane+1","floor":48},{"not_picked":["Predator+1"],"picked":"SKIP","floor":48},{"not_picked":["Heel Hook+1"],"picked":"Singing Bowl","floor":54}],"player_experience":754796,"relics_obtained":[{"floor":6.0,"key":"Bronze Scales"},{"floor":6.0,"key":"PreservedInsect"},{"floor":9.0,"key":"Molten Egg 2"},{"floor":11.0,"key":"Anchor"},{"floor":12.0,"key":"Shovel"},{"floor":12.0,"key":"Prayer Wheel"},{"floor":23,"key":"Dream Catcher"},{"floor":23,"key":"Blood Vial"},{"floor":26,"key":"Bottled Tornado"},{"floor":27,"key":"Art of War"},{"floor":29,"key":"Oddly Smooth Stone"},{"floor":29,"key":"Pen Nib"},{"floor":30,"key":"Unceasing Top"},{"floor":31,"key":"Ornamental Fan"},{"floor":31,"key":"Dodecahedron"},{"floor":40,"key":"Bag of Preparation"},{"floor":41,"key":"Gremlin Horn"},{"floor":41,"key":"Letter Opener"},{"floor":42,"key":"Pear"},{"floor":45,"key":"Orichalcum"},{"floor":45,"key":"Happy Flower"},{"floor":47,"key":"Boot"},{"floor":52,"key":"Singing Bowl"},{"floor":54,"key":"Lantern"},{"floor":54,"key":"Potion Belt"}],"event_choices":[{"damage_healed":0.0,"max_hp_gain":0.0,"max_hp_loss":0.0,"gold_gain":75.0,"event_name":"World of Goop","player_choice":"Gather Gold","floor":4.0,"gold_loss":0.0,"damage_taken":11.0},{"damage_healed":0.0,"max_hp_gain":0.0,"max_hp_loss":0.0,"gold_gain":0.0,"event_name":"Golden Idol","player_choice":"Take Damage","floor":5.0,"gold_loss":0.0,"damage_taken":17.0,"relics_obtained":["Golden Idol"]},{"damage_healed":0.0,"max_hp_gain":0.0,"max_hp_loss":0.0,"gold_gain":0.0,"cards_transformed":["Strike_G","Strike_G"],"event_name":"Drug Dealer","player_choice":"Became Test Subject","floor":20.0,"gold_loss":0.0,"damage_taken":0.0,"cards_obtained":["Choke","Caltrops"]},{"damage_healed":0,"gold_gain":0,"player_choice":"Ignored","damage_taken":0,"max_hp_gain":0,"max_hp_loss":0,"event_name":"Ghosts","floor":28,"gold_loss":0},{"cards_removed":["Strike_G"],"damage_healed":0,"gold_gain":0,"player_choice":"Purged","damage_taken":0,"max_hp_gain":0,"max_hp_loss":0,"event_name":"Purifier","floor":39,"gold_loss":0}],"is_beta":true,"boss_relics":[{"not_picked":["Runic Dome","White Beast Statue"],"picked":"Tiny House"},{"not_picked":["Snecko Eye","Coffee Dripper"],"picked":"Busted Crown"}],"items_purged_floors":[14],"is_endless":false,"potions_floor_spawned":[1,3,12,16,18,23,25,29,36,45,46,54],"ascension_level":0}