{"path_per_floor":["M","M","?","M","$","E","?","E","T","E","$","R","?","T","R","B",null,"M","M","?","?","M","$","R","E","T","T","M","M","$","M","R","B",null,"M","?","?","$","M","E","R","M","T","M","?","$","E","M","R","B"],"character_chosen":"DEFECT","items_purchased":["Streamline","Bronze Scales","Capacitor","Cold Snap","Melter","Fire Potion","Storm","Gash","Bag of Preparation","Block Potion","Oddly Smooth Stone"],"gold_per_floor":[110,121,121,137,17,48,48,73,152,185,39,39,104,128,128,225,225,240,260,260,260,275,80,80,112,166,166,185,195,91,111,111,209,209,225,275,275,79,98,128,128,138,138,148,148,3,29,40,40,40],"floor_reached":51,"campfire_rested":1,"playtime":2898,"current_hp_per_floor":[75,75,75,75,75,66,85,53,53,36,36,36,17,17,42,44,85,51,16,16,16,26,26,26,28,28,28,26,42,42,42,42,42,42,42,36,36,36,42,42,42,42,42,42,42,42,49,47,47,38],"items_purged":["Regret"],"gold":40,"score":947,"play_id":"ffaf4f67-7604-47d7-92b5-cbda66342bf8","local_time":"20180507151842","is_prod":false,"is_daily":false,"chose_seed":false,"is_ascension_mode":true,"campfire_upgraded":5,"timestamp":1525699122,"path_taken":["M","?","?","M","$","E","?","E","T","E","$","R","?","?","R","BOSS","M","M","?","?","?","$","R","E","T","?","M","M","$","M","R","BOSS","M","?","?","$","?","E","R","M","T","M","?","?","E","M","R","BOSS"],"build_version":"2018-05-03","seed_source_timestamp":859834074250958,"purchased_purges":1,"victory":true,"master_deck":["Strike_B","Strike_B","Strike_B","Strike_B","Defend_B","Defend_B","Defend_B","Defend_B","Zap+1","Dualcast","Capacitor+1","Ball Lightning","Streamline+1","Self Repair","Thunder Strike+1","Thunder Strike+1","Rip and Tear","Defragment+1","Ghostly","Ghostly","Ghostly","Ghostly","Ghostly","Buffer+1","Capacitor+1","Cold Snap","Melter","Sweeping Beam+1","Storm+1","Leap+1","Storm+1","Gash","Capacitor+1","Echo Form+1","FTL+1","Consume+1","Defragment+1","Pain"],"max_hp_per_floor":[75,75,75,75,75,75,85,85,85,85,85,85,85,85,85,85,85,85,85,42,42,42,42,42,42,42,42,42,42,42,42,42,42,42,42,42,42,42,42,42,42,42,42,42,42,42,49,49,49,49],"relics":["Cracked Core","NeowsBlessing","Du-Vu Doll","Blood Vial","Ice Cream","Gremlin Horn","Frozen Egg 2","Bronze Scales","DataDisk","Vajra","Lizard Tail","Anchor","Orichalcum","Mercury Hourglass","Cursed Key","Emotion Chip","Bag of Preparation","Shuriken","Prayer Wheel","Oddly Smooth Stone","Strawberry"],"card_choices":[{"not_picked":["Glacier","Conserve Battery"],"picked":"Capacitor","floor":1},{"not_picked":["Scrape","Beam Cell"],"picked":"Ball Lightning","floor":2},{"not_picked":["Blizzard","Steam Power"],"picked":"Reboot","floor":6},{"not_picked":["Sunder","Skim"],"picked":"Self Repair","floor":8},{"not_picked":["Stack","Streamline"],"picked":"Thunder Strike","floor":10},{"not_picked":["Ball Lightning","Stack"],"picked":"Self Repair","floor":13},{"not_picked":["Biased Cognition","Seek"],"picked":"Thunder Strike","floor":16},{"not_picked":["Reprogram","Coolheaded"],"picked":"Rip and Tear","floor":18},{"not_picked":["Coolheaded","Ball Lightning"],"picked":"Defragment","floor":19},{"not_picked":["White Noise","Leap"],"picked":"Buffer","floor":22},{"not_picked":["Chaos","Melter"],"picked":"Sweeping Beam","floor":25},{"not_picked":["Stack","Skim"],"picked":"Storm","floor":28},{"not_picked":["Rebound","Glacier"],"picked":"Leap","floor":29},{"not_picked":["Auto Shields","Seek"],"picked":"Capacitor","floor":31},{"not_picked":["Reboot","Thunder Strike"],"picked":"Echo Form","floor":33},{"not_picked":["Stack","Turbo"],"picked":"FTL","floor":35},{"not_picked":["Beam Cell","Hello World"],"picked":"Consume","floor":40},{"not_picked":["Beam Cell","Rebound"],"picked":"Defragment","floor":42}],"player_experience":85644,"potions_floor_usage":[6,6,16,18,25,33,36,36,48,48,50],"damage_taken":[{"damage":0,"enemies":"Cultist","floor":1,"turns":1},{"damage":0,"enemies":"Jaw Worm","floor":2,"turns":1},{"damage":0,"enemies":"Small Slimes","floor":4,"turns":1},{"damage":9,"enemies":"Lagavulin","floor":6,"turns":5},{"damage":32,"enemies":"Gremlin Nob","floor":8,"turns":4},{"damage":26,"enemies":"Lagavulin","floor":10,"turns":6},{"damage":28,"enemies":"Gremlin Nob","floor":13,"turns":4},{"damage":17,"enemies":"The Guardian","floor":16,"turns":8},{"damage":51,"enemies":"Shell Parasite","floor":18,"turns":6},{"damage":47,"enemies":"2 Thieves","floor":19,"turns":4},{"damage":9,"enemies":"Chosen and Byrds","floor":22,"turns":5},{"damage":17,"enemies":"Slavers","floor":25,"turns":7},{"damage":14,"enemies":"3 Cultists","floor":28,"turns":4},{"damage":0,"enemies":"Snake Plant","floor":29,"turns":3},{"damage":0,"enemies":"Chosen and Byrds","floor":31,"turns":3},{"damage":0,"enemies":"Automaton","floor":33,"turns":7},{"damage":0,"enemies":"Orb Walker","floor":35,"turns":3},{"damage":6,"enemies":"Mysterious Sphere","floor":36,"turns":4},{"damage":0,"enemies":"Flame Bruiser 1 Orb","floor":39,"turns":3},{"damage":0,"enemies":"Nemesis","floor":40,"turns":7},{"damage":0,"enemies":"Sphere and 2 Shapes","floor":42,"turns":4},{"damage":0,"enemies":"Flame Bruiser 2 Orb","floor":44,"turns":3},{"damage":0,"enemies":"Giant Head","floor":47,"turns":5},{"damage":2,"enemies":"Spire Growth","floor":48,"turns":3},{"damage":11,"enemies":"Time Eater","floor":50,"turns":8}],"event_choices":[{"event_name":"Big Fish","player_choice":"Box","floor":3,"damage_taken":0},{"event_name":"Bonfire Elementals","player_choice":"RARE","floor":7,"damage_taken":0},{"event_name":"Dead Adventurer","player_choice":"Searched \u00272\u0027 times","floor":13,"damage_taken":0},{"event_name":"Ghosts","player_choice":"Became a Ghost","floor":20,"damage_taken":0},{"event_name":"Cursed Tome","player_choice":"Ignored","floor":21,"damage_taken":0},{"event_name":"Mysterious Sphere","player_choice":"Fight","floor":36,"damage_taken":0},{"event_name":"Tomb of Lord Red Mask","player_choice":"Ignored","floor":37,"damage_taken":0}],"boss_relics":[{"not_picked":["Ectoplasm","Tiny House"],"picked":"Lizard Tail"},{"not_picked":["White Beast Statue","Philosopher\u0027s Stone"],"picked":"Cursed Key"}],"potions_floor_spawned":[1,2,8,13,13,19,22,25,28,33,35,36,44,47],"seed_played":"-119087883652674173","ascension_level":2,"is_trial":false}