{"gold_per_floor":[112,122,133,147,167,167,194,42,121,133,133],"floor_reached":11,"playtime":618,"items_purged":[],"score":119,"play_id":"308f413d-9538-49a7-8deb-65e62057fad3","local_time":"20180806134159","is_ascension_mode":true,"campfire_choices":[{"data":"Streamline","floor":6,"key":"SMITH"}],"neow_cost":"","seed_source_timestamp":248501604441204,"circlet_count":0,"master_deck":["Strike_B","Strike_B","Strike_B","Strike_B","Defend_B","Defend_B","Defend_B","Defend_B","Zap","Dualcast","AscendersBane","Streamline+1","Coolheaded","Glacier","Coolheaded","Storm","Sweeping Beam","Consume","Auto Shields","Conserve Battery"],"relics":["Cracked Core","Ornamental Fan","Symbiotic Virus"],"potions_floor_usage":[],"damage_taken":[{"damage":9,"enemies":"Jaw Worm","floor":1,"turns":3},{"damage":0,"enemies":"Small Slimes","floor":2,"turns":2},{"damage":6,"enemies":"Cultist","floor":3,"turns":3},{"damage":1,"enemies":"Exordium Wildlife","floor":4,"turns":3},{"damage":4,"enemies":"3 Louse","floor":5,"turns":5},{"damage":25,"enemies":"3 Sentries","floor":7,"turns":9},{"damage":10,"enemies":"Gremlin Gang","floor":10,"turns":4},{"damage":14,"enemies":"Large Slime","floor":11,"turns":3}],"seed_played":"1918654271322364079","potions_obtained":[{"floor":3,"key":"SteroidPotion"},{"floor":5,"key":"FocusPotion"},{"floor":10,"key":"Dexterity Potion"}],"is_trial":false,"path_per_floor":["M","M","M","M","M","R","E","$","T","M"],"character_chosen":"DEFECT","items_purchased":["Consume","Auto Shields"],"campfire_rested":0,"item_purchase_floors":[8,8],"current_hp_per_floor":[59,59,53,52,48,48,23,23,23,13,0],"gold":133,"neow_bonus":"","is_prod":false,"is_daily":false,"chose_seed":false,"campfire_upgraded":1,"win_rate":0,"timestamp":1533555719,"path_taken":["M","M","M","M","M","R","E","$","T","M","M"],"build_version":"2018-08-01","purchased_purges":0,"victory":false,"max_hp_per_floor":[75,75,75,75,75,75,75,75,75,75,75],"card_choices":[{"not_picked":["Go for the Eyes","Coolheaded"],"picked":"Streamline","floor":1},{"not_picked":["Turbo","All For One"],"picked":"Coolheaded","floor":2},{"not_picked":["Turbo","Rip and Tear"],"picked":"Glacier","floor":3},{"not_picked":["Beam Cell","Tempest"],"picked":"Coolheaded","floor":4},{"not_picked":["Recycle","Hello World"],"picked":"Storm","floor":5},{"not_picked":["Ball Lightning","Steam"],"picked":"Sweeping Beam","floor":7},{"not_picked":["Cold Snap","Coolheaded"],"picked":"Conserve Battery","floor":10}],"player_experience":498877,"relics_obtained":[{"floor":7,"key":"Ornamental Fan"},{"floor":9,"key":"Symbiotic Virus"}],"event_choices":[],"is_beta":true,"boss_relics":[],"items_purged_floors":[],"is_endless":false,"potions_floor_spawned":[3,5,10],"killed_by":"Large Slime","ascension_level":11}