{"gold_per_floor":[109,129,142,153,170,170,198,198,198,211,226,238,27,42,42,116,116,136,151,9,9,29,59,59,84,110,130,130,180,193,211,211,211],"floor_reached":33,"playtime":975,"items_purged":["Defend_R"],"score":546,"play_id":"ce412cce-ea45-406b-b64e-eb6ec195540c","local_time":"20181015001829","is_ascension_mode":true,"campfire_choices":[{"data":"Rage","floor":6.0,"key":"SMITH"},{"data":"Perfected Strike","floor":8.0,"key":"SMITH"},{"floor":15.0,"key":"REST"},{"floor":24.0,"key":"REST"},{"floor":32.0,"key":"REST"}],"neow_cost":"NONE","seed_source_timestamp":36679685564702,"circlet_count":0,"master_deck":["Strike_R","Strike_R","Strike_R","Strike_R","Strike_R","Defend_R","Defend_R","Defend_R","Bash","AscendersBane","Reaper","Twin Strike","Thunderclap","Twin Strike","Rage+1","Perfected Strike+1","Spot Weakness","Inflame","Flex","Limit Break","Fiend Fire","Whirlwind+1","Spot Weakness","Feed","Twin Strike","Shame","Flex","Double Tap"],"special_seed":0,"relics":["Burning Blood","Torii","Ice Cream","Lizard Tail","Charon\u0027s Ashes","Bottled Tornado","Magic Flower","Smiling Mask","CultistMask"],"potions_floor_usage":[33],"damage_taken":[{"damage":12.0,"enemies":"2 Louse","floor":1.0,"turns":4.0},{"damage":19.0,"enemies":"Jaw Worm","floor":2.0,"turns":4.0},{"damage":6.0,"enemies":"Cultist","floor":3.0,"turns":3.0},{"damage":20.0,"enemies":"3 Louse","floor":4.0,"turns":4.0},{"damage":10.0,"enemies":"2 Fungi Beasts","floor":5.0,"turns":3.0},{"damage":24.0,"enemies":"Gremlin Nob","floor":7.0,"turns":4.0},{"damage":24.0,"enemies":"Lots of Slimes","floor":10.0,"turns":4.0},{"damage":1.0,"enemies":"Large Slime","floor":11.0,"turns":4.0},{"damage":34.0,"enemies":"Exordium Thugs","floor":12.0,"turns":4.0},{"damage":10.0,"enemies":"Exordium Wildlife","floor":14.0,"turns":3.0},{"damage":23.0,"enemies":"Slime Boss","floor":16.0,"turns":8.0},{"damage":30.0,"enemies":"Shell Parasite","floor":18.0,"turns":3.0},{"damage":0.0,"enemies":"3 Byrds","floor":19.0,"turns":5.0},{"damage":6.0,"enemies":"3 Cultists","floor":22.0,"turns":3.0},{"damage":49.0,"enemies":"Book of Stabbing","floor":23.0,"turns":4.0},{"damage":52.0,"enemies":"Gremlin Leader","floor":25.0,"turns":5.0},{"damage":24.0,"enemies":"Snake Plant","floor":27.0,"turns":3.0},{"damage":24.0,"enemies":"Cultist and Chosen","floor":30.0,"turns":4.0},{"damage":23.0,"enemies":"Centurion and Healer","floor":31.0,"turns":4.0},{"damage":64,"enemies":"Champ","floor":33,"turns":7}],"seed_played":"1028330355365720089","potions_obtained":[{"floor":4.0,"key":"Fire Potion"},{"floor":11.0,"key":"Swift Potion"},{"floor":12.0,"key":"Swift Potion"},{"floor":16.0,"key":"SneckoOil"},{"floor":18.0,"key":"Energy Potion"},{"floor":22.0,"key":"BloodPotion"},{"floor":23.0,"key":"EntropicBrew"},{"floor":30.0,"key":"FearPotion"}],"is_trial":false,"path_per_floor":["M","M","M","M","M","R","E","R","T","M","M","M","$","M","R","B",null,"M","M","$","?","M","E","R","E","T","M","?","?","M","M","R"],"character_chosen":"IRONCLAD","items_purchased":["Inflame","Flex","Feed","Twin Strike"],"campfire_rested":3,"item_purchase_floors":[13,13,20,20],"current_hp_per_floor":[69,60,66,64,68,68,54,54,54,56,67,39,39,35,57,56,70,46,52,52,52,70,27,49,35,35,29,29,29,35,32,54,4],"gold":211,"neow_bonus":"ONE_RANDOM_RARE_CARD","is_prod":false,"is_daily":false,"chose_seed":false,"campfire_upgraded":2,"win_rate":0,"timestamp":1539555509,"path_taken":["M","M","M","M","M","R","E","R","T","M","M","M","$","M","R","BOSS","M","M","$","?","M","E","R","E","T","M","?","?","?","M","R","BOSS"],"build_version":"2018-10-11","purchased_purges":1,"victory":false,"max_hp_per_floor":[75,75,75,75,75,75,75,75,75,75,75,75,75,75,75,75,75,75,75,75,75,75,75,75,75,75,75,75,75,75,75,75,75],"card_choices":[{"not_picked":["Armaments","Sword Boomerang"],"picked":"Twin Strike","floor":1.0},{"not_picked":["Iron Wave","Clash"],"picked":"Thunderclap","floor":2.0},{"not_picked":["Metallicize","Intimidate","True Grit"],"picked":"SKIP","floor":3.0},{"not_picked":["Shrug It Off","Heavy Blade"],"picked":"Twin Strike","floor":4.0},{"not_picked":["Sentinel","Fire Breathing"],"picked":"Rage","floor":5.0},{"not_picked":["Intimidate","Uppercut"],"picked":"Perfected Strike","floor":7.0},{"not_picked":["Body Slam","Flame Barrier"],"picked":"Spot Weakness","floor":10.0},{"not_picked":["Headbutt","Iron Wave","Rupture"],"picked":"SKIP","floor":11.0},{"not_picked":["Sword Boomerang","Dual Wield","True Grit"],"picked":"SKIP","floor":12.0},{"not_picked":["Body Slam","Wild Strike"],"picked":"Limit Break","floor":14.0},{"not_picked":["Exhume","Reaper"],"picked":"Fiend Fire","floor":16.0},{"not_picked":["Thunderclap","Seeing Red"],"picked":"Whirlwind+1","floor":18.0},{"not_picked":["True Grit","Rupture+1"],"picked":"Spot Weakness","floor":19.0},{"not_picked":["Hemokinesis","Fire Breathing"],"picked":"Flex","floor":22.0},{"not_picked":["Metallicize","Havoc","Carnage"],"picked":"SKIP","floor":23.0},{"not_picked":["True Grit","Entrench"],"picked":"Double Tap","floor":25.0},{"not_picked":["Warcry","Shrug It Off","Anger"],"picked":"SKIP","floor":27.0},{"not_picked":["Clothesline","Combust","Wild Strike"],"picked":"SKIP","floor":30.0},{"not_picked":["Clothesline","Combust","Wild Strike"],"picked":"SKIP","floor":30.0},{"not_picked":["Dropkick","Armaments","Body Slam"],"picked":"SKIP","floor":31.0}],"player_experience":676673,"relics_obtained":[{"floor":7.0,"key":"Torii"},{"floor":9.0,"key":"Ice Cream"},{"floor":23.0,"key":"Bottled Tornado"},{"floor":25.0,"key":"Magic Flower"},{"floor":26.0,"key":"Smiling Mask"}],"event_choices":[{"event_name":"Addict","player_choice":"Stole Relic","floor":21.0,"damage_taken":0.0},{"event_name":"FaceTrader","player_choice":"Trade","floor":28.0,"damage_taken":0.0},{"event_name":"Golden Shrine","player_choice":"Pray","floor":29.0,"damage_taken":0.0}],"is_beta":true,"boss_relics":[{"not_picked":["Black Blood","Philosopher\u0027s Stone"],"picked":"Lizard Tail"}],"items_purged_floors":[13],"is_endless":false,"potions_floor_spawned":[4,11,12,16,18,22,23,30],"killed_by":"Champ","ascension_level":17}