{"gold_per_floor":[116,116,116,116,116,144,144,160,183,510,51,68,68,79,79,157,157,170,19,30,40,53,53,84,84],"floor_reached":25,"playtime":716,"items_purged":["Strike_G","Strike_G"],"score":486,"play_id":"184e2169-6e54-44ec-9ea5-12a97018bf73","local_time":"20181027163119","is_ascension_mode":true,"campfire_choices":[{"data":"Poisoned Stab","floor":7.0,"key":"SMITH"},{"data":"Noxious Fumes","floor":13.0,"key":"SMITH"},{"floor":15.0,"key":"REST"},{"data":"Catalyst","floor":23.0,"key":"SMITH"}],"neow_cost":"NONE","seed_source_timestamp":13429037982205,"circlet_count":0,"master_deck":["Defend_G","Defend_G+1","Defend_G","Defend_G","Defend_G","Strike_G+1","Strike_G","Survivor","Neutralize","AscendersBane","Bane+1","Poisoned Stab+1","Crippling Poison","Dash","Noxious Fumes+1","Dash","After Image","Adrenaline","Catalyst+1","Backflip","Bane","Dodge and Roll","After Image","Backflip","Acrobatics+1"],"special_seed":0,"relics":["Ring of the Snake","NeowsBlessing","Smiling Mask","Pen Nib","Old Coin","FossilizedHelix","Black Star","Orichalcum","Juzu Bracelet"],"potions_floor_usage":[],"damage_taken":[{"damage":0.0,"enemies":"Small Slimes","floor":1.0,"turns":1.0},{"damage":0.0,"enemies":"Lagavulin","floor":6.0,"turns":1.0},{"damage":0.0,"enemies":"Cultist","floor":8.0,"turns":1.0},{"damage":8.0,"enemies":"Gremlin Nob","floor":10.0,"turns":3.0},{"damage":0.0,"enemies":"Jaw Worm","floor":12.0,"turns":2.0},{"damage":0.0,"enemies":"Looter","floor":14.0,"turns":3.0},{"damage":3.0,"enemies":"The Guardian","floor":16.0,"turns":8.0},{"damage":5.0,"enemies":"2 Thieves","floor":18.0,"turns":4.0},{"damage":0.0,"enemies":"3 Byrds","floor":20.0,"turns":5.0},{"damage":0.0,"enemies":"Snecko","floor":21.0,"turns":5.0},{"damage":1.0,"enemies":"Centurion and Healer","floor":22.0,"turns":6.0},{"damage":29.0,"enemies":"Book of Stabbing","floor":24.0,"turns":7.0},{"damage":37,"enemies":"3 Cultists","floor":25,"turns":4}],"seed_played":"4547023154943908408","potions_obtained":[{"floor":8.0,"key":"AttackPotion"},{"floor":10.0,"key":"FearPotion"},{"floor":12.0,"key":"Energy Potion"},{"floor":20.0,"key":"FearPotion"}],"is_trial":false,"path_per_floor":["M","?","?","?","?","E","R","M","T","E","$","M","R","M","R","B",null,"M","$","M","M","M","R","E"],"character_chosen":"THE_SILENT","items_purchased":["FossilizedHelix","Noxious Fumes","Backflip","Bane"],"campfire_rested":1,"item_purchase_floors":[11,11,19,19],"current_hp_per_floor":[59,59,59,39,39,39,39,39,39,31,31,31,31,31,50,47,61,56,56,56,56,55,55,26,0],"gold":84,"neow_bonus":"THREE_ENEMY_KILL","is_prod":false,"is_daily":false,"chose_seed":false,"campfire_upgraded":3,"win_rate":0,"timestamp":1540650679,"path_taken":["M","?","?","?","?","E","R","M","T","E","$","M","R","M","R","BOSS","M","$","M","M","M","R","E","M"],"build_version":"2018-10-25v2","purchased_purges":2,"victory":false,"max_hp_per_floor":[66,66,66,66,66,66,66,66,66,66,66,66,66,66,66,66,66,66,66,66,66,66,66,66,66],"card_choices":[{"not_picked":["Sucker Punch","Heel Hook"],"picked":"Bane","floor":1.0},{"not_picked":["Bane","Infinite Blades"],"picked":"Poisoned Stab","floor":6.0},{"not_picked":["Choke","Expertise"],"picked":"Crippling Poison","floor":8.0},{"not_picked":["Outmaneuver","Dagger Spray"],"picked":"Dash","floor":10.0},{"not_picked":["Slice","Prepared"],"picked":"Dash","floor":12.0},{"not_picked":["Bane","Caltrops"],"picked":"After Image","floor":14.0},{"not_picked":["Wraith Form v2","Doppelganger"],"picked":"Adrenaline","floor":16.0},{"not_picked":["Acrobatics","Tactician+1"],"picked":"Catalyst","floor":18.0},{"not_picked":["Deflect","Flying Knee"],"picked":"Dodge and Roll","floor":20.0},{"not_picked":["Caltrops","Flying Knee"],"picked":"After Image","floor":21.0},{"not_picked":["Expertise","Infinite Blades+1"],"picked":"Backflip","floor":22.0},{"not_picked":["Outmaneuver","Blade Dance"],"picked":"Acrobatics+1","floor":24.0}],"player_experience":700205,"relics_obtained":[{"floor":6.0,"key":"Smiling Mask"},{"floor":9.0,"key":"Pen Nib"},{"floor":10.0,"key":"Old Coin"},{"floor":24.0,"key":"Orichalcum"},{"floor":24.0,"key":"Juzu Bracelet"}],"event_choices":[{"damage_healed":0.0,"max_hp_gain":0.0,"max_hp_loss":0.0,"gold_gain":0.0,"event_name":"Upgrade Shrine","player_choice":"Upgraded","floor":2.0,"gold_loss":0.0,"damage_taken":0.0,"cards_upgraded":["Bane"]},{"cards_removed":["Strike_G"],"damage_healed":0.0,"max_hp_gain":0.0,"max_hp_loss":0.0,"gold_gain":0.0,"event_name":"Bonfire Elementals","player_choice":"Offered Basic","floor":3.0,"gold_loss":0.0,"damage_taken":0.0},{"damage_healed":0.0,"max_hp_gain":0.0,"max_hp_loss":0.0,"gold_gain":0.0,"event_name":"Shining Light","player_choice":"Entered Light","floor":4.0,"gold_loss":0.0,"damage_taken":20.0,"cards_upgraded":["Strike_G","Defend_G"]},{"damage_healed":0.0,"max_hp_gain":0.0,"max_hp_loss":0.0,"gold_gain":0.0,"event_name":"Golden Idol","player_choice":"Ignored","floor":5.0,"gold_loss":0.0,"damage_taken":0.0}],"is_beta":true,"boss_relics":[{"not_picked":["Calling Bell","Velvet Choker"],"picked":"Black Star"}],"items_purged_floors":[11,19],"is_endless":false,"potions_floor_spawned":[8,10,12,14,20,22],"killed_by":"3 Cultists","ascension_level":18}