{"gold_per_floor":[215,227,247,322,341,341,291,309,332,352,352,277,288,305,305,409,409,424,324,247,247,122,122,135,148,174,174,188,188],"floor_reached":29,"playtime":1169,"items_purged":["Defend_R","Strike_R","Strike_R"],"score":219,"play_id":"40171c0b-eb71-49a4-ac9a-2c30718a0316","local_time":"20180728213337","is_ascension_mode":false,"campfire_choices":[{"data":"Thunderclap","floor":6.0,"key":"SMITH"},{"data":"Iron Wave","floor":11.0,"key":"SMITH"},{"data":"Rampage","floor":15.0,"key":"SMITH"},{"data":"Bash","floor":27.0,"key":"SMITH"}],"neow_cost":"NONE","seed_source_timestamp":414025923887,"circlet_count":0,"master_deck":["Strike_R","Strike_R","Defend_R","Defend_R","Defend_R","Bash+1","Thunderclap+1","Cleave","Shrug It Off","Iron Wave+1","Rampage+1","Spot Weakness+1","J.A.X.","Shrug It Off+1"],"special_seed":0,"relics":["Black Blood"],"potions_floor_usage":[],"damage_taken":[{"damage":1.0,"enemies":"2 Louse","floor":1.0,"turns":3.0},{"damage":5.0,"enemies":"Jaw Worm","floor":2.0,"turns":4.0},{"damage":1.0,"enemies":"Cultist","floor":3.0,"turns":3.0},{"damage":6.0,"enemies":"Blue Slaver","floor":5.0,"turns":6.0},{"damage":7.0,"enemies":"Looter","floor":8.0,"turns":3.0},{"damage":4.0,"enemies":"Large Slime","floor":10.0,"turns":5.0},{"damage":0.0,"enemies":"Exordium Thugs","floor":13.0,"turns":4.0},{"damage":0.0,"enemies":"Exordium Wildlife","floor":14.0,"turns":2.0},{"damage":17.0,"enemies":"Hexaghost","floor":16.0,"turns":9.0},{"damage":32.0,"enemies":"2 Thieves","floor":18.0,"turns":4.0},{"damage":11.0,"enemies":"Shell Parasite","floor":24.0,"turns":4.0},{"damage":15.0,"enemies":"3 Cultists","floor":25.0,"turns":3.0},{"damage":41.0,"enemies":"Snake Plant","floor":28.0,"turns":5.0},{"damage":5,"enemies":"Centurion and Healer","floor":29,"turns":3}],"seed_played":"8176947522246863632","potions_obtained":[{"floor":2.0,"key":"Strength Potion"},{"floor":3.0,"key":"Weak Potion"},{"floor":8.0,"key":"Explosive Potion"},{"floor":14.0,"key":"Block Potion"},{"floor":16.0,"key":"SkillPotion"},{"floor":18.0,"key":"Regen Potion"},{"floor":24.0,"key":"Explosive Potion"}],"is_trial":false,"path_per_floor":["M","M","M","?","M","R","?","M","T","M","R","$","M","M","R","B",null,"M","$","?","?","$","?","M","M","T","R","M"],"character_chosen":"IRONCLAD","items_purchased":[],"campfire_rested":0,"item_purchase_floors":[],"current_hp_per_floor":[80,80,80,69,69,69,69,68,68,70,70,70,76,80,80,69,80,58,58,58,50,50,50,49,44,44,44,18,13],"gold":188,"neow_bonus":"HUNDRED_GOLD","is_prod":false,"is_daily":false,"chose_seed":false,"campfire_upgraded":4,"win_rate":0,"timestamp":1532784817,"path_taken":["M","M","M","?","M","R","?","M","T","M","R","$","?","M","R","BOSS","M","$","?","?","?","?","M","M","T","R","?","M"],"build_version":"2018-07-26","purchased_purges":3,"victory":false,"max_hp_per_floor":[80,80,80,80,80,80,80,80,80,80,80,80,80,80,80,80,80,80,80,80,80,80,80,80,80,80,80,80,80],"card_choices":[{"not_picked":["Seeing Red","Cleave"],"picked":"Thunderclap","floor":1.0},{"not_picked":["Intimidate","Combust"],"picked":"Cleave","floor":2.0},{"not_picked":["Hemokinesis","Perfected Strike"],"picked":"Shrug It Off","floor":3.0},{"not_picked":["Evolve","Headbutt","Rage"],"picked":"SKIP","floor":5.0},{"not_picked":["Thunderclap","Feel No Pain"],"picked":"Iron Wave","floor":8.0},{"not_picked":["Dual Wield","Clothesline","Anger"],"picked":"SKIP","floor":10.0},{"not_picked":["Shockwave","Warcry"],"picked":"Rampage","floor":13.0},{"not_picked":["Sword Boomerang","Cleave","Twin Strike"],"picked":"SKIP","floor":14.0},{"not_picked":["Cleave+1","Wild Strike"],"picked":"Spot Weakness+1","floor":18.0},{"not_picked":["Clash","Sword Boomerang","Berserk"],"picked":"SKIP","floor":24.0},{"not_picked":["Anger","Flex"],"picked":"Shrug It Off+1","floor":25.0},{"not_picked":["Sever Soul","Reckless Charge","Searing Blow"],"picked":"SKIP","floor":28.0}],"player_experience":229953,"relics_obtained":[],"event_choices":[{"event_name":"World of Goop","player_choice":"Gather Gold","floor":4.0,"damage_taken":0.0},{"event_name":"The Cleric","player_choice":"Card Removal","floor":7.0,"damage_taken":0.0},{"event_name":"Drug Dealer","player_choice":"Got JAXXED","floor":20.0,"damage_taken":0.0},{"event_name":"Knowing Skull","player_choice":"","floor":21.0,"damage_taken":0.0},{"event_name":"The Woman in Blue","player_choice":"Bought 0 Potions","floor":23.0,"damage_taken":0.0}],"is_beta":false,"boss_relics":[{"not_picked":["Orrery","Lizard Tail"],"picked":"Black Blood"}],"items_purged_floors":[12,19,22],"is_endless":false,"potions_floor_spawned":[2,3,8,14,16,18,24],"killed_by":"Centurion and Healer","ascension_level":0}