{"gold_per_floor":[115,115,265,105,116,147,159,159,212,212],"floor_reached":10,"playtime":247,"items_purged":["Doubt"],"score":132,"play_id":"e099ba66-f92b-439c-87d7-659b9b9a27e2","local_time":"20191007154243","is_ascension_mode":true,"campfire_choices":[{"data":"Demon Form","floor":8,"key":"SMITH"}],"neow_cost":"NONE","seed_source_timestamp":186668801839501,"circlet_count":0,"master_deck":["AscendersBane","Strike_R","Strike_R","Strike_R","Strike_R","Strike_R","Defend_R","Defend_R","Defend_R","Defend_R","Bash","Demon Form+1","Pommel Strike","Flame Barrier","Twin Strike"],"special_seed":0,"relics":["Burning Blood","Art of War","Omamori"],"potions_floor_usage":[6,7],"damage_taken":[{"damage":11.0,"enemies":"Jaw Worm","floor":1.0,"turns":5.0},{"damage":0.0,"enemies":"2 Louse","floor":5.0,"turns":4.0},{"damage":33,"enemies":"3 Sentries","floor":6,"turns":9},{"damage":10,"enemies":"Small Slimes","floor":7,"turns":5},{"damage":67,"enemies":"Gremlin Nob","floor":10,"turns":4}],"seed_played":"-2155711557894282659","potions_obtained":[{"floor":5.0,"key":"Strength Potion"},{"floor":7,"key":"BloodPotion"}],"is_trial":false,"path_per_floor":["M","?","?","$","M","E","M","R","T","E"],"character_chosen":"IRONCLAD","items_purchased":["Flame Barrier"],"campfire_rested":0,"item_purchase_floors":[4],"current_hp_per_floor":[63,68,68,68,74,47,59,59,59,0],"gold":212,"neow_bonus":"ONE_RANDOM_RARE_CARD","is_prod":false,"is_daily":false,"chose_seed":false,"campfire_upgraded":1,"win_rate":0,"timestamp":1570455763,"path_taken":["M","?","?","$","M","E","M","R","T","E"],"build_version":"2019-10-04","purchased_purges":1,"victory":false,"max_hp_per_floor":[75,80,80,80,80,80,80,80,80,80],"card_choices":[{"not_picked":["Body Slam","Fire Breathing"],"picked":"Pommel Strike","floor":1.0},{"not_picked":["Sever Soul","Shrug It Off"],"picked":"Twin Strike","floor":5.0},{"not_picked":["Sever Soul","Shrug It Off","Havoc"],"picked":"SKIP","floor":6},{"not_picked":["Body Slam","Brutality","Havoc"],"picked":"SKIP","floor":7}],"player_experience":836827,"relics_obtained":[{"floor":6,"key":"Art of War"},{"floor":9,"key":"Omamori"}],"event_choices":[{"damage_healed":0.0,"max_hp_gain":5.0,"max_hp_loss":0.0,"gold_gain":0.0,"event_name":"Big Fish","player_choice":"Donut","floor":2.0,"gold_loss":0.0,"damage_taken":0.0},{"damage_healed":0.0,"max_hp_gain":0.0,"max_hp_loss":0.0,"gold_gain":150.0,"event_name":"Liars Game","player_choice":"AGREE","floor":3.0,"gold_loss":0.0,"damage_taken":0.0,"cards_obtained":["Doubt"]}],"is_beta":true,"boss_relics":[],"items_purged_floors":[4],"is_endless":false,"potions_floor_spawned":[5,7],"killed_by":"Gremlin Nob","ascension_level":20}