{"gold_per_floor":[114,114,289,289,289,318,330,364,420,437,437,454,454,93,93,192,192,205,218,235,254,204,232,232,244,244,259,259,273,273,298,298,298],"floor_reached":33,"playtime":1357,"items_purged":["Defend_R"],"score":521,"play_id":"0d436957-21af-4da8-adb3-2fc3c201c8b3","local_time":"20191012223255","is_ascension_mode":true,"campfire_choices":[{"data":"Perfected Strike","floor":11,"key":"SMITH"},{"data":"Perfected Strike","floor":13,"key":"SMITH"},{"data":"Warcry","floor":15,"key":"SMITH"},{"data":"Bash","floor":24,"key":"SMITH"},{"data":"Pommel Strike","floor":28,"key":"SMITH"},{"data":"Double Tap","floor":32,"key":"SMITH"}],"neow_cost":"NONE","seed_source_timestamp":1211207378876,"circlet_count":0,"master_deck":["AscendersBane","Strike_R","Strike_R+1","Strike_R","Strike_R","Strike_R+1","Defend_R","Defend_R","Defend_R","Bash+1","Cleave","Flame Barrier","Perfected Strike+1","Pommel Strike+1","Warcry+1","Perfected Strike+1","Double Tap+1","Searing Blow+1","Warcry+1","Blood for Blood","Twin Strike","Writhe"],"relics":["Burning Blood","NeowsBlessing","Anchor","Toy Ornithopter","Orichalcum","Tiny Chest","Incense Burner","Snecko Eye","PreservedInsect","Ornamental Fan","Gambling Chip","Red Skull"],"potions_floor_usage":[8,16,25,27],"damage_taken":[{"damage":0,"enemies":"Jaw Worm","floor":1,"turns":1},{"damage":0,"enemies":"Lagavulin","floor":6,"turns":1},{"damage":0,"enemies":"Small Slimes","floor":7,"turns":1},{"damage":16,"enemies":"Gremlin Nob","floor":8,"turns":3},{"damage":0,"enemies":"2 Louse","floor":10,"turns":2},{"damage":0,"enemies":"Blue Slaver","floor":12,"turns":2},{"damage":22,"enemies":"The Guardian","floor":16,"turns":7},{"damage":0,"enemies":"Shell Parasite","floor":18,"turns":2},{"damage":0,"enemies":"Chosen","floor":19,"turns":2},{"damage":0,"enemies":"Snake Plant","floor":20,"turns":2},{"damage":40,"enemies":"Shelled Parasite and Fungi","floor":21,"turns":4},{"damage":0,"enemies":"Gremlin Leader","floor":23,"turns":4},{"damage":0,"enemies":"Snecko","floor":25,"turns":4},{"damage":15,"enemies":"Centurion and Healer","floor":27,"turns":4},{"damage":8,"enemies":"Snake Plant","floor":29,"turns":3},{"damage":1,"enemies":"Slavers","floor":31,"turns":3},{"damage":80,"enemies":"Champ","floor":33,"turns":6}],"seed_played":"-6285560787685092360","potions_obtained":[{"floor":1,"key":"Energy Potion"},{"floor":7,"key":"Fire Potion"},{"floor":12,"key":"Ancient Potion"},{"floor":18,"key":"SpeedPotion"},{"floor":20,"key":"EssenceOfSteel"},{"floor":23,"key":"Explosive Potion"},{"floor":31,"key":"Dexterity Potion"}],"is_trial":false,"path_per_floor":["M","?","?","?","T","E","M","E","T","M","R","M","R","$","R","B",null,"M","M","M","M","?","E","R","M","T","M","R","M","?","E","R","B"],"character_chosen":"IRONCLAD","items_purchased":["Incense Burner"],"campfire_rested":0,"item_purchase_floors":[14],"current_hp_per_floor":[78,62,62,55,55,61,67,62,62,68,68,74,74,74,74,63,76,80,80,80,46,46,52,52,63,63,59,59,57,57,62,62,0],"gold":298,"neow_bonus":"THREE_ENEMY_KILL","is_prod":false,"is_daily":false,"chose_seed":false,"campfire_upgraded":6,"win_rate":0,"timestamp":1570887175,"path_taken":["M","?","?","?","?","E","M","E","T","M","R","?","R","?","R","BOSS","M","M","?","?","?","E","R","?","T","M","R","M","?","E","R","BOSS"],"build_version":"2019-10-11","purchased_purges":1,"victory":false,"max_hp_per_floor":[80,80,80,80,80,80,80,80,80,80,80,80,80,80,80,80,80,80,80,80,80,80,80,80,80,80,80,80,80,80,80,80,80],"card_choices":[{"not_picked":["Fire Breathing","Iron Wave"],"picked":"Cleave","floor":1},{"not_picked":["Infernal Blade","Reckless Charge"],"picked":"Flame Barrier","floor":6},{"not_picked":["Ghostly Armor","Pommel Strike"],"picked":"Perfected Strike","floor":7},{"not_picked":["Evolve","Clash"],"picked":"Pommel Strike","floor":8},{"not_picked":["Heavy Blade","Flex"],"picked":"Warcry","floor":10},{"not_picked":["Blood for Blood","Second Wind"],"picked":"Perfected Strike","floor":12},{"not_picked":["Bludgeon","Barricade"],"picked":"Double Tap","floor":16},{"not_picked":["Iron Wave","Cleave+1"],"picked":"Searing Blow+1","floor":18},{"not_picked":["Bloodletting","Hemokinesis+1","Rampage"],"picked":"SKIP","floor":19},{"not_picked":["Combust","Whirlwind","Rage"],"picked":"SKIP","floor":20},{"not_picked":["Sword Boomerang","Rupture","Flex"],"picked":"SKIP","floor":21},{"not_picked":["Evolve","Shrug It Off","Spot Weakness"],"picked":"SKIP","floor":23},{"not_picked":["Body Slam","Shrug It Off"],"picked":"Warcry+1","floor":25},{"not_picked":["Wild Strike","Flex"],"picked":"Blood for Blood","floor":27},{"not_picked":["Flex+1","Shrug It Off"],"picked":"Twin Strike","floor":29},{"not_picked":["Thunderclap","Battle Trance","Seeing Red"],"picked":"SKIP","floor":31}],"player_experience":589138,"relics_obtained":[{"floor":5,"key":"Anchor"},{"floor":6,"key":"Toy Ornithopter"},{"floor":8,"key":"Orichalcum"},{"floor":9,"key":"Tiny Chest"},{"floor":23,"key":"PreservedInsect"},{"floor":26,"key":"Ornamental Fan"},{"floor":31,"key":"Red Skull"}],"event_choices":[{"damage_healed":0,"gold_gain":0,"player_choice":"Entered Light","damage_taken":16,"max_hp_gain":0,"max_hp_loss":0,"event_name":"Shining Light","floor":2,"gold_loss":0,"cards_upgraded":["Strike_R","Strike_R"]},{"damage_healed":0,"gold_gain":175,"player_choice":"AGREE","damage_taken":0,"max_hp_gain":0,"max_hp_loss":0,"event_name":"Liars Game","floor":3,"gold_loss":0,"cards_obtained":["Doubt"]},{"cards_removed":["Doubt"],"damage_healed":0,"gold_gain":0,"player_choice":"Card Removal","damage_taken":7,"max_hp_gain":0,"max_hp_loss":0,"event_name":"Golden Wing","floor":4,"gold_loss":0},{"damage_healed":0,"gold_gain":0,"player_choice":"Bet on Owner","damage_taken":0,"max_hp_gain":0,"max_hp_loss":0,"event_name":"The Joust","floor":22,"gold_loss":50},{"damage_healed":0,"gold_gain":0,"player_choice":"Opened","damage_taken":0,"relics_obtained":["Gambling Chip"],"max_hp_gain":0,"max_hp_loss":0,"event_name":"The Mausoleum","floor":30,"gold_loss":0,"cards_obtained":["Writhe"]}],"is_beta":true,"boss_relics":[{"not_picked":["Pandora\u0027s Box","Tiny House"],"picked":"Snecko Eye"}],"items_purged_floors":[14],"is_endless":false,"potions_floor_spawned":[1,7,12,18,20,23,31],"killed_by":"Champ","ascension_level":10}