{"gold_per_floor":[118,137,151,167,6,6,37,49,75,75,75,88,88],"floor_reached":13,"playtime":829,"items_purged":["Strike_B"],"score":126,"play_id":"b376aa2f-67fe-4911-8b76-35638bb2495b","local_time":"20180722122737","is_ascension_mode":true,"campfire_choices":[{"data":"Zap","floor":6,"key":"SMITH"},{"floor":11,"key":"REST"}],"neow_cost":"NONE","seed_source_timestamp":8551745646511,"circlet_count":0,"master_deck":["Strike_B","Strike_B","Strike_B","Defend_B","Defend_B","Defend_B","Defend_B","Zap+1","Dualcast","White Noise","Static Discharge","Machine Learning","Storm","Heatsinks","Leap","Turbo","Sunder"],"relics":["Cracked Core","Strawberry","Ornamental Fan","Vajra"],"potions_floor_usage":[4],"damage_taken":[{"damage":0,"enemies":"Small Slimes","floor":1,"turns":3},{"damage":1,"enemies":"Cultist","floor":2,"turns":3},{"damage":4,"enemies":"2 Louse","floor":3,"turns":3},{"damage":5,"enemies":"Lots of Slimes","floor":4,"turns":3},{"damage":30,"enemies":"Lagavulin","floor":7,"turns":5},{"damage":7,"enemies":"Large Slime","floor":8,"turns":5},{"damage":23,"enemies":"3 Louse","floor":12,"turns":4},{"damage":33,"enemies":"Gremlin Nob","floor":13,"turns":4}],"seed_played":"2032498742113115778","potions_obtained":[{"floor":1,"key":"AttackPotion"},{"floor":4,"key":"SteroidPotion"},{"floor":7,"key":"SteroidPotion"}],"is_trial":false,"path_per_floor":["M","M","M","M","$","R","E","M","T","?","R","M"],"character_chosen":"DEFECT","items_purchased":["Heatsinks","Leap"],"campfire_rested":1,"item_purchase_floors":[5,5],"current_hp_per_floor":[75,74,70,65,65,65,35,28,28,28,52,29,0],"gold":88,"neow_bonus":"RANDOM_COMMON_RELIC","is_prod":false,"is_daily":false,"chose_seed":false,"campfire_upgraded":1,"win_rate":0,"timestamp":1532255257,"path_taken":["M","M","M","M","$","R","E","M","T","?","R","M","E"],"build_version":"2018-07-19","purchased_purges":1,"victory":false,"max_hp_per_floor":[82,82,82,82,82,82,82,82,82,82,82,82,82],"card_choices":[{"not_picked":["Stack","Redo"],"picked":"White Noise","floor":1},{"not_picked":["Compile Driver","Steam"],"picked":"Static Discharge","floor":2},{"not_picked":["Beam Cell","Streamline"],"picked":"Machine Learning","floor":3},{"not_picked":["Gash","Cold Snap"],"picked":"Storm","floor":4},{"not_picked":["Undo","Beam Cell","Compile Driver"],"picked":"SKIP","floor":7},{"not_picked":["Beam Cell","Hologram"],"picked":"Turbo","floor":8},{"not_picked":["Redo","Rip and Tear"],"picked":"Sunder","floor":12}],"player_experience":419227,"relics_obtained":[{"floor":7,"key":"Ornamental Fan"},{"floor":9,"key":"Vajra"}],"event_choices":[{"event_name":"The Woman in Blue","player_choice":"Bought 0 Potions","floor":10,"damage_taken":0}],"is_beta":true,"boss_relics":[],"items_purged_floors":[5],"is_endless":false,"potions_floor_spawned":[1,4,7],"killed_by":"Gremlin Nob","ascension_level":9}