{"gold_per_floor":[115,127,127,127,127,162,162,179,179,179,213,150,150,166,166,166],"floor_reached":16,"playtime":215,"items_purged":[],"score":266,"play_id":"209e1d85-b23f-4621-8015-86ba1253de08","local_time":"20190408155054","is_ascension_mode":true,"campfire_choices":[{"data":"Streamline","floor":7,"key":"SMITH"},{"data":"Conserve Battery","floor":10,"key":"SMITH"},{"data":"Conserve Battery","floor":13,"key":"SMITH"},{"floor":15,"key":"REST"}],"neow_cost":"NONE","seed_source_timestamp":192164102113118,"circlet_count":0,"master_deck":["AscendersBane","Strike_B","Strike_B","Strike_B","Strike_B","Defend_B+1","Defend_B","Defend_B","Defend_B","Zap","Dualcast+1","Streamline+1","Biased Cognition","Conserve Battery+1","Conserve Battery+1","Leap"],"relics":["Cracked Core","NeowsBlessing","Singing Bowl","Orichalcum","Ancient Tea Set","Art of War"],"potions_floor_usage":[11,11],"damage_taken":[{"damage":0,"enemies":"Jaw Worm","floor":1,"turns":1},{"damage":0,"enemies":"2 Louse","floor":2,"turns":1},{"damage":0,"enemies":"3 Sentries","floor":6,"turns":1},{"damage":1,"enemies":"Cultist","floor":8,"turns":3},{"damage":23,"enemies":"Gremlin Nob","floor":11,"turns":4},{"damage":4,"enemies":"3 Louse","floor":14,"turns":2},{"damage":53,"enemies":"Slime Boss","floor":16,"turns":7}],"seed_played":"-8914923724847327227","potions_obtained":[{"floor":2,"key":"Poison Potion"},{"floor":6,"key":"Weak Potion"}],"is_trial":false,"path_per_floor":["M","M","?","?","?","E","R","M","T","R","E","?","R","M","R","B"],"character_chosen":"DEFECT","items_purchased":[],"campfire_rested":1,"item_purchase_floors":[],"current_hp_per_floor":[64,64,43,43,48,48,48,49,49,49,26,26,26,22,45,0],"gold":166,"neow_bonus":"THREE_ENEMY_KILL","is_prod":false,"is_daily":false,"chose_seed":false,"campfire_upgraded":3,"win_rate":0,"timestamp":1554731454,"path_taken":["M","M","?","?","?","E","R","?","T","R","E","?","R","?","R","BOSS"],"build_version":"2019-01-23","purchased_purges":0,"victory":false,"max_hp_per_floor":[71,71,71,71,76,76,76,78,78,78,78,78,78,78,78,78],"card_choices":[{"not_picked":["Compile Driver","Loop"],"picked":"Streamline","floor":1},{"not_picked":["Turbo","Rebound"],"picked":"Biased Cognition","floor":2},{"not_picked":["Steam Power","Compile Driver"],"picked":"Conserve Battery","floor":6},{"not_picked":["Hologram","Lockon","Turbo"],"picked":"Singing Bowl","floor":8},{"not_picked":["Auto Shields","Hologram"],"picked":"Conserve Battery","floor":11},{"not_picked":["Barrage","Steam"],"picked":"Leap","floor":14}],"player_experience":825592,"relics_obtained":[{"floor":6,"key":"Singing Bowl"},{"floor":9,"key":"Orichalcum"},{"floor":11,"key":"Ancient Tea Set"}],"event_choices":[{"damage_healed":0,"gold_gain":0,"player_choice":"Entered Light","damage_taken":21,"max_hp_gain":0,"max_hp_loss":0,"event_name":"Shining Light","floor":3,"gold_loss":0,"cards_upgraded":["Defend_B","Dualcast"]},{"damage_healed":0,"gold_gain":0,"player_choice":"Ignored","damage_taken":0,"max_hp_gain":0,"max_hp_loss":0,"event_name":"Golden Idol","floor":4,"gold_loss":0},{"damage_healed":0,"gold_gain":0,"player_choice":"Donut","damage_taken":0,"max_hp_gain":5,"max_hp_loss":0,"event_name":"Big Fish","floor":5,"gold_loss":0},{"damage_healed":0,"gold_gain":0,"player_choice":"Paid Gold","damage_taken":0,"relics_obtained":["Art of War"],"max_hp_gain":0,"max_hp_loss":0,"event_name":"WeMeetAgain","floor":12,"gold_loss":63}],"is_beta":false,"boss_relics":[],"items_purged_floors":[],"is_endless":false,"potions_floor_spawned":[2,6],"killed_by":"Slime Boss","ascension_level":20}