{"path_per_floor":["M","M","M","M","M","M","$","E","T","M","M","R","M","M","R"],"character_chosen":"DEFECT","items_purchased":["Shuriken","Sweeping Beam"],"gold_per_floor":[216,227,237,257,277,293,8,38,107,122,135,135,153,166,166,166],"floor_reached":16,"campfire_rested":1,"playtime":7605,"current_hp_per_floor":[70,59,59,58,51,34,34,13,13,11,13,35,37,34,34,0],"items_purged":[],"gold":166,"score":110,"play_id":"815c3652-e3a6-4e77-a089-62c1236feaa9","local_time":"20180427200938","is_prod":false,"is_daily":false,"chose_seed":false,"is_ascension_mode":false,"campfire_upgraded":1,"timestamp":1524852578,"path_taken":["M","M","M","M","M","?","$","E","T","M","M","R","?","M","R","BOSS"],"build_version":"2018-04-26v2","seed_source_timestamp":8554837797227,"purchased_purges":0,"victory":false,"master_deck":["Strike_B","Strike_B","Strike_B","Strike_B","Defend_B","Defend_B","Defend_B","Defend_B","Zap","Dualcast","White Noise","Double Energy","Axe Kick","Barrage","Axe Kick","Sweeping Beam","Multi-Cast","Streamline","Flux Capacitor+1","White Noise"],"max_hp_per_floor":[75,75,75,75,75,75,75,75,75,75,75,75,75,75,75,75],"relics":["Cracked Core","Shuriken","Blood Vial","Gremlin Horn"],"card_choices":[{"not_picked":["Allocate","Skim"],"picked":"White Noise","floor":1},{"not_picked":["Beam Cell","Rebound"],"picked":"Double Energy","floor":2},{"not_picked":["Skim","Beam Cell"],"picked":"Axe Kick","floor":3},{"not_picked":["Aggregate","FTL"],"picked":"Barrage","floor":5},{"not_picked":["Go for the Eyes","Allocate"],"picked":"Axe Kick","floor":6},{"not_picked":["Capacitor","Sweeping Beam"],"picked":"Multi-Cast","floor":8},{"not_picked":["Steam Power","Sweeping Beam"],"picked":"Streamline","floor":10},{"not_picked":["Hello World","Rebound"],"picked":"Flux Capacitor","floor":11},{"not_picked":["Tempest","Allocate"],"picked":"White Noise","floor":13}],"player_experience":42272,"potions_floor_usage":[3,6,8,10,16,16],"damage_taken":[{"damage":5,"enemies":"Cultist","floor":1,"turns":4},{"damage":11,"enemies":"2 Louse","floor":2,"turns":4},{"damage":0,"enemies":"Small Slimes","floor":3,"turns":3},{"damage":1,"enemies":"2 Fungi Beasts","floor":4,"turns":3},{"damage":7,"enemies":"3 Louse","floor":5,"turns":3},{"damage":17,"enemies":"Exordium Thugs","floor":6,"turns":5},{"damage":21,"enemies":"Lagavulin","floor":8,"turns":5},{"damage":4,"enemies":"Large Slime","floor":10,"turns":4},{"damage":0,"enemies":"Lots of Slimes","floor":11,"turns":1},{"damage":0,"enemies":"Looter","floor":13,"turns":2},{"damage":5,"enemies":"Large Slime","floor":14,"turns":4},{"damage":38,"enemies":"The Guardian","floor":16,"turns":8}],"event_choices":[],"boss_relics":[],"potions_floor_spawned":[1,2,4,6,10,13,14],"seed_played":"8242583464577783811","killed_by":"The Guardian","ascension_level":0,"is_trial":false}