{"gold_per_floor":[111,111,131,142,155,155,53,53,80,90,90,120,135,135,135,240,240,257,257,272,272,288,288,305,338,365,377,289,304,332,348,348,348],"floor_reached":33,"playtime":1529,"items_purged":["Strike_B","Pain"],"score":426,"play_id":"c443bb8d-8053-461f-b4f1-d09ad1e184ba","local_time":"20181115130554","is_ascension_mode":true,"campfire_choices":[{"data":"Recycle","floor":6.0,"key":"SMITH"},{"data":"Dualcast","floor":8.0,"key":"SMITH"},{"data":"Tempest","floor":11.0,"key":"SMITH"},{"floor":15.0,"key":"REST"},{"data":"Fission","floor":23.0,"key":"SMITH"},{"data":"Redo","floor":27.0,"key":"SMITH"},{"data":"Thunder Strike","floor":32.0,"key":"SMITH"}],"neow_cost":"TEN_PERCENT_HP_LOSS","seed_source_timestamp":913213382366,"circlet_count":0,"master_deck":["Strike_B","Strike_B","Defend_B","Defend_B","Defend_B","Zap+1","Dualcast+1","Recycle+1","Thunder Strike+1","Lockon","Tempest+1","Leap","Auto Shields","Ball Lightning","Fission+1","Rebound","Redo+1","Meteor Strike","Stack+1","Aggregate+1","Redo+1","Reinforced Body+1"],"special_seed":0,"relics":["Cracked Core","Pen Nib","Odd Mushroom","Cursed Key","Anchor","MutagenicStrength","Juzu Bracelet","MawBank","PreservedInsect"],"potions_floor_usage":[33,33],"damage_taken":[{"damage":7.0,"enemies":"Jaw Worm","floor":1.0,"turns":3.0},{"damage":6.0,"enemies":"Cultist","floor":3.0,"turns":3.0},{"damage":7.0,"enemies":"Small Slimes","floor":4.0,"turns":3.0},{"damage":7.0,"enemies":"2 Fungi Beasts","floor":5.0,"turns":2.0},{"damage":1.0,"enemies":"Large Slime","floor":10.0,"turns":5.0},{"damage":22.0,"enemies":"The Mushroom Lair","floor":12.0,"turns":4.0},{"damage":13.0,"enemies":"Lots of Slimes","floor":13.0,"turns":3.0},{"damage":11.0,"enemies":"Hexaghost","floor":16.0,"turns":9.0},{"damage":12.0,"enemies":"Shell Parasite","floor":18.0,"turns":4.0},{"damage":0.0,"enemies":"Spheric Guardian","floor":20.0,"turns":2.0},{"damage":13.0,"enemies":"Snecko","floor":22.0,"turns":3.0},{"damage":0.0,"enemies":"Chosen and Byrds","floor":24.0,"turns":2.0},{"damage":0.0,"enemies":"Gremlin Leader","floor":25.0,"turns":4.0},{"damage":9.0,"enemies":"Snake Plant","floor":29.0,"turns":2.0},{"damage":5.0,"enemies":"Slavers","floor":30.0,"turns":4.0},{"damage":2.0,"enemies":"Cultist and Chosen","floor":31.0,"turns":3.0},{"damage":51,"enemies":"Automaton","floor":33,"turns":6}],"seed_played":"8457682292803069314","potions_obtained":[{"floor":1.0,"key":"Ancient Potion"},{"floor":12.0,"key":"Swift Potion"},{"floor":16.0,"key":"Explosive Potion"},{"floor":22.0,"key":"FocusPotion"},{"floor":25.0,"key":"Explosive Potion"},{"floor":30.0,"key":"Ancient Potion"},{"floor":31.0,"key":"Block Potion"}],"is_trial":false,"path_per_floor":["M","?","M","M","M","R","$","R","T","M","R","?","M","?","R","B",null,"M","?","M","?","M","R","M","E","T","R","$","M","E","M","R","B"],"character_chosen":"DEFECT","items_purchased":["Leap"],"campfire_rested":1,"item_purchase_floors":[7],"current_hp_per_floor":[61,61,55,48,41,41,41,41,41,40,40,18,5,5,25,14,55,43,43,43,43,30,30,30,30,30,30,30,21,16,14,14,0],"gold":348,"neow_bonus":"TRANSFORM_TWO_CARDS","is_prod":false,"is_daily":false,"chose_seed":false,"campfire_upgraded":6,"win_rate":0,"timestamp":1542258354,"path_taken":["M","?","?","M","M","R","$","R","T","M","R","?","M","?","R","BOSS","M","?","?","?","M","R","M","E","T","R","?","M","E","M","R","BOSS"],"build_version":"2018-11-08","purchased_purges":2,"victory":false,"max_hp_per_floor":[68,68,68,68,68,68,68,68,68,68,68,68,68,68,68,68,68,68,68,68,68,68,68,68,68,68,68,68,68,68,68,68,68],"card_choices":[{"not_picked":["Steam","Consume"],"picked":"Lockon","floor":1.0},{"not_picked":["Loop","Redo"],"picked":"Tempest","floor":3.0},{"not_picked":["Compile Driver","Storm","Stack"],"picked":"SKIP","floor":4.0},{"not_picked":["Hyperbeam","Barrage","Blizzard"],"picked":"SKIP","floor":5.0},{"not_picked":["Beam Cell","Go for the Eyes"],"picked":"Auto Shields","floor":10.0},{"not_picked":["Auto Shields","Gash"],"picked":"White Noise","floor":12.0},{"not_picked":["Melter","Stack"],"picked":"Ball Lightning","floor":13.0},{"not_picked":["Meteor Strike","Thunder Strike"],"picked":"Fission","floor":16.0},{"not_picked":["Auto Shields","Blizzard"],"picked":"Rebound","floor":18.0},{"not_picked":["Reprogram","Turbo"],"picked":"Redo","floor":20.0},{"not_picked":["Aggregate","Gash+1","Steam"],"picked":"SKIP","floor":22.0},{"not_picked":["Cold Snap","Leap"],"picked":"Meteor Strike","floor":24.0},{"not_picked":["Scrape","Sweeping Beam"],"picked":"Stack+1","floor":25.0},{"not_picked":["Gash","Conserve Battery+1"],"picked":"Aggregate+1","floor":29.0},{"not_picked":["Consume","Rebound+1"],"picked":"Redo+1","floor":30.0},{"not_picked":["White Noise","Turbo+1"],"picked":"Reinforced Body+1","floor":31.0}],"player_experience":437971,"relics_obtained":[{"floor":9.0,"key":"Pen Nib"},{"floor":12.0,"key":"Odd Mushroom"},{"floor":25.0,"key":"Juzu Bracelet"},{"floor":26.0,"key":"MawBank"},{"floor":30.0,"key":"PreservedInsect"}],"event_choices":[{"damage_healed":0.0,"max_hp_gain":0.0,"max_hp_loss":0.0,"gold_gain":0.0,"event_name":"Upgrade Shrine","player_choice":"Upgraded","floor":2.0,"gold_loss":0.0,"damage_taken":0.0,"cards_upgraded":["Zap"]},{"damage_healed":0.0,"max_hp_gain":0.0,"max_hp_loss":0.0,"gold_gain":0.0,"event_name":"Mushrooms","player_choice":"Fought Mushrooms","floor":12.0,"gold_loss":0.0,"damage_taken":0.0},{"damage_healed":0.0,"max_hp_gain":0.0,"max_hp_loss":0.0,"gold_gain":0.0,"event_name":"Golden Wing","player_choice":"Ignored","floor":14.0,"gold_loss":0.0,"damage_taken":0.0},{"cards_removed":["White Noise"],"damage_healed":0.0,"max_hp_gain":0.0,"max_hp_loss":0.0,"gold_gain":0.0,"event_name":"WeMeetAgain","player_choice":"Gave Card","floor":19.0,"gold_loss":0.0,"damage_taken":0.0,"relics_obtained":["Anchor"]},{"damage_healed":0.0,"max_hp_gain":0.0,"max_hp_loss":0.0,"gold_gain":0.0,"event_name":"Drug Dealer","player_choice":"Inject Mutagens","floor":21.0,"gold_loss":0.0,"damage_taken":0.0,"relics_obtained":["MutagenicStrength"]}],"is_beta":false,"boss_relics":[{"not_picked":["Pandora\u0027s Box","Coffee Dripper"],"picked":"Cursed Key"}],"items_purged_floors":[7,28],"is_endless":false,"potions_floor_spawned":[1,12,16,22,25,30,31],"killed_by":"Automaton","ascension_level":8}