{"gold_per_floor":[117,117,82,82,92,92,122,122,122,141,158,181,14,25,25,25],"floor_reached":16,"playtime":259,"items_purged":[],"score":244,"play_id":"c38768a0-4f60-41d9-94f0-8286e1b6e4d9","local_time":"20181104113758","is_ascension_mode":true,"campfire_choices":[{"data":"Streamline","floor":6.0,"key":"SMITH"},{"data":"Sweeping Beam","floor":8.0,"key":"SMITH"},{"data":"Go for the Eyes","floor":15.0,"key":"SMITH"}],"neow_cost":"NONE","seed_source_timestamp":90929737695201,"circlet_count":0,"master_deck":["AscendersBane","Strike_B","Strike_B","Strike_B","Strike_B","Defend_B","Defend_B","Defend_B","Defend_B","Zap","Dualcast","Storm","Streamline+1","Sweeping Beam+1","Go for the Eyes+1","Steam Power","Defragment","Sunder"],"special_seed":0,"relics":["Cracked Core","NeowsBlessing","Shuriken","Dead Branch","Oddly Smooth Stone","Odd Mushroom","Pen Nib"],"potions_floor_usage":[],"damage_taken":[{"damage":0.0,"enemies":"2 Louse","floor":1.0,"turns":1.0},{"damage":0.0,"enemies":"Small Slimes","floor":5.0,"turns":1.0},{"damage":0.0,"enemies":"Gremlin Nob","floor":7.0,"turns":1.0},{"damage":0.0,"enemies":"Jaw Worm","floor":10.0,"turns":3.0},{"damage":20.0,"enemies":"Gremlin Gang","floor":11.0,"turns":3.0},{"damage":9.0,"enemies":"The Mushroom Lair","floor":12.0,"turns":3.0},{"damage":9.0,"enemies":"Exordium Wildlife","floor":14.0,"turns":4.0},{"damage":30,"enemies":"The Guardian","floor":16,"turns":4}],"seed_played":"7110095489415307818","potions_obtained":[{"floor":1.0,"key":"LiquidBronze"},{"floor":14.0,"key":"SteroidPotion"}],"is_trial":false,"path_per_floor":["M","?","?","?","M","R","E","R","T","M","M","?","$","M","R","B"],"character_chosen":"DEFECT","items_purchased":["Pen Nib"],"campfire_rested":0,"item_purchase_floors":[13],"current_hp_per_floor":[64,53,70,70,70,70,70,70,70,70,50,41,41,32,32,2],"gold":25,"neow_bonus":"THREE_ENEMY_KILL","is_prod":false,"is_daily":false,"chose_seed":false,"campfire_upgraded":3,"win_rate":0,"timestamp":1541327878,"path_taken":["M","?","?","?","M","R","E","R","T","M","M","?","$","M","R","BOSS"],"build_version":"2018-11-02","purchased_purges":0,"victory":false,"max_hp_per_floor":[71,71,71,71,71,71,71,71,71,71,71,71,71,71,71,71],"card_choices":[{"not_picked":["FTL","Cold Snap"],"picked":"Storm","floor":1.0},{"not_picked":["Reinforced Body","Compile Driver"],"picked":"Streamline","floor":5.0},{"not_picked":["Darkness","Aggregate"],"picked":"Sweeping Beam","floor":7.0},{"not_picked":["Consume","Doom and Gloom"],"picked":"Go for the Eyes","floor":10.0},{"not_picked":["Turbo","Rainbow"],"picked":"Steam Power","floor":11.0},{"not_picked":["Darkness","Chill"],"picked":"Defragment","floor":12.0},{"not_picked":["Ball Lightning","Turbo"],"picked":"Sunder","floor":14.0}],"player_experience":737661,"relics_obtained":[{"floor":7.0,"key":"Dead Branch"},{"floor":9.0,"key":"Oddly Smooth Stone"},{"floor":12.0,"key":"Odd Mushroom"}],"event_choices":[{"damage_healed":0.0,"max_hp_gain":0.0,"max_hp_loss":0.0,"gold_gain":0.0,"event_name":"Scrap Ooze","player_choice":"Success","floor":2.0,"gold_loss":0.0,"damage_taken":11.0,"relics_obtained":["Shuriken"]},{"damage_healed":17.0,"max_hp_gain":0.0,"max_hp_loss":0.0,"gold_gain":0.0,"event_name":"The Cleric","player_choice":"Healed","floor":3.0,"gold_loss":35.0,"damage_taken":0.0},{"damage_healed":0.0,"max_hp_gain":0.0,"max_hp_loss":0.0,"gold_gain":0.0,"event_name":"Liars Game","player_choice":"Ignored","floor":4.0,"gold_loss":0.0,"damage_taken":0.0},{"damage_healed":0.0,"max_hp_gain":0.0,"max_hp_loss":0.0,"gold_gain":0.0,"event_name":"Mushrooms","player_choice":"Fought Mushrooms","floor":12.0,"gold_loss":0.0,"damage_taken":0.0}],"is_beta":true,"boss_relics":[],"items_purged_floors":[],"is_endless":false,"potions_floor_spawned":[1,14],"killed_by":"The Guardian","ascension_level":19}