{"gold_per_floor":[111,122,132,150,150,150,170,170,195,205,205,205,205,225,225,322,322,338,51,51,61,61,94,94,108,108,127,127,127,157,177,177,177],"floor_reached":33,"playtime":4648,"items_purged":[],"score":303,"play_id":"426b47e8-e484-4dee-87ea-56c1b4ba9a21","local_time":"20180708195856","is_ascension_mode":false,"campfire_choices":[{"floor":6.0,"key":"DIG"},{"floor":8.0,"key":"DIG"},{"floor":11.0,"key":"DIG"},{"floor":13.0,"key":"DIG"},{"floor":15.0,"key":"DIG"},{"data":"Chaos","floor":24.0,"key":"SMITH"},{"floor":28.0,"key":"REST"},{"floor":32,"key":"DIG"}],"neow_cost":"NONE","seed_source_timestamp":0,"circlet_count":0,"master_deck":["Strike_B","Strike_B","Defend_B","Defend_B","Defend_B","Defend_B","Zap","Dualcast","Parasite","Sweeping Beam","Ball Lightning+1","Auto Shields","Cold Snap","Machine Learning","Ball Lightning+1","Electrodynamics","Melter","Self Repair+1","Chaos+1","Defragment","Redo","White Noise","Self Repair+1"],"special_seed":0,"relics":["Calling Bell","Pen Nib","Letter Opener","Shovel","Ancient Tea Set","Bag of Preparation","Dream Catcher","Mango","Spirit Poop","Art of War","Blood Vial","Empty Cage","Torii","Peace Pipe","Pantograph","Strawberry","Whetstone"],"potions_floor_usage":[30,30],"damage_taken":[{"damage":13.0,"enemies":"Cultist","floor":1.0,"turns":5.0},{"damage":6.0,"enemies":"Jaw Worm","floor":2.0,"turns":4.0},{"damage":1.0,"enemies":"2 Louse","floor":3.0,"turns":3.0},{"damage":7.0,"enemies":"Blue Slaver","floor":4.0,"turns":3.0},{"damage":5.0,"enemies":"Lots of Slimes","floor":7.0,"turns":3.0},{"damage":0.0,"enemies":"Looter","floor":10.0,"turns":3.0},{"damage":0.0,"enemies":"Blue Slaver","floor":14.0,"turns":3.0},{"damage":20.0,"enemies":"The Guardian","floor":16.0,"turns":11.0},{"damage":5.0,"enemies":"Chosen","floor":18.0,"turns":4.0},{"damage":0.0,"enemies":"Spheric Guardian","floor":21.0,"turns":3.0},{"damage":51.0,"enemies":"Slavers","floor":23.0,"turns":4.0},{"damage":6.0,"enemies":"Cultist and Chosen","floor":25.0,"turns":5.0},{"damage":16.0,"enemies":"Snake Plant","floor":27.0,"turns":4.0},{"damage":1,"enemies":"Book of Stabbing","floor":30,"turns":5},{"damage":1,"enemies":"Snecko","floor":31,"turns":4},{"damage":126,"enemies":"Champ","floor":33,"turns":10}],"seed_played":"-4228581743816909261","potions_obtained":[{"floor":2.0,"key":"PowerPotion"},{"floor":3.0,"key":"FairyPotion"},{"floor":7.0,"key":"Fire Potion"},{"floor":18.0,"key":"Fire Potion"},{"floor":23.0,"key":"Weak Potion"}],"is_trial":false,"path_per_floor":["M","M","M","M","?","R","M","R","T","M","R","?","R","M","R","B",null,"M","$","?","M","?","E","R","M","T","M","R","?","E","M","R"],"character_chosen":"DEFECT","items_purchased":["Torii"],"campfire_rested":1,"item_purchase_floors":[19],"current_hp_per_floor":[62,56,55,48,48,48,43,43,43,43,57,57,57,57,57,39,89,84,84,84,86,86,47,47,43,43,29,55,38,56,57,57,0],"gold":177,"neow_bonus":"BOSS_RELIC","is_prod":false,"is_daily":false,"chose_seed":false,"campfire_upgraded":1,"win_rate":0,"timestamp":1531051136,"path_taken":["M","M","?","?","?","R","M","R","T","M","R","?","R","M","R","BOSS","M","?","?","M","?","E","R","M","T","M","R","?","E","?","R","BOSS"],"build_version":"2018-07-05","purchased_purges":0,"victory":false,"max_hp_per_floor":[75,75,75,75,75,75,75,75,75,75,89,89,89,89,89,89,89,89,89,89,89,89,89,89,89,89,89,89,94,101,101,101,101],"card_choices":[{"not_picked":["Rebound","Redo"],"picked":"Sweeping Beam","floor":1.0},{"not_picked":["Conserve Battery","Sweeping Beam"],"picked":"Ball Lightning","floor":2.0},{"not_picked":["Force Field","Redo"],"picked":"Auto Shields","floor":3.0},{"not_picked":["Turbo","Rebound"],"picked":"Cold Snap","floor":4.0},{"not_picked":["Go for the Eyes","Steam"],"picked":"Machine Learning","floor":7.0},{"not_picked":["Static Discharge","Steam Power"],"picked":"Ball Lightning","floor":10.0},{"not_picked":["Double Energy","Streamline","Aggregate"],"picked":"SKIP","floor":14.0},{"not_picked":["Core Surge","Fission"],"picked":"Electrodynamics","floor":16.0},{"not_picked":["Barrage","Steam Power"],"picked":"Melter","floor":18.0},{"not_picked":["Genetic Algorithm","Static Discharge"],"picked":"Self Repair+1","floor":21.0},{"not_picked":["Go for the Eyes","Melter"],"picked":"Chaos","floor":23.0},{"not_picked":["Cold Snap","Stack","Static Discharge"],"picked":"SKIP","floor":25.0},{"not_picked":["Aggregate","Sweeping Beam"],"picked":"Defragment","floor":27.0},{"not_picked":["Doom and Gloom+1","Leap"],"picked":"Redo","floor":28.0},{"not_picked":["Glacier","Cold Snap+1"],"picked":"White Noise","floor":30},{"not_picked":["Go for the Eyes","Hello World"],"picked":"Self Repair+1","floor":31}],"player_experience":95049,"relics_obtained":[{"floor":0.0,"key":"Pen Nib"},{"floor":0.0,"key":"Letter Opener"},{"floor":0.0,"key":"Shovel"},{"floor":6.0,"key":"Ancient Tea Set"},{"floor":8.0,"key":"Bag of Preparation"},{"floor":9.0,"key":"Dream Catcher"},{"floor":11.0,"key":"Mango"},{"floor":13.0,"key":"Art of War"},{"floor":15.0,"key":"Blood Vial"},{"floor":23.0,"key":"Peace Pipe"},{"floor":26.0,"key":"Pantograph"},{"floor":30,"key":"Strawberry"},{"floor":32,"key":"Whetstone"}],"event_choices":[{"event_name":"Shining Light","player_choice":"Ignored","floor":5.0,"damage_taken":0.0},{"event_name":"Bonfire Elementals","player_choice":"CURSE","floor":12.0,"damage_taken":0.0},{"event_name":"Vampires","player_choice":"Ignored","floor":20.0,"damage_taken":0.0},{"event_name":"Purifier","player_choice":"One Purge","floor":22.0,"damage_taken":0.0},{"event_name":"Forgotten Altar","player_choice":"Shed Blood","floor":29.0,"damage_taken":0.0}],"boss_relics":[{"not_picked":["Tiny House","Pandora\u0027s Box"],"picked":"Empty Cage"}],"items_purged_floors":[],"is_endless":false,"potions_floor_spawned":[2,3,7,18,23,27],"killed_by":"Champ","ascension_level":0}