{"gold_per_floor":[110,120,45,57,120,145,145,180,204,252,263,263,283,299,299,397,397,413,512,512],"floor_reached":20,"playtime":1351,"items_purged":["Writhe"],"score":248,"play_id":"f41baafb-6f50-475c-98d0-03a5bd4a173d","local_time":"20181107024214","is_ascension_mode":true,"campfire_choices":[{"data":"Well Laid Plans","floor":7.0,"key":"SMITH"},{"data":"Neutralize","floor":12.0,"key":"SMITH"},{"data":"Finisher","floor":15.0,"key":"SMITH"}],"neow_cost":"CURSE","seed_source_timestamp":36188043402358,"circlet_count":0,"master_deck":["Defend_G","Defend_G","Defend_G","Defend_G","Strike_G","Strike_G","Strike_G","Strike_G","Survivor","Neutralize+1","Bullet Time","Predator","Escape Plan","Well Laid Plans+1","Grand Finale","Finisher+1","Night Terror","Escape Plan"],"special_seed":0,"relics":["Ring of the Snake","Bronze Scales","Art of War","Centennial Puzzle","Orichalcum","Empty Cage"],"potions_floor_usage":[18],"damage_taken":[{"damage":2.0,"enemies":"2 Louse","floor":1.0,"turns":3.0},{"damage":0.0,"enemies":"Jaw Worm","floor":2.0,"turns":3.0},{"damage":0.0,"enemies":"Cultist","floor":4.0,"turns":3.0},{"damage":14.0,"enemies":"3 Sentries","floor":6.0,"turns":9.0},{"damage":26.0,"enemies":"Lagavulin","floor":8.0,"turns":7.0},{"damage":0.0,"enemies":"Blue Slaver","floor":11.0,"turns":3.0},{"damage":0.0,"enemies":"Gremlin Gang","floor":13.0,"turns":3.0},{"damage":0.0,"enemies":"3 Louse","floor":14.0,"turns":4.0},{"damage":18.0,"enemies":"Slime Boss","floor":16.0,"turns":5.0},{"damage":5,"enemies":"Shell Parasite","floor":18,"turns":3},{"damage":49,"enemies":"Masked Bandits","floor":20,"turns":3}],"seed_played":"-6421838586082279888","potions_obtained":[{"floor":1.0,"key":"SneckoOil"},{"floor":2.0,"key":"AttackPotion"},{"floor":8.0,"key":"SkillPotion"}],"is_trial":false,"path_per_floor":["M","M","$","M","?","E","R","E","T","T","M","R","M","M","R","B",null,"M","?","?"],"character_chosen":"THE_SILENT","items_purchased":[],"campfire_rested":0,"item_purchase_floors":[],"current_hp_per_floor":[61,61,61,61,61,47,47,21,21,21,21,21,21,21,21,3,53,48,48,0],"gold":512,"neow_bonus":"THREE_RARE_CARDS","is_prod":false,"is_daily":false,"chose_seed":false,"campfire_upgraded":3,"win_rate":0,"timestamp":1541529734,"path_taken":["M","M","$","M","?","E","R","E","T","?","M","R","M","M","R","BOSS","M","?","?"],"build_version":"2018-11-01","purchased_purges":1,"victory":false,"max_hp_per_floor":[70,70,70,70,70,70,70,70,70,70,70,70,70,70,70,70,70,70,70,70],"card_choices":[{"not_picked":["Doppelganger","Night Terror"],"picked":"Bullet Time","floor":0.0},{"not_picked":["Blade Dance","Bane"],"picked":"Predator","floor":1.0},{"not_picked":["Sucker Punch","Accuracy","Outmaneuver"],"picked":"SKIP","floor":2.0},{"not_picked":["Dagger Throw","Outmaneuver"],"picked":"Escape Plan","floor":4.0},{"not_picked":["Slice","Finisher"],"picked":"Well Laid Plans","floor":6.0},{"not_picked":["Prepared","Dagger Throw"],"picked":"Grand Finale","floor":8.0},{"not_picked":["Deadly Poison","Deflect","Backstab"],"picked":"SKIP","floor":11.0},{"not_picked":["Heel Hook","Dagger Throw","Slice"],"picked":"SKIP","floor":13.0},{"not_picked":["Sucker Punch","PiercingWail"],"picked":"Finisher","floor":14.0},{"not_picked":["Envenom","Bullet Time"],"picked":"Night Terror","floor":16.0},{"not_picked":["Prepared","Sucker Punch"],"picked":"Escape Plan","floor":18}],"player_experience":391965,"relics_obtained":[{"floor":6.0,"key":"Bronze Scales"},{"floor":8.0,"key":"Art of War"},{"floor":9.0,"key":"Centennial Puzzle"},{"floor":10.0,"key":"Orichalcum"}],"event_choices":[{"damage_healed":0.0,"max_hp_gain":0.0,"max_hp_loss":0.0,"gold_gain":63.0,"event_name":"Golden Wing","player_choice":"Gained Gold","floor":5.0,"gold_loss":0.0,"damage_taken":0.0},{"damage_healed":0,"gold_gain":99,"player_choice":"Stole From Cult","damage_taken":0,"max_hp_gain":0,"max_hp_loss":0,"event_name":"Nest","floor":19,"gold_loss":0},{"damage_healed":0,"gold_gain":0,"player_choice":"Fought Bandits","damage_taken":0,"max_hp_gain":0,"max_hp_loss":0,"event_name":"Masked Bandits","floor":20,"gold_loss":0}],"is_beta":false,"boss_relics":[{"not_picked":["Runic Dome","Orrery"],"picked":"Empty Cage"}],"items_purged_floors":[3],"is_endless":false,"potions_floor_spawned":[1,2,8],"killed_by":"Masked Bandits","ascension_level":7}