{"gold_per_floor":[114,114,114,139,214,248,248,271,271,291,291,17,31,54,54,148,148,164,164,164,164,7,46,69,89,89,89],"floor_reached":27,"playtime":617,"items_purged":[],"score":516,"play_id":"478ad0a2-5de0-41a3-bcb0-0ec1427c9e81","local_time":"20181206180200","is_ascension_mode":true,"campfire_choices":[{"data":"Bouncing Flask","floor":7.0,"key":"SMITH"},{"floor":11.0,"key":"REST"},{"floor":15.0,"key":"REST"}],"neow_cost":"NONE","seed_source_timestamp":84239485595754,"circlet_count":0,"master_deck":["AscendersBane","Defend_G+1","Defend_G+1","Defend_G+1","Defend_G+1","Defend_G+1","Strike_G+1","Strike_G+1","Strike_G+1","Strike_G+1","Strike_G+1","Survivor","Neutralize","Bouncing Flask+1","Blade Dance","Quick Slash+1","Glass Knife+1","Panache","Blade Dance","Leg Sweep","Malaise","Blur","Footwork","Terror","Leg Sweep+1","Crippling Poison+1"],"special_seed":0,"relics":["Ring of the Snake","NeowsBlessing","Golden Idol","Kunai","Molten Egg 2","WristBlade","Toxic Egg 2","The Courier"],"potions_floor_usage":[23,24,25],"damage_taken":[{"damage":0.0,"enemies":"Cultist","floor":1.0,"turns":1.0},{"damage":0.0,"enemies":"2 Louse","floor":4.0,"turns":1.0},{"damage":0.0,"enemies":"Lagavulin","floor":6.0,"turns":2.0},{"damage":9.0,"enemies":"Small Slimes","floor":8.0,"turns":4.0},{"damage":7.0,"enemies":"Blue Slaver","floor":10.0,"turns":4.0},{"damage":1.0,"enemies":"Exordium Thugs","floor":13.0,"turns":3.0},{"damage":3.0,"enemies":"Large Slime","floor":14.0,"turns":4.0},{"damage":21.0,"enemies":"The Guardian","floor":16.0,"turns":14.0},{"damage":18.0,"enemies":"2 Thieves","floor":18.0,"turns":3.0},{"damage":38,"enemies":"Slavers","floor":23,"turns":6},{"damage":3,"enemies":"Chosen","floor":24,"turns":5},{"damage":18,"enemies":"3 Cultists","floor":25,"turns":5},{"damage":9,"enemies":"Centurion and Healer","floor":27,"turns":3}],"seed_played":"-8858295979176487207","potions_obtained":[{"floor":6.0,"key":"Energy Potion"},{"floor":14.0,"key":"Regen Potion"},{"floor":24,"key":"Strength Potion"}],"is_trial":false,"path_per_floor":["M","?","?","M","?","E","R","M","T","M","R","$","M","M","R","B",null,"M","?","?","?","$","E","M","M","T","M"],"character_chosen":"THE_SILENT","items_purchased":["Glass Knife+1","Panache","Terror","Regen Potion"],"campfire_rested":2,"item_purchase_floors":[12,12,22,22],"current_hp_per_floor":[59,36,36,36,25,25,25,16,16,9,28,28,27,24,43,22,55,37,37,37,37,37,14,25,7,7,0],"gold":89,"neow_bonus":"THREE_ENEMY_KILL","is_prod":false,"is_daily":false,"chose_seed":false,"campfire_upgraded":1,"win_rate":0,"timestamp":1544115720,"path_taken":["M","?","?","M","?","E","R","M","T","M","R","$","M","?","R","BOSS","M","?","?","?","$","E","M","M","T","M"],"build_version":"2018-12-06","purchased_purges":0,"victory":false,"max_hp_per_floor":[66,66,66,66,66,66,66,66,66,66,66,66,66,66,66,66,66,66,66,66,66,66,66,66,66,66,66],"card_choices":[{"not_picked":["Blade Dance","Distraction","Acrobatics"],"picked":"SKIP","floor":1.0},{"not_picked":["Quick Slash","Heel Hook","Prepared"],"picked":"SKIP","floor":4.0},{"not_picked":["Quick Slash","Blade Dance"],"picked":"Bouncing Flask","floor":6.0},{"not_picked":["Cloak And Dagger","Leg Sweep"],"picked":"Blade Dance","floor":8.0},{"not_picked":["Riddle With Holes+1","Concentrate"],"picked":"Quick Slash+1","floor":10.0},{"not_picked":["Calculated Gamble","Dash+1"],"picked":"Blade Dance","floor":13.0},{"not_picked":["Tactician","Slice+1"],"picked":"Leg Sweep","floor":14.0},{"not_picked":["Burst","Grand Finale+1"],"picked":"Malaise","floor":16.0},{"not_picked":["Flying Knee+1","Prepared"],"picked":"Blur","floor":18.0},{"not_picked":["Prepared","Wraith Form v2"],"picked":"Leg Sweep","floor":23},{"not_picked":["Choke+1","Deadly Poison+1"],"picked":"Crippling Poison+1","floor":24},{"not_picked":["Dagger Throw+1","Flying Knee+1","Poisoned Stab+1"],"picked":"SKIP","floor":25}],"player_experience":800012,"relics_obtained":[{"floor":6.0,"key":"Kunai"},{"floor":9.0,"key":"Molten Egg 2"},{"floor":23,"key":"Toxic Egg 2"},{"floor":26,"key":"The Courier"}],"event_choices":[{"damage_healed":0.0,"max_hp_gain":0.0,"max_hp_loss":0.0,"gold_gain":0.0,"event_name":"Golden Idol","player_choice":"Take Damage","floor":2.0,"gold_loss":0.0,"damage_taken":23.0,"relics_obtained":["Golden Idol"]},{"damage_healed":0.0,"max_hp_gain":0.0,"max_hp_loss":0.0,"gold_gain":0.0,"event_name":"Shining Light","player_choice":"Ignored","floor":3.0,"gold_loss":0.0,"damage_taken":0.0},{"damage_healed":0.0,"max_hp_gain":0.0,"max_hp_loss":0.0,"gold_gain":75.0,"event_name":"World of Goop","player_choice":"Gather Gold","floor":5.0,"gold_loss":0.0,"damage_taken":11.0},{"damage_healed":0.0,"max_hp_gain":0.0,"max_hp_loss":0.0,"gold_gain":0.0,"event_name":"Back to Basics","player_choice":"Simplicity","floor":19.0,"gold_loss":0.0,"damage_taken":0.0,"cards_upgraded":["Defend_G","Defend_G","Defend_G","Defend_G","Defend_G","Strike_G","Strike_G","Strike_G","Strike_G","Strike_G"]},{"damage_healed":0,"gold_gain":0,"player_choice":"Ignored","damage_taken":0,"max_hp_gain":0,"max_hp_loss":0,"event_name":"Cursed Tome","floor":20,"gold_loss":0},{"damage_healed":0,"gold_gain":0,"player_choice":"Read","damage_taken":0,"max_hp_gain":0,"max_hp_loss":0,"event_name":"The Library","floor":21,"gold_loss":0,"cards_obtained":["Footwork"]}],"is_beta":true,"boss_relics":[{"not_picked":["Eternal Feather","Busted Crown"],"picked":"WristBlade"}],"items_purged_floors":[],"is_endless":false,"potions_floor_spawned":[6,14,24],"killed_by":"Centurion and Healer","ascension_level":20}