{"gold_per_floor":[413,588,588,601,83,118,148,148],"floor_reached":8,"playtime":503,"items_purged":["Pain"],"score":57,"play_id":"d9d69b6d-9e87-447b-a4d9-5ce5f6078783","local_time":"20180715194009","is_ascension_mode":true,"campfire_choices":[],"neow_cost":"NONE","seed_source_timestamp":504747014264,"circlet_count":0,"master_deck":["Defend_G","Defend_G","Defend_G","Defend_G","Defend_G+1","Strike_G","Strike_G","Strike_G","Strike_G","Strike_G","Survivor+1","Neutralize","Doubt","Parasite","Terror","Doubt","Prepared"],"special_seed":0,"relics":["Calling Bell","Old Coin","Kunai","War Paint","Gremlin Horn","Singing Bowl","TheAbacus","Letter Opener","Calipers"],"potions_floor_usage":[],"damage_taken":[{"damage":2.0,"enemies":"2 Louse","floor":1.0,"turns":4.0},{"damage":2.0,"enemies":"Jaw Worm","floor":4.0,"turns":6.0},{"damage":13.0,"enemies":"3 Sentries","floor":6.0,"turns":14.0},{"damage":0,"enemies":"Gremlin Nob","floor":8,"turns":1}],"seed_played":"-4613560587642137532","potions_obtained":[{"floor":1.0,"key":"GamblersBrew"},{"floor":4.0,"key":"Explosive Potion"},{"floor":6.0,"key":"Dexterity Potion"}],"is_trial":false,"path_per_floor":["M","?","?","M","$","E","?"],"character_chosen":"THE_SILENT","items_purchased":["Singing Bowl","TheAbacus"],"campfire_rested":0,"item_purchase_floors":[5,5],"current_hp_per_floor":[68,68,65,63,63,50,50,50],"gold":148,"neow_bonus":"BOSS_RELIC","is_prod":false,"is_daily":false,"chose_seed":false,"campfire_upgraded":0,"win_rate":0,"timestamp":1531654809,"path_taken":["M","?","?","M","?","E","?","E"],"build_version":"2018-07-12","purchased_purges":1,"victory":false,"max_hp_per_floor":[70,70,70,70,70,70,70,70],"card_choices":[{"not_picked":["Sucker Punch","Quick Slash"],"picked":"Terror","floor":1.0},{"not_picked":["Poisoned Stab","Underhanded Strike","Footwork"],"picked":"SKIP","floor":4.0},{"not_picked":["Dagger Spray","Expertise"],"picked":"Prepared","floor":6.0}],"player_experience":127219,"relics_obtained":[{"floor":0.0,"key":"Old Coin"},{"floor":0.0,"key":"Kunai"},{"floor":0.0,"key":"War Paint"},{"floor":6.0,"key":"Letter Opener"}],"event_choices":[{"event_name":"Liars Game","player_choice":"agreed","floor":2.0,"damage_taken":0.0},{"event_name":"Scrap Ooze","player_choice":"success","floor":3.0,"damage_taken":3.0},{"event_name":"Dead Adventurer","player_choice":"Searched \u00272\u0027 times","floor":7.0,"damage_taken":0.0}],"boss_relics":[],"items_purged_floors":[5],"is_endless":false,"potions_floor_spawned":[1,4,6],"killed_by":"Gremlin Nob","ascension_level":1}