{"gold_per_floor":[119,119,134,59,59,59,94,94,119,135,154,154,178,178,178,306,306,325,23,23,23,48,48,48],"floor_reached":24,"playtime":862,"items_purged":["Strike_G","Strike_G"],"score":291,"play_id":"fa5b2c01-f5c1-4e0d-8b95-314e3fc8830d","local_time":"20191021220106","is_ascension_mode":true,"campfire_choices":[{"data":"Neutralize","floor":6.0,"key":"SMITH"},{"data":"Noxious Fumes","floor":8.0,"key":"SMITH"},{"data":"Noxious Fumes","floor":12,"key":"SMITH"},{"floor":15,"key":"REST"},{"data":"Noxious Fumes","floor":23,"key":"SMITH"}],"neow_cost":"NONE","seed_source_timestamp":5629494375728,"circlet_count":0,"master_deck":["AscendersBane","Defend_G","Defend_G","Defend_G","Defend_G","Defend_G","Survivor","Neutralize+1","Noxious Fumes+1","Noxious Fumes+1","Noxious Fumes+1","Sucker Punch","Dagger Spray","Dodge and Roll","Neutralize","Madness","Adrenaline","Dodge and Roll","Infinite Blades","Outmaneuver","Escape Plan+1"],"special_seed":0,"relics":["Ring of the Snake","Golden Idol","Potion Belt","Smiling Mask","SlaversCollar","Mummified Hand"],"potions_floor_usage":[22],"damage_taken":[{"damage":7.0,"enemies":"Jaw Worm","floor":1.0,"turns":5.0},{"damage":3.0,"enemies":"2 Louse","floor":3.0,"turns":4.0},{"damage":36.0,"enemies":"Gremlin Nob","floor":7.0,"turns":6.0},{"damage":1.0,"enemies":"Small Slimes","floor":10.0,"turns":4.0},{"damage":3,"enemies":"Looter","floor":11,"turns":4},{"damage":3,"enemies":"2 Fungi Beasts","floor":13,"turns":3},{"damage":29,"enemies":"Slime Boss","floor":16,"turns":10},{"damage":13,"enemies":"3 Byrds","floor":18,"turns":5},{"damage":6,"enemies":"Shell Parasite","floor":22,"turns":7},{"damage":41,"enemies":"Book of Stabbing","floor":24,"turns":5}],"seed_played":"-1086408749586140011","potions_obtained":[{"floor":3.0,"key":"Block Potion"},{"floor":11,"key":"SteroidPotion"},{"floor":16,"key":"Energy Potion"}],"is_trial":false,"path_per_floor":["M","?","M","$","?","R","E","R","T","M","M","R","M","?","R","B",null,"M","$","?","$","M","R","E"],"character_chosen":"THE_SILENT","items_purchased":["Mummified Hand"],"campfire_rested":1,"item_purchase_floors":[19],"current_hp_per_floor":[63,63,60,60,53,53,17,17,17,16,13,13,10,10,31,2,54,41,41,41,41,35,35,0],"gold":48,"neow_bonus":"TEN_PERCENT_HP_BONUS","is_prod":false,"is_daily":false,"chose_seed":false,"campfire_upgraded":4,"win_rate":0,"timestamp":1571662866,"path_taken":["M","?","M","$","?","R","E","R","T","M","M","R","M","?","R","BOSS","M","?","?","$","M","R","E"],"build_version":"2019-10-18","purchased_purges":2,"victory":false,"max_hp_per_floor":[77,71,71,71,71,71,71,71,71,71,71,71,71,71,71,71,71,71,71,71,71,71,71,71],"card_choices":[{"not_picked":["Deflect","Masterful Stab"],"picked":"Noxious Fumes","floor":1.0},{"not_picked":["Blade Dance","Slice"],"picked":"Noxious Fumes","floor":3.0},{"not_picked":["Choke","Tactician"],"picked":"Noxious Fumes","floor":7.0},{"not_picked":["Flying Knee","Endless Agony"],"picked":"Sucker Punch","floor":10.0},{"not_picked":["Tools of the Trade","Finisher"],"picked":"Dagger Spray","floor":11},{"not_picked":["Skewer","Predator"],"picked":"Dodge and Roll","floor":13},{"not_picked":["Doppelganger","Die Die Die"],"picked":"Adrenaline","floor":16},{"not_picked":["Tactician","Heel Hook"],"picked":"Dodge and Roll","floor":18},{"not_picked":["Calculated Gamble","Slice"],"picked":"Escape Plan+1","floor":22}],"player_experience":619114,"relics_obtained":[{"floor":7.0,"key":"Potion Belt"},{"floor":9.0,"key":"Smiling Mask"}],"event_choices":[{"damage_healed":0.0,"max_hp_gain":0.0,"max_hp_loss":6.0,"gold_gain":0.0,"event_name":"Golden Idol","player_choice":"Lose Max HP","floor":2.0,"gold_loss":0.0,"damage_taken":0.0,"relics_obtained":["Golden Idol"]},{"cards_removed":["Strike_G"],"damage_healed":0.0,"max_hp_gain":0.0,"max_hp_loss":0.0,"gold_gain":0.0,"event_name":"Golden Wing","player_choice":"Card Removal","floor":5.0,"gold_loss":0.0,"damage_taken":7.0},{"damage_healed":0,"gold_gain":0,"player_choice":"2 cards matched","damage_taken":0,"max_hp_gain":0,"max_hp_loss":0,"event_name":"Match and Keep!","floor":14,"gold_loss":0,"cards_obtained":["Neutralize","Madness"]},{"damage_healed":0,"gold_gain":0,"cards_transformed":["Strike_G","Strike_G"],"player_choice":"Became Test Subject","damage_taken":0,"max_hp_gain":0,"max_hp_loss":0,"event_name":"Drug Dealer","floor":20,"gold_loss":0,"cards_obtained":["Infinite Blades","Outmaneuver"]}],"is_beta":true,"boss_relics":[{"not_picked":["HoveringKite","Pandora\u0027s Box"],"picked":"SlaversCollar"}],"items_purged_floors":[4,19],"is_endless":false,"potions_floor_spawned":[3,11,16],"killed_by":"Book of Stabbing","ascension_level":10}