{"gold_per_floor":[117,129,129,147,37,63,63,92,117,147,162,162,178,205,205,278,278,294,20,20,31,31,31,50,68,145,177,177,9,9,28,28,101,101,114,114,114,34,57,86,86,119,194,221,235,235,262,18,18,18],"floor_reached":51,"playtime":3218,"items_purged":["Strike_B","Strike_B"],"score":1400,"play_id":"ec7ee54b-ac16-430a-bcaa-87036a39461a","local_time":"20180828221430","is_ascension_mode":true,"campfire_choices":[{"data":"Zap","floor":7.0,"key":"SMITH"},{"floor":12.0,"key":"REST"},{"data":"Creative AI","floor":15.0,"key":"SMITH"},{"data":"Buffer","floor":23.0,"key":"SMITH"},{"data":"Self Repair","floor":28.0,"key":"SMITH"},{"data":"Double Energy","floor":30.0,"key":"SMITH"},{"data":"Strike_B","floor":32.0,"key":"PURGE"},{"floor":41,"key":"REST"},{"floor":46,"key":"REST"},{"data":"Amplify","floor":49,"key":"SMITH"}],"neow_cost":"NONE","seed_source_timestamp":217780230890546,"circlet_count":0,"master_deck":["Defend_B","Defend_B","Defend_B","Defend_B","Zap+1","Dualcast","AscendersBane","Ball Lightning","Sunder","Coolheaded","Self Repair+1","Storm","Heatsinks","Force Field+1","Steam","Creative AI+1","Storm","Buffer+1","Double Energy+1","Conserve Battery","Creative AI+1","Necronomicurse","Skim+1","Cold Snap","Multi-Cast","Turbo+1","Apotheosis","Amplify+1"],"special_seed":0,"relics":["Cracked Core","Strawberry","DataDisk","Vajra","Peace Pipe","Ice Cream","Busted Crown","Mummified Hand","Necronomicon","The Courier","Frozen Egg 2","Lee\u0027s Waffle","Inserter","Bag of Marbles","Art of War","Dodecahedron","War Paint","Letter Opener","Bag of Preparation","Meat on the Bone","Incense Burner"],"potions_floor_usage":[42,50],"damage_taken":[{"damage":4.0,"enemies":"2 Louse","floor":1.0,"turns":3.0},{"damage":0.0,"enemies":"Cultist","floor":2.0,"turns":3.0},{"damage":0.0,"enemies":"Small Slimes","floor":4.0,"turns":2.0},{"damage":25.0,"enemies":"Lagavulin","floor":6.0,"turns":6.0},{"damage":18.0,"enemies":"3 Sentries","floor":8.0,"turns":5.0},{"damage":12.0,"enemies":"Lagavulin","floor":10.0,"turns":7.0},{"damage":6.0,"enemies":"Looter","floor":11.0,"turns":2.0},{"damage":5.0,"enemies":"Blue Slaver","floor":13.0,"turns":4.0},{"damage":20.0,"enemies":"Gremlin Nob","floor":14.0,"turns":4.0},{"damage":10.0,"enemies":"The Guardian","floor":16.0,"turns":6.0},{"damage":0.0,"enemies":"Spheric Guardian","floor":18.0,"turns":4.0},{"damage":6.0,"enemies":"3 Byrds","floor":21.0,"turns":3.0},{"damage":26.0,"enemies":"Centurion and Healer","floor":24.0,"turns":9.0},{"damage":14.0,"enemies":"Shelled Parasite and Fungi","floor":25.0,"turns":3.0},{"damage":21.0,"enemies":"Slavers","floor":27.0,"turns":4.0},{"damage":0.0,"enemies":"3 Cultists","floor":31.0,"turns":4.0},{"damage":22.0,"enemies":"Champ","floor":33.0,"turns":7.0},{"damage":0,"enemies":"Orb Walker","floor":35,"turns":3},{"damage":19,"enemies":"2 Orb Walkers","floor":40,"turns":3},{"damage":26,"enemies":"Nemesis","floor":42,"turns":5},{"damage":24,"enemies":"2 Orb Walkers","floor":44,"turns":5},{"damage":0,"enemies":"3 Shapes","floor":45,"turns":4},{"damage":0,"enemies":"Nemesis","floor":47,"turns":3},{"damage":65,"enemies":"Awakened One","floor":50,"turns":6}],"seed_played":"7758074630965078151","potions_obtained":[{"floor":1.0,"key":"Strength Potion"},{"floor":2.0,"key":"Fire Potion"},{"floor":8.0,"key":"SteroidPotion"},{"floor":10.0,"key":"Regen Potion"},{"floor":24.0,"key":"Ancient Potion"},{"floor":27.0,"key":"FocusPotion"},{"floor":31.0,"key":"EssenceOfSteel"},{"floor":47,"key":"LiquidBronze"}],"is_trial":false,"path_per_floor":["M","M","?","M","$","E","R","E","T","E","M","R","M","E","R","B",null,"M","$","?","M","?","R","M","M","T","E","R","$","R","M","R","B",null,"M","T","?","$","T","E","R","E","T","E","M","R","E","$","R","B"],"character_chosen":"DEFECT","items_purchased":["Storm","Mummified Hand","Conserve Battery","Lee\u0027s Waffle","Incense Burner"],"campfire_rested":3,"item_purchase_floors":[5,19,19,29,48],"current_hp_per_floor":[60,60,60,60,60,49,49,38,38,33,27,50,52,32,32,29,66,66,66,66,67,51,51,47,40,40,33,33,85,85,85,85,73,82,85,85,75,75,75,66,85,69,69,55,65,85,85,85,85,42],"gold":18,"neow_bonus":"THREE_CARDS","is_prod":false,"is_daily":false,"chose_seed":false,"campfire_upgraded":6,"win_rate":0,"timestamp":1535487270,"path_taken":["M","M","?","M","$","E","R","E","T","E","M","R","M","E","R","BOSS","M","?","?","M","?","R","?","M","T","E","R","$","R","M","R","BOSS","M","?","?","?","?","E","R","E","T","E","M","R","E","$","R","BOSS"],"build_version":"2018-08-27","purchased_purges":2,"victory":true,"max_hp_per_floor":[71,71,71,71,71,78,78,78,78,78,78,78,78,78,78,78,78,78,78,78,78,78,78,78,78,78,78,78,85,85,85,85,85,85,85,85,85,85,85,85,85,85,85,85,85,85,85,85,85,85],"card_choices":[{"not_picked":["Chaos","Coolheaded"],"picked":"Ball Lightning","floor":0.0},{"not_picked":["Storm","Turbo"],"picked":"Sunder","floor":1.0},{"not_picked":["Compile Driver","Redo"],"picked":"Coolheaded","floor":2.0},{"not_picked":["Melter","Stack"],"picked":"Self Repair","floor":4.0},{"not_picked":["Chaos","Hologram"],"picked":"Heatsinks","floor":6.0},{"not_picked":["Cold Snap","Go for the Eyes"],"picked":"Force Field","floor":8.0},{"not_picked":["Rip and Tear","Heatsinks","FTL"],"picked":"SKIP","floor":10.0},{"not_picked":["Barrage","Undo"],"picked":"Steam","floor":11.0},{"not_picked":["Stack","Sweeping Beam"],"picked":"Creative AI","floor":13.0},{"not_picked":["Biased Cognition","Consume"],"picked":"Storm","floor":14.0},{"not_picked":["Hyperbeam","Biased Cognition"],"picked":"Buffer","floor":16.0},{"not_picked":[],"picked":"Double Energy","floor":18.0},{"not_picked":["Steam Power"],"picked":"SKIP","floor":21.0},{"not_picked":[],"picked":"Skim","floor":24.0},{"not_picked":["Leap"],"picked":"SKIP","floor":25.0},{"not_picked":[],"picked":"Cold Snap","floor":27.0},{"not_picked":["Redo"],"picked":"SKIP","floor":31.0},{"not_picked":[],"picked":"Multi-Cast","floor":33.0},{"not_picked":["Turbo+1"],"picked":"SKIP","floor":35},{"not_picked":[],"picked":"Turbo+1","floor":35},{"not_picked":[],"picked":"Apotheosis","floor":37},{"not_picked":["Rebound"],"picked":"SKIP","floor":40},{"not_picked":[],"picked":"Amplify","floor":42},{"not_picked":["Cold Snap"],"picked":"SKIP","floor":44},{"not_picked":["Redo"],"picked":"SKIP","floor":45},{"not_picked":["Go for the Eyes"],"picked":"SKIP","floor":47}],"player_experience":574103,"relics_obtained":[{"floor":6.0,"key":"Strawberry"},{"floor":8.0,"key":"DataDisk"},{"floor":9.0,"key":"Vajra"},{"floor":10.0,"key":"Peace Pipe"},{"floor":14.0,"key":"Ice Cream"},{"floor":22.0,"key":"Necronomicon"},{"floor":26.0,"key":"The Courier"},{"floor":27.0,"key":"Frozen Egg 2"},{"floor":36,"key":"Bag of Marbles"},{"floor":39,"key":"Art of War"},{"floor":40,"key":"Dodecahedron"},{"floor":42,"key":"War Paint"},{"floor":43,"key":"Letter Opener"},{"floor":44,"key":"Bag of Preparation"},{"floor":47,"key":"Meat on the Bone"}],"event_choices":[{"event_name":"Purifier","player_choice":"One Purge","floor":3.0,"damage_taken":0.0},{"event_name":"Duplicator","player_choice":"One dupe","floor":20.0,"damage_taken":0.0},{"event_name":"Cursed Tome","player_choice":"Obtained Book","floor":22.0,"damage_taken":0.0},{"event_name":"SensoryStone","player_choice":"Memory 3","floor":37,"damage_taken":0}],"is_beta":true,"boss_relics":[{"not_picked":["Astrolabe","Sozu"],"picked":"Busted Crown"},{"not_picked":["Calling Bell","Empty Cage"],"picked":"Inserter"}],"items_purged_floors":[5,38],"is_endless":false,"potions_floor_spawned":[1,2,6,8,10,14,24,27,31,47],"ascension_level":14}