{"gold_per_floor":[114,114,124,124,4,30,30,61,86,112,141,153,178,203,215,322,334,358,68,68,57,57,57,83,83,83,83,117,129,229,239,239,334,334,354,34,34,34,53,82,82,82,82,82,101,323,101,113,113,113,113,113,113,146,146],"floor_reached":55,"playtime":1908,"items_purged":["Pain","Strike_R","Strike_R"],"score":786,"play_id":"37296228-ff66-434f-8f93-8775e0eafaa7","local_time":"20181204201047","is_ascension_mode":false,"campfire_choices":[{"data":"Shrug It Off","floor":7.0,"key":"SMITH"},{"floor":15.0,"key":"REST"},{"data":"Offering","floor":23.0,"key":"SMITH"},{"data":"Juggernaut","floor":25.0,"key":"SMITH"},{"data":"Juggernaut","floor":27.0,"key":"SMITH"},{"floor":32.0,"key":"REST"},{"data":"Entrench","floor":42.0,"key":"SMITH"},{"floor":44.0,"key":"RECALL"},{"data":"Body Slam","floor":49,"key":"SMITH"},{"data":"Impervious","floor":52,"key":"SMITH"}],"neow_cost":"NONE","seed_source_timestamp":0,"circlet_count":0,"master_deck":["Strike_R","Defend_R","Defend_R","Defend_R","Defend_R","Bash","Flame Barrier+1","Armaments+1","Shrug It Off+1","Juggernaut+1","Juggernaut+1","Entrench+1","Offering+1","Entrench+1","Metallicize+1","Shrug It Off","Impervious+1","Metallicize+1","Ghostly Armor","Body Slam+1","Rage+1"],"special_seed":0,"relics":["Burning Blood","WarpedTongs","War Paint","Omamori","Bag of Marbles","MawBank","Orichalcum","Sozu","Prayer Wheel","Frozen Egg 2","Anchor","Red Mask","The Courier","StoneCalendar","Dodecahedron","Lizard Tail","Magic Flower","Pen Nib","Darkstone Periapt","PreservedInsect","Turnip"],"potions_floor_usage":[],"damage_taken":[{"damage":11.0,"enemies":"Jaw Worm","floor":1.0,"turns":3.0},{"damage":2.0,"enemies":"2 Louse","floor":3.0,"turns":4.0},{"damage":0.0,"enemies":"Gremlin Nob","floor":6.0,"turns":3.0},{"damage":6.0,"enemies":"3 Sentries","floor":8.0,"turns":10.0},{"damage":38.0,"enemies":"Gremlin Nob","floor":10.0,"turns":6.0},{"damage":6.0,"enemies":"Cultist","floor":11.0,"turns":4.0},{"damage":12.0,"enemies":"Exordium Wildlife","floor":13.0,"turns":7.0},{"damage":1.0,"enemies":"2 Fungi Beasts","floor":14.0,"turns":4.0},{"damage":31.0,"enemies":"The Guardian","floor":16.0,"turns":11.0},{"damage":11.0,"enemies":"Spheric Guardian","floor":18.0,"turns":4.0},{"damage":6.0,"enemies":"2 Thieves","floor":21.0,"turns":4.0},{"damage":11.0,"enemies":"Masked Bandits","floor":24.0,"turns":5.0},{"damage":8.0,"enemies":"Gremlin Leader","floor":28.0,"turns":7.0},{"damage":6.0,"enemies":"Snake Plant","floor":29.0,"turns":3.0},{"damage":0.0,"enemies":"Colosseum Slavers","floor":30.0,"turns":3.0},{"damage":47.0,"enemies":"Colosseum Nobs","floor":30.0,"turns":5.0},{"damage":0.0,"enemies":"Snecko","floor":31.0,"turns":4.0},{"damage":25.0,"enemies":"Collector","floor":33.0,"turns":7.0},{"damage":8.0,"enemies":"3 Darklings","floor":35.0,"turns":6.0},{"damage":0.0,"enemies":"3 Shapes","floor":39.0,"turns":6.0},{"damage":11.0,"enemies":"Giant Head","floor":40.0,"turns":9.0},{"damage":6.0,"enemies":"Jaw Worm Horde","floor":45.0,"turns":5.0},{"damage":23,"enemies":"4 Shapes","floor":48,"turns":5},{"damage":32,"enemies":"Awakened One","floor":50,"turns":12},{"damage":16,"enemies":"Shield and Spear","floor":54,"turns":5},{"damage":166,"enemies":"The Heart","floor":55,"turns":11}],"seed_played":"6353573920531180714","potions_obtained":[{"floor":1.0,"key":"AttackPotion"},{"floor":3.0,"key":"SteroidPotion"},{"floor":11.0,"key":"PowerPotion"},{"floor":14.0,"key":"Block Potion"}],"is_trial":false,"path_per_floor":["M","?","M","?","$","E","R","E","T","E","M","?","M","M","R","B",null,"M","$","?","M","?","R","?","R","T","R","E","M","?","M","R","B",null,"M","$","?","?","M","E","$","R","T","R","M","?","$","M","R","B",null,"R","$","E","B"],"character_chosen":"IRONCLAD","items_purchased":["Shrug It Off","Prayer Wheel","Magic Flower","PreservedInsect"],"campfire_rested":2,"item_purchase_floors":[5,19,36,47],"current_hp_per_floor":[83,76,80,80,80,86,86,86,86,54,54,47,41,46,72,47,88,83,83,83,83,83,83,78,78,78,78,76,76,41,47,73,54,88,86,86,84,84,84,82,82,82,82,82,84,84,84,70,70,47,84,84,84,77,0],"gold":146,"neow_bonus":"TEN_PERCENT_HP_BONUS","is_prod":false,"is_daily":false,"chose_seed":false,"campfire_upgraded":7,"win_rate":0,"timestamp":1543950647,"path_taken":["M","?","M","?","$","E","R","E","T","E","?","?","M","M","R","BOSS","M","$","?","M","?","R","?","R","T","R","E","M","?","?","R","BOSS","M","$","?","?","M","E","$","R","T","R","M","?","$","M","R","BOSS","R","$","E","BOSS"],"build_version":"2018-12-4","purchased_purges":3,"victory":false,"max_hp_per_floor":[88,88,88,88,88,88,88,88,88,88,88,88,88,88,88,88,88,88,88,88,88,88,88,88,88,88,88,88,88,88,88,88,88,88,88,88,84,84,84,84,84,84,84,84,84,84,84,84,84,84,84,84,84,84,84],"card_choices":[{"not_picked":["Disarm","Fire Breathing"],"picked":"Flame Barrier","floor":1.0},{"not_picked":["Headbutt","Perfected Strike"],"picked":"Armaments","floor":3.0},{"not_picked":["Reckless Charge","Cleave","Anger"],"picked":"SKIP","floor":6.0},{"not_picked":["Clash","Armaments"],"picked":"Juggernaut","floor":8.0},{"not_picked":["Flex","Clothesline"],"picked":"Juggernaut","floor":10.0},{"not_picked":["Evolve","Rupture"],"picked":"Entrench","floor":11.0},{"not_picked":["Headbutt","Havoc","Carnage"],"picked":"SKIP","floor":13.0},{"not_picked":["Burning Pact","Armaments","Bloodletting"],"picked":"SKIP","floor":14.0},{"not_picked":["Immolate","Bludgeon"],"picked":"Offering","floor":16.0},{"not_picked":["Heavy Blade","Clothesline","Warcry"],"picked":"SKIP","floor":18.0},{"not_picked":["Second Wind","Perfected Strike"],"picked":"Entrench+1","floor":21.0},{"not_picked":["Headbutt+1","Demon Form+1","Warcry"],"picked":"SKIP","floor":21.0},{"not_picked":["Cleave","True Grit+1","Brutality+1"],"picked":"SKIP","floor":28.0},{"not_picked":["Combust+1","Iron Wave"],"picked":"Metallicize+1","floor":29.0},{"not_picked":["Sword Boomerang+1","True Grit","Shockwave"],"picked":"SKIP","floor":29.0},{"not_picked":["Clothesline","Shockwave"],"picked":"Shrug It Off","floor":30.0},{"not_picked":["Dual Wield+1","Pommel Strike+1","Combust+1"],"picked":"SKIP","floor":31.0},{"not_picked":["Warcry+1","Armaments+1","Heavy Blade"],"picked":"SKIP","floor":31.0},{"not_picked":["Fiend Fire","Feed"],"picked":"Impervious","floor":33.0},{"not_picked":["Entrench","Cleave"],"picked":"Metallicize+1","floor":35.0},{"not_picked":["Anger","Heavy Blade+1"],"picked":"Ghostly Armor","floor":35.0},{"not_picked":["Shrug It Off","Headbutt","Infernal Blade+1"],"picked":"SKIP","floor":39.0},{"not_picked":["Havoc+1","Twin Strike","Second Wind+1"],"picked":"SKIP","floor":39.0},{"not_picked":["Dual Wield+1","Thunderclap","Pummel"],"picked":"SKIP","floor":40.0},{"not_picked":["Havoc+1","True Grit"],"picked":"Body Slam","floor":45.0},{"not_picked":["Offering","Headbutt","True Grit"],"picked":"SKIP","floor":45.0},{"not_picked":["Headbutt","Feel No Pain+1","Warcry"],"picked":"SKIP","floor":48},{"not_picked":["Uppercut+1","Heavy Blade+1","True Grit"],"picked":"SKIP","floor":48},{"not_picked":["Clash","Second Wind"],"picked":"Rage+1","floor":54}],"player_experience":790545,"relics_obtained":[{"floor":6.0,"key":"War Paint"},{"floor":8.0,"key":"Omamori"},{"floor":9.0,"key":"Bag of Marbles"},{"floor":10.0,"key":"MawBank"},{"floor":24.0,"key":"Red Mask"},{"floor":28.0,"key":"The Courier"},{"floor":30.0,"key":"StoneCalendar"},{"floor":30.0,"key":"Dodecahedron"},{"floor":40.0,"key":"Pen Nib"},{"floor":43.0,"key":"Darkstone Periapt"},{"floor":54,"key":"Turnip"}],"event_choices":[{"cards_removed":["Strike_R"],"damage_healed":0.0,"max_hp_gain":0.0,"max_hp_loss":0.0,"gold_gain":0.0,"event_name":"Golden Wing","player_choice":"Card Removal","floor":2.0,"gold_loss":0.0,"damage_taken":7.0},{"damage_healed":0.0,"max_hp_gain":0.0,"max_hp_loss":0.0,"gold_gain":0.0,"event_name":"Accursed Blacksmith","player_choice":"Rummage","floor":4.0,"gold_loss":0.0,"damage_taken":0.0,"relics_obtained":["WarpedTongs"],"cards_obtained":["Pain"]},{"damage_healed":0.0,"max_hp_gain":0.0,"max_hp_loss":0.0,"gold_gain":0.0,"event_name":"Scrap Ooze","player_choice":"Success","floor":12.0,"gold_loss":0.0,"damage_taken":7.0,"relics_obtained":["Orichalcum"]},{"damage_healed":0.0,"max_hp_gain":0.0,"max_hp_loss":0.0,"gold_gain":0.0,"event_name":"The Mausoleum","player_choice":"Opened","floor":20.0,"gold_loss":0.0,"damage_taken":0.0,"relics_obtained":["Frozen Egg 2"],"cards_obtained":["Writhe"]},{"damage_healed":0.0,"max_hp_gain":0.0,"max_hp_loss":0.0,"gold_gain":0.0,"event_name":"Addict","player_choice":"Stole Relic","floor":22.0,"gold_loss":0.0,"damage_taken":0.0,"relics_obtained":["Anchor"],"cards_obtained":["Shame"]},{"damage_healed":0.0,"max_hp_gain":0.0,"max_hp_loss":0.0,"gold_gain":0.0,"event_name":"Masked Bandits","player_choice":"Fought Bandits","floor":24.0,"gold_loss":0.0,"damage_taken":0.0},{"damage_healed":0.0,"max_hp_gain":0.0,"max_hp_loss":0.0,"gold_gain":0.0,"event_name":"Colosseum","player_choice":"Fight","floor":30.0,"gold_loss":0.0,"damage_taken":0.0},{"damage_healed":0.0,"max_hp_gain":0.0,"max_hp_loss":0.0,"gold_gain":0.0,"event_name":"Colosseum","player_choice":"Fought Nobs","floor":30.0,"gold_loss":0.0,"damage_taken":0.0},{"damage_healed":0.0,"max_hp_gain":0.0,"max_hp_loss":4.0,"gold_gain":0.0,"event_name":"Winding Halls","player_choice":"Max HP","floor":37.0,"gold_loss":0.0,"damage_taken":0.0},{"cards_removed":["Strike_R"],"damage_healed":0.0,"max_hp_gain":0.0,"max_hp_loss":0.0,"gold_gain":0.0,"event_name":"Falling","player_choice":"Removed Attack","floor":38.0,"gold_loss":0.0,"damage_taken":0.0},{"damage_healed":0.0,"max_hp_gain":0.0,"max_hp_loss":0.0,"gold_gain":222.0,"event_name":"Tomb of Lord Red Mask","player_choice":"Wore Mask","floor":46.0,"gold_loss":0.0,"damage_taken":0.0}],"is_beta":true,"boss_relics":[{"not_picked":["Astrolabe","Ectoplasm"],"picked":"Sozu"},{"not_picked":["White Beast Statue","Runic Dome"],"picked":"Lizard Tail"}],"items_purged_floors":[5,36,47],"is_endless":false,"potions_floor_spawned":[1,3,11,14,24,28,29,31,33,35,54],"killed_by":"The Heart","ascension_level":0}