{"gold_per_floor":[111,121,121,46,61,61,94,94,94,94,94,94,110,131,131,229,229,245,345,170,170,170,170,185,110,136,146,146,23,23,33,33,136,136,148,166,179,179,192,192,192,207,233,248,248,248,118,131,131,131,131,131,20,47,47],"floor_reached":56,"playtime":4262,"items_purged":["Defend_G","Strike_G"],"score":1120,"play_id":"9be4a3dd-119b-4813-8e90-d15fa9f51b75","local_time":"20190125002008","is_ascension_mode":false,"campfire_choices":[{"data":"Skewer","floor":6.0,"key":"SMITH"},{"floor":8.0,"key":"REST"},{"data":"Sucker Punch","floor":12.0,"key":"SMITH"},{"data":"After Image","floor":15,"key":"SMITH"},{"data":"After Image","floor":23,"key":"SMITH"},{"data":"Blade Dance","floor":28,"key":"SMITH"},{"data":"Cloak And Dagger","floor":32,"key":"SMITH"},{"data":"Mayhem","floor":40,"key":"SMITH"},{"data":"Envenom","floor":45,"key":"SMITH"},{"floor":49,"key":"RECALL"},{"data":"Blade Dance","floor":52,"key":"SMITH"}],"neow_cost":"PERCENT_DAMAGE","seed_source_timestamp":870439764022,"circlet_count":0,"master_deck":["Survivor","Neutralize+1","Skewer+1","Quick Slash","Cloak And Dagger+1","Sucker Punch+1","All Out Attack","After Image+1","After Image+1","Blade Dance+1","Backflip+1","Caltrops","Backstab+1","Caltrops","Infinite Blades+1","Noxious Fumes","After Image","Dodge and Roll","Expertise","Blade Dance+1","Backstab","Masterful Stab","Envenom+1","Dagger Throw+1","Well Laid Plans","Mayhem+1","Finisher+1","Terror","Accuracy+1","Escape Plan","Crippling Poison+1","Infinite Blades"],"special_seed":0,"relics":["Ring of the Snake","Bird Faced Urn","PreservedInsect","Odd Mushroom","Coffee Dripper","Thread and Needle","Pear","The Courier","Art of War","Pandora\u0027s Box","Strawberry","Anchor","Pocketwatch"],"potions_floor_usage":[14,16,19,33,53,54,55],"damage_taken":[{"damage":0.0,"enemies":"Small Slimes","floor":1.0,"turns":4.0},{"damage":0.0,"enemies":"Cultist","floor":2.0,"turns":4.0},{"damage":0.0,"enemies":"2 Louse","floor":5.0,"turns":2.0},{"damage":29.0,"enemies":"Lagavulin","floor":7.0,"turns":6.0},{"damage":0.0,"enemies":"2 Fungi Beasts","floor":13.0,"turns":2.0},{"damage":0,"enemies":"The Mushroom Lair","floor":14,"turns":4},{"damage":6,"enemies":"The Guardian","floor":16,"turns":15},{"damage":5,"enemies":"2 Thieves","floor":18,"turns":5},{"damage":5,"enemies":"Colosseum Slavers","floor":19,"turns":5},{"damage":9,"enemies":"Colosseum Nobs","floor":19,"turns":4},{"damage":0,"enemies":"Chosen","floor":24,"turns":6},{"damage":0,"enemies":"Shelled Parasite and Fungi","floor":27,"turns":7},{"damage":6,"enemies":"Sentry and Sphere","floor":31,"turns":5},{"damage":9,"enemies":"Automaton","floor":33,"turns":9},{"damage":0,"enemies":"Orb Walker","floor":35,"turns":3},{"damage":13,"enemies":"3 Darklings","floor":36,"turns":5},{"damage":0,"enemies":"Spire Growth","floor":37,"turns":6},{"damage":5,"enemies":"Jaw Worm Horde","floor":39,"turns":4},{"damage":8,"enemies":"Writhing Mass","floor":42,"turns":5},{"damage":0,"enemies":"Maw","floor":44,"turns":6},{"damage":0,"enemies":"4 Shapes","floor":48,"turns":4},{"damage":13,"enemies":"Donu and Deca","floor":50,"turns":8},{"damage":1,"enemies":"Shield and Spear","floor":54,"turns":6},{"damage":59,"enemies":"The Heart","floor":55,"turns":8}],"seed_played":"7680231827849097367","potions_obtained":[{"floor":1.0,"key":"SpeedPotion"},{"floor":7.0,"key":"SkillPotion"},{"floor":18,"key":"PowerPotion"},{"floor":19,"key":"LiquidBronze"},{"floor":27,"key":"GamblersBrew"},{"floor":35,"key":"Fire Potion"},{"floor":42,"key":"Poison Potion"}],"is_trial":false,"path_per_floor":["M","M","?","$","M","R","E","R","T","$","?","R","M","?","R","B",null,"M","?","$","?","?","R","M","?","T","M","R","$","?","M","R","B",null,"M","M","M","?","M","R","?","M","T","M","R","T","$","M","R","B",null,"R","$","E","B",null],"character_chosen":"THE_SILENT","items_purchased":["Caltrops","Infinite Blades","Noxious Fumes","Escape Plan","EssenceOfSteel","SteroidPotion","Infinite Blades","Fruit Juice"],"campfire_rested":1,"item_purchase_floors":[20,29,29,47,47,47,53,53],"current_hp_per_floor":[49,49,49,49,49,49,20,41,41,41,34,34,34,34,34,30,70,67,71,71,71,56,56,62,62,62,68,68,68,68,74,74,76,85,85,78,85,85,85,85,85,85,92,92,92,92,92,92,92,81,92,92,97,97,48],"gold":47,"neow_bonus":"ONE_RARE_RELIC","is_prod":false,"is_daily":false,"chose_seed":false,"campfire_upgraded":9,"win_rate":0,"timestamp":1548346808,"path_taken":["M","M","?","$","M","R","E","R","T","?","?","R","M","?","R","BOSS","M","?","$","?","?","R","M","?","T","?","R","$","?","M","R","BOSS","M","M","?","?","M","R","?","M","T","?","R","?","$","M","R","BOSS","R","$","E","BOSS"],"build_version":"2019-01-23","purchased_purges":2,"victory":true,"max_hp_per_floor":[70,70,70,70,70,70,70,70,70,70,70,70,70,70,70,70,70,70,80,80,80,85,85,85,85,85,85,85,85,85,85,85,85,85,85,85,85,85,85,85,85,85,92,92,92,92,92,92,92,92,92,92,97,97,97],"card_choices":[{"not_picked":["Setup","Deadly Poison"],"picked":"Skewer","floor":1.0},{"not_picked":["Skewer","Poisoned Stab"],"picked":"Quick Slash","floor":2.0},{"not_picked":["Poisoned Stab","Slice"],"picked":"Cloak And Dagger","floor":5.0},{"not_picked":["Riddle With Holes","Blur"],"picked":"Sucker Punch","floor":7.0},{"not_picked":["Dodge and Roll","Deflect"],"picked":"All Out Attack","floor":13.0},{"not_picked":["Eviscerate","Outmaneuver"],"picked":"After Image","floor":14},{"not_picked":["Storm of Steel","Unload"],"picked":"After Image","floor":16},{"not_picked":["Noxious Fumes","Heel Hook+1"],"picked":"Blade Dance","floor":18},{"not_picked":["Tactician","Quick Slash+1"],"picked":"Backflip+1","floor":19},{"not_picked":["Backflip","Underhanded Strike+1"],"picked":"Backstab+1","floor":24},{"not_picked":["Bane","Outmaneuver"],"picked":"Caltrops","floor":27},{"not_picked":["Dagger Spray","Cloak And Dagger","Prepared+1"],"picked":"SKIP","floor":31},{"not_picked":["Malaise","A Thousand Cuts"],"picked":"After Image","floor":33},{"not_picked":["Quick Slash","Poisoned Stab"],"picked":"Dagger Throw+1","floor":35},{"not_picked":["Quick Slash","Outmaneuver+1","Deadly Poison+1"],"picked":"SKIP","floor":36},{"not_picked":["Deadly Poison","Riddle With Holes+1"],"picked":"Well Laid Plans","floor":37},{"not_picked":["Thinking Ahead","Violence"],"picked":"Mayhem","floor":38},{"not_picked":["Slice","Sucker Punch"],"picked":"Finisher+1","floor":39},{"not_picked":["Poisoned Stab","Dash"],"picked":"Accuracy+1","floor":42},{"not_picked":["Accuracy","Underhanded Strike+1","PiercingWail"],"picked":"SKIP","floor":44},{"not_picked":["Slice","Dodge and Roll"],"picked":"Crippling Poison+1","floor":48},{"not_picked":["Sucker Punch+1","Envenom","PiercingWail"],"picked":"SKIP","floor":54}],"player_experience":465831,"relics_obtained":[{"floor":7.0,"key":"PreservedInsect"},{"floor":14,"key":"Odd Mushroom"},{"floor":19,"key":"Thread and Needle"},{"floor":19,"key":"Pear"},{"floor":26,"key":"Art of War"},{"floor":43,"key":"Strawberry"},{"floor":46,"key":"Anchor"},{"floor":54,"key":"Pocketwatch"}],"event_choices":[{"damage_healed":0.0,"max_hp_gain":0.0,"max_hp_loss":0.0,"gold_gain":0.0,"event_name":"Upgrade Shrine","player_choice":"Upgraded","floor":3.0,"gold_loss":0.0,"damage_taken":0.0,"cards_upgraded":["Neutralize"]},{"cards_removed":["Strike_G"],"damage_healed":0.0,"max_hp_gain":0.0,"max_hp_loss":0.0,"gold_gain":0.0,"event_name":"Golden Wing","player_choice":"Card Removal","floor":11.0,"gold_loss":0.0,"damage_taken":7.0},{"damage_healed":0,"gold_gain":0,"player_choice":"Fought Mushrooms","damage_taken":0,"max_hp_gain":0,"max_hp_loss":0,"event_name":"Mushrooms","floor":14,"gold_loss":0},{"damage_healed":0,"gold_gain":0,"player_choice":"Fight","damage_taken":0,"max_hp_gain":0,"max_hp_loss":0,"event_name":"Colosseum","floor":19,"gold_loss":0},{"damage_healed":0,"gold_gain":0,"player_choice":"Fought Nobs","damage_taken":0,"max_hp_gain":0,"max_hp_loss":0,"event_name":"Colosseum","floor":19,"gold_loss":0},{"damage_healed":0,"gold_gain":0,"player_choice":"Opened","damage_taken":0,"relics_obtained":["The Courier"],"max_hp_gain":0,"max_hp_loss":0,"event_name":"The Mausoleum","floor":21,"gold_loss":0,"cards_obtained":["Writhe"]},{"damage_healed":0,"gold_gain":0,"player_choice":"Shed Blood","damage_taken":20,"max_hp_gain":5,"max_hp_loss":0,"event_name":"Forgotten Altar","floor":22,"gold_loss":0},{"cards_removed":["Writhe"],"damage_healed":0,"gold_gain":0,"player_choice":"Gave Gold","damage_taken":0,"max_hp_gain":0,"max_hp_loss":0,"event_name":"Beggar","floor":25,"gold_loss":75},{"damage_healed":0,"gold_gain":0,"player_choice":"Forge","damage_taken":0,"max_hp_gain":0,"max_hp_loss":0,"event_name":"Accursed Blacksmith","floor":30,"gold_loss":0,"cards_upgraded":["Infinite Blades"]},{"damage_healed":0,"gold_gain":0,"player_choice":"Memory 1","damage_taken":0,"max_hp_gain":0,"max_hp_loss":0,"event_name":"SensoryStone","floor":38,"gold_loss":0},{"damage_healed":0,"gold_gain":0,"cards_transformed":["Riddle With Holes"],"player_choice":"Transformed","damage_taken":0,"max_hp_gain":0,"max_hp_loss":0,"event_name":"Transmorgrifier","floor":41,"gold_loss":0,"cards_obtained":["Terror"]}],"is_beta":false,"boss_relics":[{"not_picked":["Fusion Hammer","Astrolabe"],"picked":"Coffee Dripper"},{"not_picked":["Eternal Feather","Calling Bell"],"picked":"Pandora\u0027s Box"}],"items_purged_floors":[4,20],"is_endless":false,"potions_floor_spawned":[1,7,18,19,27,35,42],"ascension_level":0}