{"gold_per_floor":[99],"floor_reached":0,"playtime":80,"items_purged":[],"score":100,"play_id":"5f823714-1dc9-40e8-bd37-9037c1338d38","local_time":"20180729022013","daily_mods":["Draft","Insanity","Uncertain Future","Vintage"],"is_ascension_mode":false,"campfire_choices":[],"neow_cost":"","seed_source_timestamp":15804620789295,"circlet_count":0,"master_deck":["Warcry","Corruption","Metallicize","Whirlwind","Searing Blow","Reaper","Headbutt","Armaments","Feel No Pain","Double Tap","Clothesline","Searing Blow","Second Wind","Seeing Red","True Grit","Armaments","Battle Trance","Infernal Blade","Seeing Red","Anger","Sentinel","Headbutt","Berserk","Impervious","Dual Wield","Combust","Clash","Reckless Charge","Bloodletting","Inflame","Second Wind","Sever Soul","Feel No Pain","Spot Weakness","Whirlwind","Uppercut","Berserk","Double Tap","Corruption","Heavy Blade","Thunderclap","Evolve","Heavy Blade","Disarm","Dark Embrace","Carnage","Pommel Strike","Strike_R","Defend_R","Carnage","Cleave","Armaments","Body Slam","Headbutt","Body Slam","Warcry","Pommel Strike","Sever Soul","Infernal Blade","True Grit","Clothesline","Warcry","Twin Strike"],"relics":["Unceasing Top"],"potions_floor_usage":[],"damage_taken":[],"seed_played":"5663983322048407877","potions_obtained":[],"is_trial":true,"path_per_floor":[],"character_chosen":"IRONCLAD","items_purchased":[],"campfire_rested":0,"item_purchase_floors":[],"current_hp_per_floor":[80],"gold":99,"neow_bonus":"","is_prod":false,"is_daily":false,"chose_seed":false,"campfire_upgraded":0,"win_rate":0,"timestamp":1532802013,"path_taken":[],"build_version":"2018-07-26","purchased_purges":0,"victory":false,"max_hp_per_floor":[80],"card_choices":[{"not_picked":["Rupture","Metallicize"],"picked":"Cleave","floor":0},{"not_picked":["Twin Strike","Sword Boomerang"],"picked":"Armaments","floor":0},{"not_picked":["Perfected Strike","Sword Boomerang"],"picked":"Body Slam","floor":0},{"not_picked":["Rampage","Battle Trance"],"picked":"Headbutt","floor":0},{"not_picked":["Heavy Blade","Wild Strike"],"picked":"Body Slam","floor":0},{"not_picked":["Reckless Charge","Rampage"],"picked":"Warcry","floor":0},{"not_picked":["Iron Wave","Perfected Strike"],"picked":"Pommel Strike","floor":0},{"not_picked":["Hemokinesis","Heavy Blade"],"picked":"Sever Soul","floor":0},{"not_picked":["Rage","Intimidate"],"picked":"Infernal Blade","floor":0},{"not_picked":["Thunderclap","Twin Strike"],"picked":"True Grit","floor":0},{"not_picked":["Blood for Blood","Pommel Strike"],"picked":"Clothesline","floor":0},{"not_picked":["Wild Strike","Rage"],"picked":"Warcry","floor":0},{"not_picked":["Infernal Blade","Clothesline"],"picked":"Twin Strike","floor":0}],"player_experience":244759,"relics_obtained":[],"event_choices":[],"is_beta":false,"boss_relics":[],"items_purged_floors":[],"is_endless":true,"potions_floor_spawned":[],"ascension_level":0}