{"gold_per_floor":[119,119,44,64,76,76,110,122,122,150,181,193,205,217],"floor_reached":14,"playtime":374,"items_purged":["Strike_G"],"score":179,"play_id":"1e15c8f8-3c2c-4023-89a2-7ffd087e29f6","local_time":"20181029110059","is_ascension_mode":true,"campfire_choices":[{"data":"Die Die Die","floor":6.0,"key":"SMITH"},{"data":"Footwork","floor":13,"key":"SMITH"}],"neow_cost":"NONE","seed_source_timestamp":89951282241061,"circlet_count":0,"master_deck":["Defend_G","Defend_G","Defend_G","Defend_G","Defend_G","Strike_G","Strike_G","Strike_G","Survivor","Neutralize","AscendersBane","Die Die Die+1","Noxious Fumes","Footwork+1","Leg Sweep","Calculated Gamble","Tactician"],"special_seed":0,"relics":["Ring of the Snake","NeowsBlessing","Centennial Puzzle","MawBank"],"potions_floor_usage":[],"damage_taken":[{"damage":0.0,"enemies":"Jaw Worm","floor":1.0,"turns":1.0},{"damage":0.0,"enemies":"Cultist","floor":4.0,"turns":1.0},{"damage":0.0,"enemies":"2 Louse","floor":5.0,"turns":1.0},{"damage":12.0,"enemies":"3 Sentries","floor":7.0,"turns":7.0},{"damage":11.0,"enemies":"Looter","floor":8.0,"turns":4.0},{"damage":13,"enemies":"Large Slime","floor":10,"turns":11},{"damage":0,"enemies":"3 Louse","floor":11,"turns":1}],"seed_played":"-2810034848521903273","potions_obtained":[{"floor":4.0,"key":"LiquidBronze"},{"floor":7.0,"key":"Block Potion"},{"floor":8.0,"key":"Energy Potion"},{"floor":11,"key":"LiquidBronze"}],"is_trial":false,"path_per_floor":["M","?","$","M","M","R","E","M","T","M","M","?","R"],"character_chosen":"THE_SILENT","items_purchased":[],"campfire_rested":0,"item_purchase_floors":[],"current_hp_per_floor":[59,59,59,59,59,59,47,36,36,23,23,23,23,23],"gold":217,"neow_bonus":"THREE_ENEMY_KILL","is_prod":false,"is_daily":false,"chose_seed":false,"campfire_upgraded":2,"win_rate":0,"timestamp":1540807259,"path_taken":["M","?","$","?","?","R","E","M","T","M","M","?","R","?"],"build_version":"2018-10-25v2","purchased_purges":1,"victory":false,"max_hp_per_floor":[66,66,66,66,66,66,66,66,66,66,66,66,66,66],"card_choices":[{"not_picked":["Dagger Throw","Endless Agony","Underhanded Strike"],"picked":"SKIP","floor":1.0},{"not_picked":["Dodge and Roll","Poisoned Stab"],"picked":"Noxious Fumes","floor":4.0},{"not_picked":["Distraction","Eviscerate"],"picked":"Footwork","floor":5.0},{"not_picked":["Outmaneuver","A Thousand Cuts"],"picked":"Leg Sweep","floor":7.0},{"not_picked":["Flechettes","Backflip"],"picked":"Calculated Gamble","floor":8.0},{"not_picked":["Flechettes","Underhanded Strike","Outmaneuver"],"picked":"SKIP","floor":10},{"not_picked":["Concentrate","Sucker Punch"],"picked":"Tactician","floor":11}],"player_experience":716647,"relics_obtained":[{"floor":7.0,"key":"Centennial Puzzle"},{"floor":9.0,"key":"MawBank"}],"event_choices":[{"damage_healed":0.0,"max_hp_gain":0.0,"max_hp_loss":0.0,"gold_gain":0.0,"cards_transformed":["Strike_G"],"event_name":"Transmorgrifier","player_choice":"Transformed","floor":2.0,"gold_loss":0.0,"damage_taken":0.0,"cards_obtained":["Die Die Die"]},{"damage_healed":0,"gold_gain":0,"player_choice":"Ignored","damage_taken":0,"max_hp_gain":0,"max_hp_loss":0,"event_name":"Liars Game","floor":12,"gold_loss":0}],"is_beta":true,"boss_relics":[],"items_purged_floors":[3],"is_endless":false,"potions_floor_spawned":[4,7,8,11],"ascension_level":19}