{"gold_per_floor":[111,186,136,153,7,7,7,18,44,44,44,219,219,246,246,246],"floor_reached":16,"playtime":549,"items_purged":[],"score":96,"play_id":"c284e087-fe40-42eb-92bc-d9c327b09a8d","local_time":"20190924201334","is_ascension_mode":false,"campfire_choices":[{"data":"Zap","floor":6.0,"key":"SMITH"},{"data":"Dualcast","floor":10.0,"key":"SMITH"},{"data":"Auto Shields","floor":13.0,"key":"SMITH"},{"floor":15,"key":"REST"}],"neow_cost":"NONE","seed_source_timestamp":552862757038,"circlet_count":0,"master_deck":["Strike_B","Strike_B","Strike_B","Defend_B","Defend_B","Defend_B","Zap+1","Dualcast+1","Compile Driver","Auto Shields+1","Doubt"],"special_seed":0,"relics":["Busted Crown","Runic Capacitor","Vajra","Shuriken"],"potions_floor_usage":[14,16],"damage_taken":[{"damage":0.0,"enemies":"Small Slimes","floor":1.0,"turns":2.0},{"damage":1.0,"enemies":"Jaw Worm","floor":4.0,"turns":4.0},{"damage":4.0,"enemies":"2 Louse","floor":8.0,"turns":2.0},{"damage":47,"enemies":"3 Sentries","floor":14,"turns":9},{"damage":38,"enemies":"Hexaghost","floor":16,"turns":10}],"seed_played":"8881932793851274198","potions_obtained":[{"floor":1.0,"key":"Strength Potion"},{"floor":14,"key":"GamblersBrew"}],"is_trial":false,"path_per_floor":["M","?","?","M","$","R","?","M","T","R","$","?","R","E","R","B"],"character_chosen":"DEFECT","items_purchased":["Runic Capacitor"],"campfire_rested":1,"item_purchase_floors":[5],"current_hp_per_floor":[75,64,64,63,63,63,63,59,59,59,59,59,59,12,34,0],"gold":246,"neow_bonus":"BOSS_RELIC","is_prod":false,"is_daily":false,"chose_seed":false,"campfire_upgraded":3,"win_rate":0,"timestamp":1569323614,"path_taken":["M","?","?","M","?","R","?","M","T","R","$","?","R","E","R","BOSS"],"build_version":"2019-09-23","purchased_purges":0,"victory":false,"max_hp_per_floor":[75,75,75,75,75,75,75,75,75,75,75,75,75,75,75,75],"card_choices":[{"not_picked":[],"picked":"Compile Driver","floor":1.0},{"not_picked":[],"picked":"Auto Shields","floor":4.0},{"not_picked":["Hello World"],"picked":"SKIP","floor":8.0},{"not_picked":["Turbo"],"picked":"SKIP","floor":14}],"player_experience":527218,"relics_obtained":[{"floor":9.0,"key":"Vajra"},{"floor":14,"key":"Shuriken"}],"event_choices":[{"damage_healed":0.0,"max_hp_gain":0.0,"max_hp_loss":0.0,"gold_gain":75.0,"event_name":"World of Goop","player_choice":"Gather Gold","floor":2.0,"gold_loss":0.0,"damage_taken":11.0},{"cards_removed":["Strike_B"],"damage_healed":0.0,"max_hp_gain":0.0,"max_hp_loss":0.0,"gold_gain":0.0,"event_name":"The Cleric","player_choice":"Card Removal","floor":3.0,"gold_loss":50.0,"damage_taken":0.0},{"cards_removed":["Defend_B"],"damage_healed":0.0,"max_hp_gain":0.0,"max_hp_loss":0.0,"gold_gain":0.0,"event_name":"Living Wall","player_choice":"Forget","floor":7.0,"gold_loss":0.0,"damage_taken":0.0},{"damage_healed":0.0,"max_hp_gain":0.0,"max_hp_loss":0.0,"gold_gain":175.0,"event_name":"Liars Game","player_choice":"AGREE","floor":12.0,"gold_loss":0.0,"damage_taken":0.0,"cards_obtained":["Doubt"]}],"is_beta":true,"boss_relics":[],"items_purged_floors":[],"is_endless":false,"potions_floor_spawned":[1,14],"killed_by":"Hexaghost","ascension_level":0}