{"gold_per_floor":[116,136,154,154,167,198,215,247,272,288,288,303,326,345,345,443,443,459,459,459,459,473,126,157,176,176,176,186,217,237,237,237,334,334,347,363,24,35,35,61,116,128,128,148,163,190,190,29,29,29],"floor_reached":51,"playtime":6815,"items_purged":["Strike_G","Decay","Strike_G"],"score":763,"play_id":"2116f1dd-ae04-46ab-9c21-5b7fdb3b4089","local_time":"20180702231421","is_ascension_mode":false,"campfire_choices":[{"data":"Flechettes","floor":11.0,"key":"SMITH"},{"data":"Storm of Steel","floor":15.0,"key":"SMITH"},{"data":"Infinite Blades","floor":27.0,"key":"SMITH"},{"data":"A Thousand Cuts","floor":32.0,"key":"SMITH"},{"data":"Accuracy","floor":47,"key":"SMITH"},{"data":"Well Laid Plans","floor":49,"key":"SMITH"}],"neow_cost":"","seed_source_timestamp":1204088906990,"circlet_count":0,"master_deck":["Defend_G","Defend_G","Defend_G+1","Defend_G","Defend_G","Strike_G","Strike_G","Strike_G","Survivor","Neutralize","Cloak And Dagger","Flechettes+1","Backflip","Storm of Steel+1","Neutralize","Reflex+1","Bandage Up","Prepared","Backflip","All Out Attack","Distraction","Cloak And Dagger","Skewer","Leg Sweep","Predator","A Thousand Cuts+1","Skewer","Well Laid Plans+1","Infinite Blades+1","Finisher","Crippling Poison+1","Prepared","Doppelganger","Deadly Poison+1","Adrenaline","Backflip+1","Expertise+1","Apotheosis","Prepared+1","Well Laid Plans+1","Riddle With Holes+1","Accuracy+1","Flechettes"],"special_seed":0,"relics":["Ring of the Snake","Orichalcum","Bottled Flame","Pen Nib","Bag of Marbles","Coffee Dripper","Nilry\u0027s Codex","Vajra","Gremlin Horn","Regal Pillow","Ancient Tea Set","War Paint","Lizard Tail","Letter Opener","Oddly Smooth Stone","Thread and Needle","Juzu Bracelet","Anchor"],"potions_floor_usage":[40,40,46,50,50],"damage_taken":[{"damage":1.0,"enemies":"Cultist","floor":1.0,"turns":5.0},{"damage":5.0,"enemies":"Small Slimes","floor":2.0,"turns":3.0},{"damage":1.0,"enemies":"Jaw Worm","floor":3.0,"turns":4.0},{"damage":12.0,"enemies":"Lots of Slimes","floor":5.0,"turns":7.0},{"damage":22.0,"enemies":"3 Sentries","floor":6.0,"turns":10.0},{"damage":0.0,"enemies":"Exordium Wildlife","floor":7.0,"turns":4.0},{"damage":28.0,"enemies":"Lagavulin","floor":8.0,"turns":6.0},{"damage":0.0,"enemies":"Blue Slaver","floor":10.0,"turns":5.0},{"damage":0.0,"enemies":"Exordium Thugs","floor":12.0,"turns":2.0},{"damage":0.0,"enemies":"Looter","floor":14.0,"turns":2.0},{"damage":37.0,"enemies":"The Guardian","floor":16.0,"turns":11.0},{"damage":0.0,"enemies":"Chosen","floor":18.0,"turns":3.0},{"damage":11.0,"enemies":"2 Thieves","floor":22.0,"turns":3.0},{"damage":4.0,"enemies":"Gremlin Leader","floor":24.0,"turns":5.0},{"damage":0.0,"enemies":"3 Cultists","floor":25.0,"turns":4.0},{"damage":0.0,"enemies":"Snecko","floor":28.0,"turns":2.0},{"damage":6.0,"enemies":"Book of Stabbing","floor":29.0,"turns":6.0},{"damage":9.0,"enemies":"Snake Plant","floor":30.0,"turns":3.0},{"damage":7.0,"enemies":"Champ","floor":33.0,"turns":8.0},{"damage":4.0,"enemies":"3 Shapes","floor":35.0,"turns":6.0},{"damage":9.0,"enemies":"Orb Walker","floor":36.0,"turns":3.0},{"damage":8,"enemies":"Sphere and 2 Shapes","floor":38,"turns":4},{"damage":0,"enemies":"Giant Head","floor":40,"turns":4},{"damage":4,"floor":41,"turns":3},{"damage":0,"enemies":"4 Shapes","floor":42,"turns":3},{"damage":7,"enemies":"Maw","floor":44,"turns":6},{"damage":0,"enemies":"Sphere and 2 Shapes","floor":45,"turns":3},{"damage":4,"enemies":"Nemesis","floor":46,"turns":6},{"damage":78,"enemies":"Time Eater","floor":50,"turns":9}],"seed_played":"6532722283940756719","potions_obtained":[{"floor":2.0,"key":"SteroidPotion"},{"floor":3.0,"key":"Regen Potion"},{"floor":5.0,"key":"Regen Potion"},{"floor":8.0,"key":"SpeedPotion"},{"floor":12.0,"key":"SteroidPotion"},{"floor":19.0,"key":"FairyPotion"},{"floor":19.0,"key":"Fire Potion"},{"floor":28.0,"key":"Energy Potion"},{"floor":36.0,"key":"Block Potion"},{"floor":38,"key":"Weak Potion"},{"floor":41,"key":"Energy Potion"},{"floor":45,"key":"Dexterity Potion"}],"is_trial":false,"path_per_floor":["M","M","M","?","M","E","M","E","T","M","R","M","T","M","R","B",null,"M","?","?","?","M","$","E","M","T","R","M","E","M","?","R","B",null,"M","M","$","M","?","E","?","M","T","M","M","E","R","$","R","B"],"character_chosen":"THE_SILENT","items_purchased":["Gremlin Horn","Infinite Blades","Letter Opener","Flechettes"],"campfire_rested":0,"item_purchase_floors":[],"current_hp_per_floor":[69,64,63,63,55,52,56,32,32,36,36,40,40,44,44,11,70,70,70,54,54,43,43,55,59,59,59,59,57,48,48,48,45,70,66,61,61,57,57,63,65,65,65,62,66,68,68,68,68,7],"gold":29,"neow_bonus":"","is_prod":false,"is_daily":false,"chose_seed":false,"campfire_upgraded":6,"win_rate":0,"timestamp":1530544461,"path_taken":["M","?","M","?","M","E","M","E","T","M","R","?","?","M","R","BOSS","M","?","?","?","M","$","E","M","T","R","M","E","M","?","R","BOSS","M","M","$","M","?","E","?","M","T","M","M","E","R","$","R","BOSS"],"build_version":"2018-06-28","purchased_purges":3,"victory":true,"max_hp_per_floor":[70,70,70,70,70,70,70,70,70,70,70,70,70,70,70,70,70,70,70,70,70,70,70,70,70,70,70,70,70,70,70,70,70,70,70,70,70,70,70,70,70,70,70,70,70,70,70,70,70,70],"card_choices":[{"not_picked":["PiercingWail","Bouncing Flask"],"picked":"Cloak And Dagger","floor":1.0},{"not_picked":["Finisher","Skewer"],"picked":"Flechettes","floor":2.0},{"not_picked":["Slice","Acrobatics"],"picked":"Backflip","floor":3.0},{"not_picked":["Predator","Malaise"],"picked":"Backflip","floor":5.0},{"not_picked":["PiercingWail","Underhanded Strike"],"picked":"All Out Attack","floor":6.0},{"not_picked":["PiercingWail","Caltrops"],"picked":"Distraction","floor":7.0},{"not_picked":["Riddle With Holes","Sucker Punch"],"picked":"Cloak And Dagger","floor":8.0},{"not_picked":["Dodge and Roll","Reflex"],"picked":"Skewer","floor":10.0},{"not_picked":["Quick Slash","Sucker Punch"],"picked":"Leg Sweep","floor":12.0},{"not_picked":["Reflex","Poisoned Stab"],"picked":"Predator","floor":14.0},{"not_picked":["Tools of the Trade","Envenom"],"picked":"A Thousand Cuts","floor":16.0},{"not_picked":["Dodge and Roll","Catalyst+1"],"picked":"Skewer","floor":18.0},{"not_picked":["Malaise","Dodge and Roll"],"picked":"Well Laid Plans+1","floor":22.0},{"not_picked":["A Thousand Cuts","Poisoned Stab+1"],"picked":"Finisher","floor":24.0},{"not_picked":["Underhanded Strike+1","Dodge and Roll"],"picked":"Crippling Poison+1","floor":25.0},{"not_picked":["Predator","Underhanded Strike"],"picked":"Prepared","floor":28.0},{"not_picked":["Expertise","Slice"],"picked":"Doppelganger","floor":29.0},{"not_picked":["Catalyst","Riddle With Holes"],"picked":"Deadly Poison+1","floor":30.0},{"not_picked":["Bullet Time","Tactician"],"picked":"Adrenaline","floor":33.0},{"not_picked":["Bouncing Flask+1","Underhanded Strike","Dagger Spray"],"picked":"SKIP","floor":35.0},{"not_picked":["Poisoned Stab+1","Outmaneuver"],"picked":"Backflip+1","floor":36.0},{"not_picked":["Eviscerate","Cloak And Dagger"],"picked":"Expertise+1","floor":38},{"not_picked":["Purity","Dramatic Entrance"],"picked":"Apotheosis","floor":39},{"not_picked":["Poisoned Stab+1","Distraction"],"picked":"Prepared+1","floor":40},{"not_picked":["Endless Agony","PiercingWail"],"picked":"Well Laid Plans","floor":41},{"not_picked":["Backstab","Eviscerate","Deflect"],"picked":"SKIP","floor":42},{"not_picked":["Noxious Fumes","Eviscerate+1","Slice+1"],"picked":"SKIP","floor":44},{"not_picked":["Dagger Spray+1","Flying Knee"],"picked":"Riddle With Holes+1","floor":45},{"not_picked":["Riddle With Holes","Prepared"],"picked":"Accuracy","floor":46}],"player_experience":50764,"relics_obtained":[{"floor":6.0,"key":"Orichalcum"},{"floor":8.0,"key":"Bottled Flame"},{"floor":9.0,"key":"Pen Nib"},{"floor":13.0,"key":"Bag of Marbles"},{"floor":20.0,"key":"Nilry\u0027s Codex"},{"floor":24.0,"key":"Regal Pillow"},{"floor":26.0,"key":"Ancient Tea Set"},{"floor":29.0,"key":"War Paint"},{"floor":40,"key":"Oddly Smooth Stone"},{"floor":41,"key":"Thread and Needle"},{"floor":43,"key":"Juzu Bracelet"},{"floor":46,"key":"Anchor"}],"event_choices":[{"event_name":"Match and Keep!","player_choice":"5 cards matched","floor":4.0,"damage_taken":0.0},{"event_name":"The Lab","player_choice":"Got Potions","floor":19.0,"damage_taken":0.0},{"event_name":"Cursed Tome","player_choice":"Obtained Book","floor":20.0,"damage_taken":0.0},{"event_name":"Wheel of Change","player_choice":"Relic","floor":21.0,"damage_taken":0.0},{"event_name":"Forgotten Altar","player_choice":"Smashed Altar","floor":31.0,"damage_taken":0.0},{"event_name":"SensoryStone","player_choice":"Memory 1","floor":39,"damage_taken":0},{"event_name":"Mysterious Sphere","player_choice":"Fight","floor":41,"damage_taken":0}],"boss_relics":[{"not_picked":["Snecko Eye","Sozu"],"picked":"Coffee Dripper"},{"not_picked":["Black Star","Calling Bell"],"picked":"Lizard Tail"}],"items_purged_floors":[],"is_endless":false,"potions_floor_spawned":[2,3,5,8,12,22,28,36,38,41,45],"ascension_level":0}