{"gold_per_floor":[111,122,138,152,152,181,7,32,32,32,32,52,107,140,140,239,239,253,263,263,275,275,275,275],"floor_reached":24,"playtime":3268,"items_purged":["Strike_B"],"score":266,"play_id":"a364639e-5b28-441b-84a4-a27d0a0ea0f0","local_time":"20181222010630","is_ascension_mode":false,"campfire_choices":[{"data":"Mind Blast","floor":11.0,"key":"SMITH"},{"data":"Creative AI","floor":15.0,"key":"SMITH"},{"data":"Chaos","floor":23,"key":"SMITH"}],"neow_cost":"NONE","seed_source_timestamp":0,"circlet_count":0,"master_deck":["Strike_B","Strike_B","Strike_B","Defend_B","Defend_B","Defend_B","Defend_B","Zap","Dualcast","Machine Learning","Chaos+1","Leap","Sweeping Beam","Core Surge","Glacier","Capacitor","Mind Blast+1","Cold Snap","Creative AI+1","Conserve Battery","Hologram","Core Surge","Coolheaded","Stack","Coolheaded","Self Repair","Sweeping Beam","Hologram+1","Ghostly","Ghostly","Ghostly","Ghostly","Ghostly"],"special_seed":0,"relics":["Cracked Core","Smiling Mask","Letter Opener","Pantograph","Bird Faced Urn","Shuriken","Mango","Orrery","Enchiridion"],"potions_floor_usage":[],"damage_taken":[{"damage":3.0,"enemies":"Small Slimes","floor":1.0,"turns":3.0},{"damage":1.0,"enemies":"Cultist","floor":2.0,"turns":4.0},{"damage":0.0,"enemies":"2 Louse","floor":3.0,"turns":2.0},{"damage":0.0,"enemies":"Blue Slaver","floor":4.0,"turns":5.0},{"damage":17.0,"enemies":"3 Sentries","floor":6.0,"turns":5.0},{"damage":26.0,"enemies":"Gremlin Nob","floor":8.0,"turns":5.0},{"damage":1.0,"enemies":"Exordium Wildlife","floor":12.0,"turns":6.0},{"damage":23.0,"enemies":"3 Sentries","floor":13.0,"turns":9.0},{"damage":0.0,"enemies":"3 Sentries","floor":14.0,"turns":9.0},{"damage":16.0,"enemies":"Slime Boss","floor":16.0,"turns":7.0},{"damage":15,"enemies":"Shell Parasite","floor":18,"turns":11},{"damage":1,"enemies":"Chosen","floor":19,"turns":6},{"damage":16,"enemies":"Snake Plant","floor":21,"turns":7},{"damage":50,"enemies":"Gremlin Leader","floor":24,"turns":10}],"seed_played":"3767296798082511070","potions_obtained":[{"floor":1.0,"key":"Explosive Potion"},{"floor":3.0,"key":"Regen Potion"},{"floor":8.0,"key":"Block Potion"},{"floor":13.0,"key":"SneckoOil"},{"floor":14.0,"key":"Dexterity Potion"},{"floor":16.0,"key":"LiquidBronze"}],"is_trial":false,"path_per_floor":["M","M","M","M","?","E","$","E","T","?","R","M","?","E","R","B",null,"M","M","?","M","?","R","E"],"character_chosen":"DEFECT","items_purchased":["Capacitor","Mind Blast"],"campfire_rested":0,"item_purchase_floors":[7,7],"current_hp_per_floor":[72,71,71,71,76,59,59,33,33,33,33,36,29,47,47,74,94,94,94,47,47,31,31,0],"gold":275,"neow_bonus":"ONE_RANDOM_RARE_CARD","is_prod":false,"is_daily":false,"chose_seed":false,"campfire_upgraded":3,"win_rate":0,"timestamp":1545411990,"path_taken":["M","M","M","M","?","E","$","E","T","?","R","?","?","E","R","BOSS","M","M","?","M","?","R","E"],"build_version":"2018-12-20","purchased_purges":1,"victory":false,"max_hp_per_floor":[75,75,75,75,80,80,80,80,80,80,80,80,80,94,94,94,94,94,94,47,47,47,47,47],"card_choices":[{"not_picked":["Tempest","Barrage"],"picked":"Chaos","floor":1.0},{"not_picked":["Steam","Storm"],"picked":"Leap","floor":2.0},{"not_picked":["Turbo","Rebound"],"picked":"Sweeping Beam","floor":3.0},{"not_picked":["Stack","Coolheaded"],"picked":"Core Surge","floor":4.0},{"not_picked":["Cold Snap","Rebound"],"picked":"Glacier","floor":6.0},{"not_picked":["Tempest","Stack"],"picked":"Cold Snap","floor":8.0},{"not_picked":["Beam Cell","Stack"],"picked":"Creative AI","floor":12.0},{"not_picked":["Reprogram","Darkness"],"picked":"Conserve Battery","floor":13.0},{"not_picked":["Electrodynamics","Gash"],"picked":"Hologram","floor":14.0},{"not_picked":["Hyperbeam","All For One"],"picked":"Core Surge","floor":16.0},{"not_picked":["Hello World","Ball Lightning"],"picked":"Coolheaded","floor":17},{"not_picked":["Doom and Gloom","Hologram"],"picked":"Stack","floor":17},{"not_picked":["Tempest","Reprogram"],"picked":"Coolheaded","floor":17},{"not_picked":["Coolheaded","Scrape"],"picked":"Self Repair","floor":17},{"not_picked":["Beam Cell","Redo"],"picked":"Sweeping Beam","floor":18},{"not_picked":["Streamline","Darkness"],"picked":"Hologram+1","floor":19},{"not_picked":["Stack","Steam","Coolheaded"],"picked":"SKIP","floor":21}],"player_experience":454885,"relics_obtained":[{"floor":6.0,"key":"Smiling Mask"},{"floor":8.0,"key":"Letter Opener"},{"floor":9.0,"key":"Pantograph"},{"floor":14.0,"key":"Mango"},{"floor":22,"key":"Enchiridion"}],"event_choices":[{"damage_healed":0.0,"max_hp_gain":5.0,"max_hp_loss":0.0,"gold_gain":0.0,"event_name":"Big Fish","player_choice":"Donut","floor":5.0,"gold_loss":0.0,"damage_taken":0.0},{"damage_healed":0.0,"max_hp_gain":0.0,"max_hp_loss":0.0,"gold_gain":0.0,"event_name":"WeMeetAgain","player_choice":"Gave Potion","floor":10.0,"gold_loss":0.0,"damage_taken":0.0,"relics_obtained":["Bird Faced Urn"]},{"damage_healed":0.0,"max_hp_gain":0.0,"max_hp_loss":0.0,"gold_gain":30.0,"event_name":"Dead Adventurer","player_choice":"Searched \u00273\u0027 times","floor":13.0,"gold_loss":0.0,"damage_taken":0.0,"relics_obtained":["Shuriken"]},{"damage_healed":0,"gold_gain":0,"player_choice":"Became a Ghost","damage_taken":0,"max_hp_gain":0,"max_hp_loss":47,"event_name":"Ghosts","floor":20,"gold_loss":0,"cards_obtained":["Ghostly","Ghostly","Ghostly","Ghostly","Ghostly"]},{"damage_healed":0,"gold_gain":0,"player_choice":"Obtained Book","damage_taken":16,"max_hp_gain":0,"max_hp_loss":0,"event_name":"Cursed Tome","floor":22,"gold_loss":0}],"is_beta":false,"boss_relics":[{"not_picked":["Inserter","Eternal Feather"],"picked":"Orrery"}],"items_purged_floors":[7],"is_endless":false,"potions_floor_spawned":[1,3,8,13,14,16],"killed_by":"Gremlin Leader","ascension_level":0}