{"gold_per_floor":[117,127,146,45,58,58,58,87,169,184,199,532,532,558,558,658,658,671,671,322,322,368,368,468,486,561,58,58,71,71,103,103,207,207,220,220,19,32,48,48,77,77,77,77,95,111,111,127,127,127],"floor_reached":51,"playtime":1577,"items_purged":["Defend_R","Defend_R","Defend_R"],"score":1164,"play_id":"aab7c58d-02ea-4865-b5b3-542105d232ca","local_time":"20180901190928","is_ascension_mode":true,"campfire_choices":[{"data":"Flex","floor":6.0,"key":"SMITH"},{"data":"1","floor":13.0,"key":"LIFT"},{"data":"2","floor":15.0,"key":"LIFT"},{"data":"3","floor":23.0,"key":"LIFT"},{"data":"Limit Break","floor":28.0,"key":"SMITH"},{"data":"Flex","floor":32.0,"key":"SMITH"},{"data":"Uppercut","floor":40.0,"key":"SMITH"},{"data":"Sword Boomerang","floor":42.0,"key":"SMITH"},{"data":"Bash","floor":47.0,"key":"SMITH"},{"floor":49.0,"key":"REST"}],"neow_cost":"NONE","seed_source_timestamp":553947885478014,"circlet_count":0,"master_deck":["Strike_R","Strike_R","Strike_R","Strike_R","Strike_R","Defend_R","Bash+1","AscendersBane","Limit Break+1","Carnage","Thunderclap","Flex+1","Twin Strike+1","Offering","Twin Strike+1","Immolate","Sword Boomerang+1","Flex+1","Thunderclap","Reaper","Flex+1","Uppercut+1"],"special_seed":0,"relics":["Burning Blood","Girya","Anchor","Bottled Lightning","Old Coin","Torii","Busted Crown","Paper Frog","Enchiridion","Whetstone","Charon\u0027s Ashes","Self Forming Clay","Shuriken","Lee\u0027s Waffle","Pear","Dream Catcher","Lizard Tail","Champion Belt","Dead Branch"],"potions_floor_usage":[50,50],"damage_taken":[{"damage":5.0,"enemies":"Small Slimes","floor":1.0,"turns":5.0},{"damage":0.0,"enemies":"Cultist","floor":2.0,"turns":2.0},{"damage":2.0,"enemies":"2 Louse","floor":3.0,"turns":3.0},{"damage":18.0,"enemies":"Exordium Thugs","floor":5.0,"turns":4.0},{"damage":15.0,"enemies":"3 Sentries","floor":8.0,"turns":8.0},{"damage":0.0,"enemies":"2 Fungi Beasts","floor":10.0,"turns":2.0},{"damage":3.0,"enemies":"Blue Slaver","floor":11.0,"turns":2.0},{"damage":26.0,"enemies":"Gremlin Nob","floor":12.0,"turns":4.0},{"damage":16.0,"enemies":"3 Sentries","floor":14.0,"turns":5.0},{"damage":20.0,"enemies":"Hexaghost","floor":16.0,"turns":6.0},{"damage":1.0,"enemies":"Chosen","floor":18.0,"turns":2.0},{"damage":0.0,"enemies":"Colosseum Slavers","floor":24.0,"turns":1.0},{"damage":13.0,"enemies":"Colosseum Nobs","floor":24.0,"turns":3.0},{"damage":6.0,"enemies":"3 Byrds","floor":25.0,"turns":2.0},{"damage":6.0,"enemies":"3 Cultists","floor":29.0,"turns":2.0},{"damage":16.0,"enemies":"Book of Stabbing","floor":31.0,"turns":3.0},{"damage":43.0,"enemies":"Champ","floor":33.0,"turns":4.0},{"damage":6.0,"enemies":"3 Darklings","floor":35.0,"turns":2.0},{"damage":1.0,"enemies":"Orb Walker","floor":38.0,"turns":2.0},{"damage":34.0,"enemies":"Spire Growth","floor":39.0,"turns":3.0},{"damage":12.0,"enemies":"2 Orb Walkers","floor":41.0,"turns":2.0},{"damage":0.0,"enemies":"3 Darklings","floor":45.0,"turns":1.0},{"damage":22.0,"enemies":"Jaw Worm Horde","floor":46.0,"turns":3.0},{"damage":9.0,"enemies":"Sphere and 2 Shapes","floor":48.0,"turns":3.0},{"damage":38,"enemies":"Awakened One","floor":50,"turns":4}],"seed_played":"-4430257125054858590","potions_obtained":[{"floor":1.0,"key":"Block Potion"},{"floor":8.0,"key":"Regen Potion"},{"floor":11.0,"key":"AttackPotion"},{"floor":14.0,"key":"PowerPotion"},{"floor":24.0,"key":"Ancient Potion"},{"floor":25.0,"key":"FearPotion"},{"floor":33.0,"key":"Strength Potion"},{"floor":39.0,"key":"Strength Potion"},{"floor":46.0,"key":"Ancient Potion"}],"is_trial":false,"path_per_floor":["M","M","M","$","M","R","?","E","T","M","M","E","R","E","R","B",null,"M","?","$","?","T","R","?","M","T","$","R","M","?","E","R","B",null,"M","?","$","M","M","R","E","R","T","?","M","M","R","M","R","B"],"character_chosen":"IRONCLAD","items_purchased":["Thunderclap","Paper Frog","Lee\u0027s Waffle","Flex","Pear","Uppercut"],"campfire_rested":1,"item_purchase_floors":[4,20,27,27,27,37],"current_hp_per_floor":[73,79,80,80,68,68,56,47,47,53,56,36,36,40,40,26,67,72,72,72,56,56,56,55,55,55,97,97,97,97,87,87,50,85,85,85,85,90,62,62,56,56,56,56,62,67,67,64,93,90],"gold":127,"neow_bonus":"ONE_RANDOM_RARE_CARD","is_prod":false,"is_daily":false,"chose_seed":false,"campfire_upgraded":6,"win_rate":0,"timestamp":1535821768,"path_taken":["M","M","M","$","M","R","?","E","T","M","M","E","R","E","R","BOSS","M","?","$","?","?","R","?","M","T","$","R","?","?","E","R","BOSS","M","?","$","M","M","R","E","R","T","?","M","?","R","M","R","BOSS"],"build_version":"2018-08-30","purchased_purges":3,"victory":true,"max_hp_per_floor":[80,80,80,80,80,80,80,80,80,80,80,80,80,80,80,80,80,80,80,80,80,80,80,80,80,80,97,97,97,97,97,97,97,97,97,97,97,97,97,97,97,97,97,97,97,97,97,97,97,97],"card_choices":[{"not_picked":["Clash","Sword Boomerang"],"picked":"Carnage","floor":1.0},{"not_picked":["Combust","Iron Wave","Clash"],"picked":"SKIP","floor":2.0},{"not_picked":["Headbutt","Blood for Blood","Warcry"],"picked":"SKIP","floor":3.0},{"not_picked":["Pommel Strike","Armaments"],"picked":"Flex","floor":5.0},{"not_picked":["Armaments","Headbutt"],"picked":"Twin Strike","floor":8.0},{"not_picked":["Clash","True Grit"],"picked":"Offering","floor":10.0},{"not_picked":["Wild Strike","Blood for Blood","Body Slam"],"picked":"SKIP","floor":11.0},{"not_picked":["Warcry","Power Through","Shockwave"],"picked":"SKIP","floor":12.0},{"not_picked":["Warcry","Battle Trance"],"picked":"Twin Strike","floor":14.0},{"not_picked":["Barricade","Juggernaut"],"picked":"Immolate","floor":16.0},{"not_picked":["Rupture"],"picked":"SKIP","floor":18.0},{"not_picked":[],"picked":"Sword Boomerang","floor":24.0},{"not_picked":["True Grit"],"picked":"SKIP","floor":25.0},{"not_picked":[],"picked":"Thunderclap","floor":29.0},{"not_picked":["Clothesline"],"picked":"SKIP","floor":31.0},{"not_picked":[],"picked":"Reaper","floor":33.0},{"not_picked":[],"picked":"Flex+1","floor":35.0},{"not_picked":["Headbutt+1"],"picked":"SKIP","floor":38.0},{"not_picked":["Anger+1"],"picked":"SKIP","floor":39.0},{"not_picked":["Offering"],"picked":"SKIP","floor":41.0},{"not_picked":["Headbutt+1"],"picked":"SKIP","floor":45.0},{"not_picked":["Rampage+1"],"picked":"SKIP","floor":46.0},{"not_picked":["Pommel Strike"],"picked":"SKIP","floor":48.0}],"player_experience":622887,"relics_obtained":[{"floor":8.0,"key":"Anchor"},{"floor":9.0,"key":"Bottled Lightning"},{"floor":12.0,"key":"Old Coin"},{"floor":14.0,"key":"Torii"},{"floor":21.0,"key":"Enchiridion"},{"floor":22.0,"key":"Whetstone"},{"floor":24.0,"key":"Charon\u0027s Ashes"},{"floor":24.0,"key":"Self Forming Clay"},{"floor":26.0,"key":"Shuriken"},{"floor":31.0,"key":"Dream Catcher"},{"floor":41.0,"key":"Champion Belt"},{"floor":43.0,"key":"Dead Branch"}],"event_choices":[{"event_name":"Scrap Ooze","player_choice":"success","floor":7.0,"damage_taken":12.0},{"event_name":"The Library","player_choice":"Read","floor":19.0,"damage_taken":0.0},{"event_name":"Cursed Tome","player_choice":"Obtained Book","floor":21.0,"damage_taken":0.0},{"event_name":"Colosseum","player_choice":"Fight","floor":24.0,"damage_taken":0.0},{"event_name":"Colosseum","player_choice":"Fought Nobs","floor":24.0,"damage_taken":0.0},{"event_name":"The Woman in Blue","player_choice":"Bought 0 Potions","floor":30.0,"damage_taken":0.0},{"event_name":"SensoryStone","player_choice":"Memory 1","floor":36.0,"damage_taken":0.0},{"event_name":"Falling","player_choice":"Removed Skill","floor":44.0,"damage_taken":0.0}],"is_beta":true,"boss_relics":[{"not_picked":["Mark of Pain","Runic Pyramid"],"picked":"Busted Crown"},{"not_picked":["Runic Cube","White Beast Statue"],"picked":"Lizard Tail"}],"items_purged_floors":[4,20,37],"is_endless":false,"potions_floor_spawned":[1,8,11,14,24,25,31,33,39,41,46],"ascension_level":12}