{"gold_per_floor":[117,131,131,148,160,160,178,206,206,206,381,381,381,391,391,391],"floor_reached":16,"playtime":1090,"items_purged":[],"score":124,"play_id":"48434c68-5bba-4eee-80d4-8dbe5dfaf131","local_time":"20181109011200","is_ascension_mode":true,"campfire_choices":[{"data":"Neutralize","floor":6,"key":"SMITH"},{"data":"Distraction","floor":10,"key":"SMITH"},{"data":"Sucker Punch","floor":12,"key":"SMITH"},{"data":"Flechettes","floor":15,"key":"SMITH"}],"neow_cost":"NONE","seed_source_timestamp":33026899888837,"circlet_count":0,"master_deck":["Defend_G","Defend_G","Defend_G","Defend_G","Defend_G","Strike_G","Strike_G","Strike_G","Strike_G","Survivor","Neutralize+1","Dagger Spray","Sucker Punch+1","Bouncing Flask","Sucker Punch","Well Laid Plans","Distraction+1","Doubt","Flechettes+1"],"relics":["Coffee Dripper","Odd Mushroom","Letter Opener"],"potions_floor_usage":[8,8],"damage_taken":[{"damage":0,"enemies":"2 Louse","floor":1,"turns":3},{"damage":0,"enemies":"Cultist","floor":2,"turns":3},{"damage":0,"enemies":"Jaw Worm","floor":4,"turns":3},{"damage":1,"enemies":"3 Louse","floor":5,"turns":3},{"damage":0,"enemies":"2 Fungi Beasts","floor":7,"turns":2},{"damage":11,"enemies":"The Mushroom Lair","floor":8,"turns":4},{"damage":1,"enemies":"Large Slime","floor":14,"turns":5},{"damage":68,"enemies":"Slime Boss","floor":16,"turns":7}],"seed_played":"-587176041804984665","potions_obtained":[{"floor":3,"key":"FairyPotion"},{"floor":3,"key":"Swift Potion"},{"floor":3,"key":"PowerPotion"},{"floor":4,"key":"GhostInAJar"}],"is_trial":false,"path_per_floor":["M","M","?","M","M","R","M","?","T","R","?","R","?","M","R","B"],"character_chosen":"THE_SILENT","items_purchased":[],"campfire_rested":0,"item_purchase_floors":[],"current_hp_per_floor":[63,63,63,63,62,62,62,51,51,51,51,51,51,50,50,0],"gold":391,"neow_bonus":"BOSS_RELIC","is_prod":false,"is_daily":false,"chose_seed":false,"campfire_upgraded":4,"win_rate":0,"timestamp":1541697120,"path_taken":["M","M","?","?","M","R","M","?","T","R","?","R","?","M","R","BOSS"],"build_version":"2018-11-01","purchased_purges":0,"victory":false,"max_hp_per_floor":[70,70,70,70,70,70,70,70,70,70,70,70,70,70,70,70],"card_choices":[{"not_picked":["Bane","Blade Dance"],"picked":"Dagger Spray","floor":1},{"not_picked":["Bane","Flechettes"],"picked":"Sucker Punch","floor":2},{"not_picked":["Blade Dance","Outmaneuver"],"picked":"Bouncing Flask","floor":4},{"not_picked":["Bane","Underhanded Strike"],"picked":"Sucker Punch","floor":5},{"not_picked":["Dash","Blur"],"picked":"Well Laid Plans","floor":7},{"not_picked":["Endless Agony","Slice"],"picked":"Distraction","floor":8},{"not_picked":["Bane","Flying Knee"],"picked":"Flechettes","floor":14}],"player_experience":405107,"relics_obtained":[{"floor":8,"key":"Odd Mushroom"},{"floor":9,"key":"Letter Opener"}],"event_choices":[{"damage_healed":0,"gold_gain":0,"player_choice":"Got Potions","damage_taken":0,"max_hp_gain":0,"max_hp_loss":0,"event_name":"Lab","floor":3,"gold_loss":0},{"damage_healed":0,"gold_gain":0,"player_choice":"Fought Mushrooms","damage_taken":0,"max_hp_gain":0,"max_hp_loss":0,"event_name":"Mushrooms","floor":8,"gold_loss":0},{"damage_healed":0,"gold_gain":175,"player_choice":"AGREE","damage_taken":0,"max_hp_gain":0,"max_hp_loss":0,"event_name":"Liars Game","floor":11,"gold_loss":0,"cards_obtained":["Doubt"]},{"cards_removed":["Strike_G"],"damage_healed":0,"gold_gain":0,"player_choice":"Forget","damage_taken":0,"max_hp_gain":0,"max_hp_loss":0,"event_name":"Living Wall","floor":13,"gold_loss":0}],"is_beta":false,"boss_relics":[],"items_purged_floors":[],"is_endless":false,"potions_floor_spawned":[4,5,7],"killed_by":"Slime Boss","ascension_level":7}