{"gold_per_floor":[114,114,126,126,138,170,189,224,249,284,298,314,314,314,314,410,410,425,445,462,101,101,101,132,151,175,192,192,92,103,103,103,207,207,218,218,238,86,101,132,132,232,304,304,320,348,52,64,64,64],"floor_reached":51,"playtime":4510,"items_purged":["Strike_R","Strike_R","Writhe","Defend_R"],"score":849,"play_id":"5c949b1d-3382-4283-b25d-462ebaebbc5d","local_time":"20180725101028","is_ascension_mode":false,"campfire_choices":[{"data":"Warcry","floor":13.0,"key":"SMITH"},{"floor":15.0,"key":"REST"},{"data":"Iron Wave","floor":23.0,"key":"SMITH"},{"data":"Entrench","floor":28.0,"key":"SMITH"},{"data":"Armaments","floor":32.0,"key":"SMITH"},{"data":"True Grit","floor":41.0,"key":"SMITH"},{"data":"Juggernaut","floor":44.0,"key":"SMITH"},{"data":"Iron Wave","floor":49.0,"key":"SMITH"}],"neow_cost":"NONE","seed_source_timestamp":498707925756,"circlet_count":0,"master_deck":["Defend_R","Defend_R","Defend_R","Bash","Iron Wave","True Grit+1","Iron Wave+1","Flex+1","Iron Wave+1","Shrug It Off","Iron Wave+1","Warcry+1","Shrug It Off","Rage","Thunderclap","Disarm","Entrench+1","Armaments+1","Juggernaut+1","Iron Wave","Headbutt+1","Body Slam+1"],"special_seed":0,"relics":["Burning Blood","Regal Pillow","Oddly Smooth Stone","Blood Vial","Anchor","Orichalcum","Velvet Choker","Calipers","Magic Flower","Bag of Marbles","Lantern","White Beast Statue","Bronze Scales","Smiling Mask","Ice Cream","Shuriken"],"potions_floor_usage":[50],"damage_taken":[{"damage":5.0,"enemies":"2 Louse","floor":1.0,"turns":3.0},{"damage":3.0,"enemies":"Cultist","floor":3.0,"turns":4.0},{"damage":3.0,"enemies":"Jaw Worm","floor":5.0,"turns":4.0},{"damage":37.0,"enemies":"Gremlin Nob","floor":6.0,"turns":5.0},{"damage":7.0,"enemies":"Lots of Slimes","floor":7.0,"turns":4.0},{"damage":13.0,"enemies":"3 Sentries","floor":8.0,"turns":10.0},{"damage":28.0,"enemies":"Lagavulin","floor":10.0,"turns":8.0},{"damage":2.0,"enemies":"2 Fungi Beasts","floor":11.0,"turns":5.0},{"damage":0.0,"enemies":"Blue Slaver","floor":12.0,"turns":4.0},{"damage":53.0,"enemies":"Slime Boss","floor":16.0,"turns":13.0},{"damage":0.0,"enemies":"3 Byrds","floor":18.0,"turns":7.0},{"damage":18.0,"enemies":"Spheric Guardian","floor":19.0,"turns":6.0},{"damage":9.0,"enemies":"Centurion and Healer","floor":20.0,"turns":11.0},{"damage":8.0,"enemies":"Slavers","floor":24.0,"turns":9.0},{"damage":5.0,"enemies":"Snecko","floor":25.0,"turns":8.0},{"damage":0.0,"enemies":"Cultist and Chosen","floor":27.0,"turns":9.0},{"damage":0.0,"enemies":"Snake Plant","floor":30.0,"turns":7.0},{"damage":0.0,"enemies":"Champ","floor":33.0,"turns":38.0},{"damage":5.0,"enemies":"Flame Bruiser 1 Orb","floor":35.0,"turns":11.0},{"damage":2.0,"enemies":"Orb Walker","floor":37.0,"turns":5.0},{"damage":30.0,"enemies":"Transient","floor":39.0,"turns":5.0},{"damage":0.0,"enemies":"2 Orb Walkers","floor":40.0,"turns":6.0},{"damage":0.0,"enemies":"Spire Growth","floor":45.0,"turns":5.0},{"damage":0.0,"enemies":"Nemesis","floor":46.0,"turns":9.0},{"damage":0.0,"enemies":"Flame Bruiser 2 Orb","floor":48.0,"turns":7.0},{"damage":1,"enemies":"Awakened One","floor":50,"turns":11}],"seed_played":"8112528548238092647","potions_obtained":[{"floor":1.0,"key":"PowerPotion"},{"floor":6.0,"key":"Block Potion"},{"floor":7.0,"key":"Strength Potion"},{"floor":8.0,"key":"GamblersBrew"},{"floor":10.0,"key":"Swift Potion"},{"floor":20.0,"key":"Swift Potion"},{"floor":24.0,"key":"Explosive Potion"},{"floor":27.0,"key":"SteroidPotion"},{"floor":33.0,"key":"SmokeBomb"},{"floor":35.0,"key":"GamblersBrew"},{"floor":37.0,"key":"Ancient Potion"},{"floor":39.0,"key":"SkillPotion"},{"floor":40.0,"key":"BloodPotion"},{"floor":45.0,"key":"Block Potion"},{"floor":46.0,"key":"SmokeBomb"}],"is_trial":false,"path_per_floor":["M","?","M","?","M","E","M","E","T","E","M","M","R","?","R","B",null,"M","M","M","$","?","R","E","M","T","M","R","$","M","?","R","B",null,"M","?","M","$","M","E","R","?","T","R","M","E","$","M","R","B"],"character_chosen":"IRONCLAD","items_purchased":["Calipers","Iron Wave","Shuriken"],"campfire_rested":1,"item_purchase_floors":[21,38,47],"current_hp_per_floor":[80,80,80,80,80,49,48,41,41,21,27,35,35,19,58,13,80,80,68,67,67,67,67,67,74,74,80,80,80,80,80,80,80,80,80,80,80,80,59,71,71,71,71,71,80,80,80,80,80,80],"gold":64,"neow_bonus":"RANDOM_COMMON_RELIC","is_prod":false,"is_daily":false,"chose_seed":false,"campfire_upgraded":7,"win_rate":0,"timestamp":1532484628,"path_taken":["M","?","M","?","M","E","M","E","T","E","M","?","R","?","R","BOSS","M","M","M","$","?","R","E","M","T","M","R","$","?","?","R","BOSS","M","?","M","$","M","E","R","?","T","R","M","E","$","?","R","BOSS"],"build_version":"2018-07-19v2","purchased_purges":4,"victory":true,"max_hp_per_floor":[80,80,80,80,80,80,80,80,80,80,80,80,80,80,80,80,80,80,80,80,80,80,80,80,80,80,80,80,80,80,80,80,80,80,80,80,80,80,80,80,80,80,80,80,80,80,80,80,80,80],"card_choices":[{"not_picked":["Pummel","Cleave"],"picked":"Iron Wave","floor":1.0},{"not_picked":["Clothesline","Inflame"],"picked":"Iron Wave","floor":3.0},{"not_picked":["Flame Barrier","Second Wind"],"picked":"Flex","floor":5.0},{"not_picked":["Flex","Sever Soul"],"picked":"Iron Wave","floor":6.0},{"not_picked":["Uppercut","Clash"],"picked":"Shrug It Off","floor":7.0},{"not_picked":["Evolve","Rampage"],"picked":"Iron Wave","floor":8.0},{"not_picked":["True Grit","Cleave"],"picked":"Warcry","floor":10.0},{"not_picked":["Headbutt","Anger"],"picked":"Shrug It Off","floor":11.0},{"not_picked":["Intimidate","Inflame"],"picked":"Rage","floor":12.0},{"not_picked":["Iron Wave","Perfected Strike","True Grit+1"],"picked":"SKIP","floor":18.0},{"not_picked":["Reckless Charge+1","Heavy Blade","Searing Blow+1"],"picked":"SKIP","floor":19.0},{"not_picked":["True Grit","Hemokinesis"],"picked":"Thunderclap","floor":20.0},{"not_picked":["Bloodletting","Second Wind"],"picked":"Disarm","floor":24.0},{"not_picked":["Shockwave+1","Wild Strike"],"picked":"Entrench","floor":25.0},{"not_picked":["True Grit+1","Feed"],"picked":"Armaments","floor":27.0},{"not_picked":["Perfected Strike","Second Wind","Power Through"],"picked":"SKIP","floor":30.0},{"not_picked":["Barricade","Exhume"],"picked":"Juggernaut","floor":33.0},{"not_picked":["Twin Strike+1","Havoc","Armaments+1"],"picked":"SKIP","floor":35.0},{"not_picked":["Clothesline","Power Through+1","Pommel Strike+1"],"picked":"SKIP","floor":37.0},{"not_picked":["Flame Barrier+1","Cleave+1","Seeing Red+1"],"picked":"SKIP","floor":39.0},{"not_picked":["Clash","Heavy Blade","Flex"],"picked":"SKIP","floor":40.0},{"not_picked":["Bloodletting+1","Rage","Havoc+1"],"picked":"SKIP","floor":45.0},{"not_picked":["Clothesline","Seeing Red+1"],"picked":"Headbutt+1","floor":46.0},{"not_picked":["Bloodletting+1","Flex"],"picked":"Body Slam+1","floor":48.0}],"player_experience":198646,"relics_obtained":[{"floor":6.0,"key":"Oddly Smooth Stone"},{"floor":8.0,"key":"Blood Vial"},{"floor":9.0,"key":"Anchor"},{"floor":10.0,"key":"Orichalcum"},{"floor":24.0,"key":"Magic Flower"},{"floor":26.0,"key":"Bag of Marbles"},{"floor":40.0,"key":"Bronze Scales"},{"floor":43.0,"key":"Smiling Mask"},{"floor":46.0,"key":"Ice Cream"}],"event_choices":[{"event_name":"Transmorgrifier","player_choice":"Transform","floor":2.0,"damage_taken":0.0},{"event_name":"Wheel of Change","player_choice":"Card Removal","floor":4.0,"damage_taken":0.0},{"event_name":"Shining Light","player_choice":"Entered Light","floor":14.0,"damage_taken":0.0},{"event_name":"Back to Basics","player_choice":"Elegance","floor":22.0,"damage_taken":0.0},{"event_name":"The Mausoleum","player_choice":"Yes","floor":31.0,"damage_taken":0.0},{"event_name":"SensoryStone","player_choice":"Memory 1","floor":36.0,"damage_taken":0.0},{"event_name":"Golden Shrine","player_choice":"Pray","floor":42.0,"damage_taken":0.0}],"is_beta":false,"boss_relics":[{"not_picked":["Lizard Tail","Coffee Dripper"],"picked":"Velvet Choker"},{"not_picked":["Orrery","Mark of Pain"],"picked":"White Beast Statue"}],"items_purged_floors":[21,29,38,47],"is_endless":false,"potions_floor_spawned":[1,6,7,8,10,20,24,27,33,35,37,39,40,45,46,48],"ascension_level":0}