{"gold_per_floor":[116,135,135,135,148,148,148,176,176,176,101,121,121,131,131,131],"floor_reached":16,"playtime":709,"items_purged":["Strike_R"],"score":90,"play_id":"519ec17c-2972-41e9-a77d-7581605bda49","local_time":"20180728215127","is_ascension_mode":false,"campfire_choices":[{"data":"Barricade","floor":6.0,"key":"SMITH"},{"data":"Body Slam","floor":10.0,"key":"SMITH"},{"floor":13,"key":"REST"},{"data":"Iron Wave","floor":15,"key":"SMITH"}],"neow_cost":"CURSE","seed_source_timestamp":1792542338330,"circlet_count":0,"master_deck":["Strike_R","Strike_R","Strike_R","Strike_R","Defend_R","Defend_R","Defend_R","Defend_R","Bash","Barricade+1","Body Slam+1","Iron Wave+1","Seeing Red"],"special_seed":0,"relics":["Burning Blood"],"potions_floor_usage":[12,16],"damage_taken":[{"damage":2.0,"enemies":"Small Slimes","floor":1.0,"turns":6.0},{"damage":17.0,"enemies":"Cultist","floor":2.0,"turns":5.0},{"damage":3.0,"enemies":"2 Louse","floor":5.0,"turns":4.0},{"damage":36.0,"floor":8.0,"turns":9.0},{"damage":29,"enemies":"Gremlin Gang","floor":12,"turns":8},{"damage":21,"enemies":"Exordium Wildlife","floor":14,"turns":7},{"damage":30,"enemies":"Hexaghost","floor":16,"turns":11}],"seed_played":"8098171199300910597","potions_obtained":[{"floor":2.0,"key":"Ancient Potion"},{"floor":3.0,"key":"SkillPotion"},{"floor":3.0,"key":"SteroidPotion"},{"floor":5.0,"key":"EssenceOfSteel"},{"floor":14,"key":"Poison Potion"}],"is_trial":false,"path_per_floor":["M","M","?","?","M","R","?","?","T","R","$","M","R","M","R"],"character_chosen":"IRONCLAD","items_purchased":[],"campfire_rested":1,"item_purchase_floors":[],"current_hp_per_floor":[80,69,69,69,72,72,72,42,42,42,42,19,43,28,28,0],"gold":131,"neow_bonus":"THREE_RARE_CARDS","is_prod":false,"is_daily":false,"chose_seed":false,"campfire_upgraded":3,"win_rate":0,"timestamp":1532785887,"path_taken":["M","M","?","?","?","R","?","?","T","R","$","?","R","M","R","BOSS"],"build_version":"2018-07-26","purchased_purges":1,"victory":false,"max_hp_per_floor":[80,80,80,80,80,80,80,80,80,80,80,80,80,80,80,80],"card_choices":[{"not_picked":["Reaper","Offering"],"picked":"Barricade","floor":0.0},{"not_picked":["Twin Strike","Clothesline","Fire Breathing"],"picked":"SKIP","floor":1.0},{"not_picked":["Clash","Rupture","Power Through"],"picked":"SKIP","floor":2.0},{"not_picked":["Shrug It Off","Spot Weakness"],"picked":"Body Slam","floor":5.0},{"not_picked":["Reckless Charge","Body Slam"],"picked":"Iron Wave","floor":8.0},{"not_picked":["Thunderclap","Whirlwind"],"picked":"Seeing Red","floor":12},{"not_picked":["Warcry","Evolve","Limit Break"],"picked":"SKIP","floor":14}],"player_experience":231122,"relics_obtained":[],"event_choices":[{"event_name":"The Lab","player_choice":"Got Potions","floor":3.0,"damage_taken":0.0},{"event_name":"Scrap Ooze","player_choice":"unsuccessful","floor":4.0,"damage_taken":0.0},{"event_name":"Fountain of Cleansing","player_choice":"Removed Curse","floor":7.0,"damage_taken":0.0},{"event_name":"Mushrooms","player_choice":"Fought Mushrooms","floor":8.0,"damage_taken":0.0}],"is_beta":false,"boss_relics":[],"items_purged_floors":[11],"is_endless":false,"potions_floor_spawned":[2,5,14],"killed_by":"Hexaghost","ascension_level":0}