{"gold_per_floor":[119,133,58,8,83,83,258,258,310,336,336,358,358,6,6,6],"floor_reached":16,"playtime":515,"items_purged":["Strike_P","Defend_P"],"score":88,"play_id":"55d7840a-f7ec-47f1-8498-f5b1a120c934","local_time":"20190922041651","is_ascension_mode":false,"campfire_choices":[{"data":"PathToVictory","floor":8,"key":"SMITH"},{"data":"BowlingBash","floor":11,"key":"SMITH"},{"floor":15,"key":"REST"}],"neow_cost":"NONE","seed_source_timestamp":51827433523261,"circlet_count":0,"master_deck":["Strike_P","Strike_P","Strike_P","Defend_P","Defend_P","Eruption","Vigilance","BowlingBash+1","PathToVictory+1","Worship","MentalFortress"],"relics":["PureWater","CeramicFish","Meat on the Bone"],"potions_floor_usage":[],"damage_taken":[{"damage":0,"enemies":"Cultist","floor":1,"turns":2},{"damage":0,"enemies":"Small Slimes","floor":2,"turns":3},{"damage":17,"enemies":"Jaw Worm","floor":10,"turns":2},{"damage":15,"enemies":"Large Slime","floor":12,"turns":5},{"damage":50,"enemies":"Slime Boss","floor":16,"turns":8}],"seed_played":"569748532292138648","potions_obtained":[{"floor":10,"key":"DuplicationPotion"}],"is_trial":false,"path_per_floor":["M","M","$","?","?","$","?","R","T","M","R","M","?","$","R","B"],"character_chosen":"WATCHER","items_purchased":["Meat on the Bone"],"campfire_rested":1,"item_purchase_floors":[14],"current_hp_per_floor":[71,71,71,71,60,60,60,60,60,43,43,28,28,28,49,0],"gold":6,"neow_bonus":"TEN_PERCENT_HP_BONUS","is_prod":false,"is_daily":false,"chose_seed":false,"campfire_upgraded":2,"win_rate":0.0,"timestamp":1569093411,"path_taken":["M","M","?","?","?","?","?","R","T","?","R","M","?","$","R","BOSS"],"build_version":"2019-09-20","purchased_purges":2,"victory":false,"max_hp_per_floor":[71,71,71,71,71,71,71,71,71,71,71,71,71,71,71,71],"card_choices":[{"not_picked":["EmptyBody","Halt"],"picked":"BowlingBash","floor":1},{"not_picked":["Protect","FlyingSleeves"],"picked":"PathToVictory","floor":2},{"not_picked":["Devotion","Sanctity"],"picked":"Worship","floor":10},{"not_picked":["Prostrate","Evaluate"],"picked":"MentalFortress","floor":12}],"player_experience":513073,"relics_obtained":[{"floor":9,"key":"CeramicFish"}],"event_choices":[{"cards_removed":["Defend_P"],"damage_healed":0,"gold_gain":0,"player_choice":"Card Removal","damage_taken":0,"max_hp_gain":0,"max_hp_loss":0,"event_name":"The Cleric","floor":4,"gold_loss":50},{"damage_healed":0,"gold_gain":75,"player_choice":"Gather Gold","damage_taken":11,"max_hp_gain":0,"max_hp_loss":0,"event_name":"World of Goop","floor":5,"gold_loss":0},{"damage_healed":0,"gold_gain":175,"player_choice":"AGREE","damage_taken":0,"max_hp_gain":0,"max_hp_loss":0,"event_name":"Liars Game","floor":7,"gold_loss":0,"cards_obtained":["Doubt"]},{"cards_removed":["Doubt"],"damage_healed":0,"gold_gain":0,"player_choice":"Purged","damage_taken":0,"max_hp_gain":0,"max_hp_loss":0,"event_name":"Purifier","floor":13,"gold_loss":0}],"is_beta":true,"boss_relics":[],"items_purged_floors":[3,14],"is_endless":false,"potions_floor_spawned":[10],"killed_by":"Slime Boss","ascension_level":0}