{"gold_per_floor":[109,109,121,137,62,89,103,122,172,172,200,200,200,218,218,315,315,334,334,604,618,270,270,270,283,283,314,414,414,324,324,324,427,477,492,492,542,542,566,566,580,605,605,234,234,259,276,291,291,291],"floor_reached":51,"playtime":1226,"items_purged":["Defend_R","Strike_R","Strike_R"],"score":831,"play_id":"348bed7c-0e1d-4dda-84d7-6edf2709e54f","local_time":"20191024232927","is_ascension_mode":false,"campfire_choices":[{"data":"Clash","floor":13.0,"key":"SMITH"},{"data":"Disarm","floor":15.0,"key":"SMITH"},{"data":"RitualDagger","floor":24.0,"key":"SMITH"},{"floor":32.0,"key":"REST"},{"data":"Heavy Blade","floor":40.0,"key":"SMITH"},{"data":"Impervious","floor":45.0,"key":"SMITH"},{"floor":49,"key":"REST"}],"neow_cost":"TEN_PERCENT_HP_LOSS","seed_source_timestamp":43125143857692,"circlet_count":0,"master_deck":["Strike_R+1","Bash","Clash+1","Thunderclap","Disarm+1","Flex+1","CurseOfTheBell","RitualDagger+1","Spot Weakness+1","Impervious+1","Spot Weakness+1","Heavy Blade+1","Bandage Up","Uppercut+1"],"special_seed":0,"relics":["Burning Blood","Juzu Bracelet","Strawberry","Shuriken","Calling Bell","Art of War","Blue Candle","Mango","Lantern","Meat on the Bone","Blood Vial","Mummified Hand","Du-Vu Doll","Bottled Flame","Tiny House","Incense Burner","PreservedInsect","CloakClasp","Sundial","Dream Catcher"],"potions_floor_usage":[46,50,50,50],"damage_taken":[{"damage":10.0,"enemies":"Small Slimes","floor":1.0,"turns":3.0},{"damage":1.0,"enemies":"Cultist","floor":3.0,"turns":3.0},{"damage":6.0,"enemies":"Jaw Worm","floor":4.0,"turns":3.0},{"damage":11.0,"enemies":"3 Sentries","floor":6.0,"turns":3.0},{"damage":11.0,"enemies":"Red Slaver","floor":7.0,"turns":2.0},{"damage":14.0,"enemies":"Large Slime","floor":8.0,"turns":3.0},{"damage":32.0,"enemies":"Lagavulin","floor":11.0,"turns":6.0},{"damage":0.0,"enemies":"Exordium Wildlife","floor":14.0,"turns":3.0},{"damage":39.0,"enemies":"The Guardian","floor":16.0,"turns":7.0},{"damage":31.0,"enemies":"2 Thieves","floor":18.0,"turns":3.0},{"damage":13.0,"enemies":"Shell Parasite","floor":21.0,"turns":3.0},{"damage":10.0,"enemies":"Centurion and Healer","floor":25.0,"turns":3.0},{"damage":24.0,"enemies":"Book of Stabbing","floor":27.0,"turns":4.0},{"damage":21.0,"enemies":"Colosseum Slavers","floor":28.0,"turns":4.0},{"damage":12.0,"enemies":"Colosseum Nobs","floor":28.0,"turns":4.0},{"damage":60.0,"enemies":"Collector","floor":33.0,"turns":8.0},{"damage":15.0,"enemies":"3 Shapes","floor":35.0,"turns":6.0},{"damage":22.0,"enemies":"Mind Bloom Boss Battle","floor":37.0,"turns":7.0},{"damage":13.0,"enemies":"Orb Walker","floor":41.0,"turns":3.0},{"damage":22.0,"enemies":"Reptomancer","floor":42.0,"turns":5.0},{"damage":13,"enemies":"Nemesis","floor":46,"turns":5},{"damage":7,"enemies":"4 Shapes","floor":47,"turns":6},{"damage":27,"enemies":"3 Darklings","floor":48,"turns":5},{"damage":69,"enemies":"Time Eater","floor":50,"turns":9}],"seed_played":"-5605429019467559119","potions_obtained":[{"floor":2.0,"key":"DuplicationPotion"},{"floor":2.0,"key":"Explosive Potion"},{"floor":2.0,"key":"SkillPotion"},{"floor":4.0,"key":"SteroidPotion"},{"floor":6.0,"key":"Explosive Potion"},{"floor":8.0,"key":"SpeedPotion"},{"floor":21.0,"key":"Weak Potion"},{"floor":25.0,"key":"Fire Potion"},{"floor":28.0,"key":"BloodPotion"},{"floor":33.0,"key":"Explosive Potion"},{"floor":34.0,"key":"DistilledChaos"},{"floor":35.0,"key":"Fire Potion"},{"floor":42.0,"key":"ColorlessPotion"},{"floor":47,"key":"Weak Potion"}],"is_trial":false,"path_per_floor":["M","?","M","M","$","E","M","M","T","?","E","?","R","M","R","B",null,"M","?","?","M","$","?","R","M","T","E","?","?","?","?","R","B",null,"M","?","?","?","T","R","M","E","T","$","R","E","M","M","R","B",null],"character_chosen":"IRONCLAD","items_purchased":["Meat on the Bone","Sundial"],"campfire_rested":2,"item_purchase_floors":[22,44],"current_hp_per_floor":[68,68,72,72,72,67,62,54,61,61,35,35,35,41,41,8,93,68,68,41,34,34,28,28,36,36,32,39,39,39,39,66,26,98,89,89,75,75,75,75,74,64,64,64,64,63,68,65,94,66],"gold":291,"neow_bonus":"REMOVE_TWO","is_prod":false,"is_daily":false,"chose_seed":false,"campfire_upgraded":5,"win_rate":0,"timestamp":1571952567,"path_taken":["M","?","?","M","$","E","M","M","T","?","E","?","R","M","R","BOSS","M","?","?","M","$","?","R","M","T","E","?","?","?","?","R","BOSS","M","?","?","?","?","R","M","E","T","$","R","E","M","M","R","BOSS"],"build_version":"2019-10-24","purchased_purges":3,"victory":true,"max_hp_per_floor":[72,72,72,72,72,72,72,72,79,79,79,79,79,79,79,79,93,93,93,93,93,93,93,93,93,93,93,93,93,93,93,93,93,98,98,98,98,98,98,98,98,98,98,98,98,98,98,98,98,98],"card_choices":[{"not_picked":["Perfected Strike","Dropkick"],"picked":"Clash","floor":1.0},{"not_picked":["Perfected Strike","Body Slam","Seeing Red"],"picked":"SKIP","floor":3.0},{"not_picked":["Blood for Blood","Perfected Strike"],"picked":"Thunderclap","floor":4.0},{"not_picked":["Havoc","Evolve"],"picked":"Disarm","floor":6.0},{"not_picked":["Havoc","Seeing Red","Carnage"],"picked":"SKIP","floor":7.0},{"not_picked":["Shockwave","Sword Boomerang","Dual Wield"],"picked":"SKIP","floor":8.0},{"not_picked":["Second Wind","Carnage","Evolve"],"picked":"SKIP","floor":11.0},{"not_picked":["True Grit","Cleave"],"picked":"Flex","floor":14.0},{"not_picked":["True Grit","Juggernaut","Metallicize"],"picked":"SKIP","floor":18.0},{"not_picked":["Havoc","Shrug It Off","Warcry"],"picked":"SKIP","floor":21.0},{"not_picked":["Dual Wield","Thunderclap","Iron Wave"],"picked":"SKIP","floor":25.0},{"not_picked":["Armaments","Intimidate","Bludgeon"],"picked":"SKIP","floor":27.0},{"not_picked":["Fiend Fire","Exhume"],"picked":"Impervious","floor":33.0},{"not_picked":["Clothesline","Sword Boomerang"],"picked":"Spot Weakness+1","floor":34.0},{"not_picked":["Shrug It Off+1","Cleave+1","Sword Boomerang"],"picked":"SKIP","floor":35.0},{"not_picked":["Perfected Strike+1","Pommel Strike+1"],"picked":"Heavy Blade","floor":37.0},{"not_picked":["Sadistic Nature","Master of Strategy"],"picked":"Bandage Up","floor":38.0},{"not_picked":["Sword Boomerang","Power Through","Shrug It Off"],"picked":"SKIP","floor":41.0},{"not_picked":["Rupture+1","Clash","Berserk"],"picked":"SKIP","floor":42.0},{"not_picked":["Twin Strike","True Grit","Armaments"],"picked":"SKIP","floor":46},{"not_picked":["Thunderclap+1","Rupture"],"picked":"Uppercut+1","floor":47},{"not_picked":["Feel No Pain+1","Carnage+1","Body Slam"],"picked":"SKIP","floor":48}],"player_experience":894065,"relics_obtained":[{"floor":6.0,"key":"Juzu Bracelet"},{"floor":9.0,"key":"Strawberry"},{"floor":11.0,"key":"Shuriken"},{"floor":17.0,"key":"Art of War"},{"floor":17.0,"key":"Blue Candle"},{"floor":17.0,"key":"Mango"},{"floor":26.0,"key":"Blood Vial"},{"floor":27.0,"key":"Mummified Hand"},{"floor":28.0,"key":"Du-Vu Doll"},{"floor":28.0,"key":"Bottled Flame"},{"floor":37.0,"key":"Incense Burner"},{"floor":39.0,"key":"PreservedInsect"},{"floor":42.0,"key":"CloakClasp"},{"floor":46,"key":"Dream Catcher"}],"event_choices":[{"damage_healed":0.0,"max_hp_gain":0.0,"max_hp_loss":0.0,"gold_gain":0.0,"event_name":"Lab","player_choice":"Got Potions","floor":2.0,"gold_loss":0.0,"damage_taken":0.0},{"cards_removed":["Defend_R"],"damage_healed":0.0,"max_hp_gain":0.0,"max_hp_loss":0.0,"gold_gain":0.0,"event_name":"Purifier","player_choice":"Purged","floor":10.0,"gold_loss":0.0,"damage_taken":0.0},{"damage_healed":0.0,"max_hp_gain":0.0,"max_hp_loss":0.0,"gold_gain":0.0,"event_name":"Scrap Ooze","player_choice":"Fled","floor":12.0,"gold_loss":0.0,"damage_taken":0.0},{"damage_healed":0.0,"max_hp_gain":0.0,"max_hp_loss":0.0,"gold_gain":0.0,"event_name":"The Mausoleum","player_choice":"Opened","floor":19.0,"gold_loss":0.0,"damage_taken":0.0,"relics_obtained":["Lantern"]},{"damage_healed":0.0,"max_hp_gain":0.0,"max_hp_loss":0.0,"gold_gain":270.0,"event_name":"Knowing Skull","player_choice":"GOLD GOLD GOLD ","floor":20.0,"potions_obtained":[],"gold_loss":0.0,"damage_taken":27.0,"cards_obtained":[]},{"damage_healed":0.0,"max_hp_gain":0.0,"max_hp_loss":0.0,"gold_gain":0.0,"event_name":"Nest","player_choice":"Joined the Cult","floor":23.0,"gold_loss":0.0,"damage_taken":6.0,"cards_obtained":["RitualDagger"]},{"damage_healed":0.0,"max_hp_gain":0.0,"max_hp_loss":0.0,"gold_gain":0.0,"event_name":"Colosseum","player_choice":"Fight","floor":28.0,"gold_loss":0.0,"damage_taken":0.0},{"damage_healed":0.0,"max_hp_gain":0.0,"max_hp_loss":0.0,"gold_gain":0.0,"event_name":"Colosseum","player_choice":"Fought Nobs","floor":28.0,"gold_loss":0.0,"damage_taken":0.0},{"damage_healed":0.0,"max_hp_gain":0.0,"max_hp_loss":0.0,"gold_gain":0.0,"event_name":"The Library","player_choice":"Read","floor":29.0,"gold_loss":0.0,"damage_taken":0.0,"cards_obtained":["Spot Weakness"]},{"cards_removed":["Strike_R"],"damage_healed":0.0,"max_hp_gain":0.0,"max_hp_loss":0.0,"gold_gain":0.0,"event_name":"Designer","player_choice":"Upgrade and Remove","floor":30.0,"gold_loss":90.0,"damage_taken":0.0,"cards_upgraded":["Spot Weakness"]},{"damage_healed":0.0,"max_hp_gain":0.0,"max_hp_loss":0.0,"gold_gain":0.0,"event_name":"Upgrade Shrine","player_choice":"Upgraded","floor":31.0,"gold_loss":0.0,"damage_taken":0.0,"cards_upgraded":["Flex"]},{"cards_removed":["Strike_R"],"damage_healed":0.0,"max_hp_gain":0.0,"max_hp_loss":0.0,"gold_gain":0.0,"event_name":"Bonfire Elementals","player_choice":"Offered Basic","floor":36.0,"gold_loss":0.0,"damage_taken":0.0},{"damage_healed":0.0,"max_hp_gain":0.0,"max_hp_loss":0.0,"gold_gain":0.0,"event_name":"MindBloom","player_choice":"Fight","floor":37.0,"gold_loss":0.0,"damage_taken":0.0},{"damage_healed":0.0,"max_hp_gain":0.0,"max_hp_loss":0.0,"gold_gain":0.0,"event_name":"SensoryStone","player_choice":"Memory 1","floor":38.0,"gold_loss":0.0,"damage_taken":0.0}],"is_beta":true,"boss_relics":[{"not_picked":["Snecko Eye","Mark of Pain"],"picked":"Calling Bell"},{"not_picked":["Runic Pyramid","Velvet Choker"],"picked":"Tiny House"}],"items_purged_floors":[5,22,44],"is_endless":false,"potions_floor_spawned":[4,6,8,21,25,28,33,35,42,47],"ascension_level":0}