{"gold_per_floor":[117,117,117,192,211,211,55,74,74,91,116,116,151,169,169,266,266,283,310,310,322,322,322],"floor_reached":23,"playtime":2141,"items_purged":["Strike_R"],"score":199,"play_id":"6e925667-7a72-462d-8aaf-d3c854ba1c8d","local_time":"20180630115616","is_ascension_mode":false,"campfire_choices":[{"data":"Rampage","floor":6,"key":"SMITH"},{"floor":12,"key":"REST"},{"data":"Rampage","floor":15,"key":"SMITH"}],"neow_cost":"","seed_source_timestamp":2343009340755,"circlet_count":0,"master_deck":["Strike_R","Strike_R","Strike_R","Strike_R+1","Defend_R","Defend_R","Defend_R+1","Defend_R","Bash","Ghostly Armor","Rampage+1","Rampage+1","Whirlwind","Cleave","Shrug It Off","Clothesline","Shrug It Off","Flame Barrier","Double Tap","Thunderclap","Second Wind","Bludgeon"],"relics":["Burning Blood","Orichalcum","Shuriken","Dream Catcher","Anchor","Runic Pyramid","Red Mask","Juzu Bracelet"],"potions_floor_usage":[16,19,23],"damage_taken":[{"damage":7,"enemies":"Small Slimes","floor":1,"turns":4},{"damage":0,"enemies":"2 Louse","floor":5,"turns":4},{"damage":1,"enemies":"Jaw Worm","floor":8,"turns":4},{"damage":4,"enemies":"Exordium Wildlife","floor":10,"turns":4},{"damage":8,"enemies":"Gremlin Nob","floor":11,"turns":4},{"damage":22,"enemies":"Lagavulin","floor":13,"turns":6},{"damage":0,"enemies":"Blue Slaver","floor":14,"turns":4},{"damage":20,"enemies":"The Guardian","floor":16,"turns":13},{"damage":31,"enemies":"Chosen","floor":18,"turns":7},{"damage":13,"floor":19,"turns":3},{"damage":0,"enemies":"3 Byrds","floor":21,"turns":3},{"damage":62,"enemies":"Gremlin Leader","floor":23,"turns":7}],"seed_played":"-2132193163659961786","potions_obtained":[{"floor":1,"key":"SteroidPotion"},{"floor":8,"key":"Explosive Potion"},{"floor":13,"key":"Weak Potion"},{"floor":14,"key":"Strength Potion"},{"floor":16,"key":"Ancient Potion"},{"floor":21,"key":"SteroidPotion"}],"is_trial":false,"path_per_floor":["M","?","?","?","M","R","$","M","T","M","E","R","E","M","R","B",null,"M","?","?","M","?"],"character_chosen":"IRONCLAD","items_purchased":["Rampage"],"campfire_rested":1,"item_purchase_floors":[7],"current_hp_per_floor":[79,72,56,45,51,51,51,56,56,58,56,80,64,70,70,56,80,55,48,48,54,54,0],"gold":322,"neow_bonus":"","is_prod":false,"is_daily":false,"chose_seed":false,"campfire_upgraded":2,"win_rate":0.0,"timestamp":1530330976,"path_taken":["M","?","?","?","?","R","?","?","T","M","E","R","E","M","R","BOSS","M","?","?","M","?","E"],"build_version":"2018-06-28","purchased_purges":1,"victory":false,"max_hp_per_floor":[80,80,80,80,80,80,80,80,80,80,80,80,80,80,80,80,80,80,80,80,80,80,80],"card_choices":[{"not_picked":["Sword Boomerang","Thunderclap"],"picked":"Ghostly Armor","floor":1},{"not_picked":["Infernal Blade","Carnage"],"picked":"Rampage","floor":5},{"not_picked":["Combust","Second Wind"],"picked":"Whirlwind","floor":8},{"not_picked":["Flex","Body Slam"],"picked":"Cleave","floor":10},{"not_picked":["Shockwave","Intimidate"],"picked":"Shrug It Off","floor":11},{"not_picked":["Entrench","Anger"],"picked":"Clothesline","floor":12},{"not_picked":["Rupture","Cleave"],"picked":"Shrug It Off","floor":13},{"not_picked":["Disarm","Carnage"],"picked":"Flame Barrier","floor":14},{"not_picked":["Juggernaut","Reaper"],"picked":"Double Tap","floor":16},{"not_picked":["Shrug It Off","Ghostly Armor"],"picked":"Thunderclap","floor":18},{"not_picked":["Body Slam","Battle Trance"],"picked":"Second Wind","floor":19},{"not_picked":["Battle Trance+1","Warcry","Body Slam"],"picked":"SKIP","floor":21}],"player_experience":0,"relics_obtained":[{"floor":9,"key":"Shuriken"},{"floor":11,"key":"Dream Catcher"},{"floor":13,"key":"Anchor"},{"floor":19,"key":"Red Mask"}],"event_choices":[{"event_name":"Scrap Ooze","player_choice":"success","floor":2,"damage_taken":7},{"event_name":"Shining Light","player_choice":"Entered Light","floor":3,"damage_taken":0},{"event_name":"World of Goop","player_choice":"Gather Gold","floor":4,"damage_taken":0},{"event_name":"Masked Bandits","player_choice":"Fought over 283 gold","floor":19,"damage_taken":0},{"event_name":"Match and Keep!","player_choice":"1 cards matched","floor":20,"damage_taken":0},{"event_name":"The Mausoleum","player_choice":"Yes","floor":22,"damage_taken":0}],"boss_relics":[{"not_picked":["Busted Crown","Velvet Choker"],"picked":"Runic Pyramid"}],"items_purged_floors":[7],"is_endless":false,"potions_floor_spawned":[1,8,13,14,16,21],"killed_by":"Gremlin Leader","ascension_level":0}