{"gold_per_floor":[119,132,151,151,151,151,178,178,178,210,210,385,416,435,435,536,536,549,569,569,398,411,443,443,217,217,217,236,253,283,303,303,404,404,417,417,367,367,384,411,411,28,28,28,45,45,80,91,91,91],"floor_reached":51,"playtime":3565,"items_purged":["Doubt","Writhe","Strike_B","Strike_B"],"score":837,"play_id":"81f4f9e9-b44d-47be-9a8c-40483f7d7e17","local_time":"20180720181327","is_ascension_mode":true,"campfire_choices":[{"data":"Machine Learning","floor":6.0,"key":"SMITH"},{"data":"Dualcast","floor":8.0,"key":"SMITH"},{"data":"Zap","floor":11.0,"key":"SMITH"},{"floor":15.0,"key":"REST"},{"data":"Sunder","floor":24.0,"key":"SMITH"},{"data":"Scrape","floor":27.0,"key":"SMITH"},{"floor":32.0,"key":"REST"},{"floor":41,"key":"REST"},{"data":"Beam Cell","floor":44,"key":"SMITH"},{"data":"Go for the Eyes","floor":46,"key":"SMITH"},{"data":"Sweeping Beam","floor":49,"key":"SMITH"}],"neow_cost":"NONE","seed_source_timestamp":31182310814523,"circlet_count":0,"master_deck":["Strike_B","Strike_B","Defend_B","Defend_B","Defend_B","Defend_B","Zap+1","Dualcast+1","Machine Learning+1","Cold Snap","Sweeping Beam+1","Cold Snap","Double Energy+1","Sunder+1","All For One","Turbo+1","Beam Cell+1","Trip+1","Tempest+1","Go for the Eyes+1","Scrape+1","Madness+1","Rebound+1","Coolheaded+1","Conserve Battery+1","Fission+1","Stack+1","All For One","Redo+1","Go for the Eyes+1","Compile Driver+1","Coolheaded+1"],"special_seed":0,"relics":["Cracked Core","Pen Nib","Pantograph","Toxic Egg 2","Symbiotic Virus","Bag of Preparation","Runic Pyramid","Gremlin Horn","Incense Burner","Smiling Mask","Mercury Hourglass","Black Star","Torii","Ice Cream","Bottled Lightning","Matryoshka","Ornamental Fan","Mummified Hand"],"potions_floor_usage":[35,40,50,50,50],"damage_taken":[{"damage":8.0,"enemies":"Jaw Worm","floor":1.0,"turns":4.0},{"damage":1.0,"enemies":"Cultist","floor":2.0,"turns":3.0},{"damage":0.0,"enemies":"Small Slimes","floor":3.0,"turns":4.0},{"damage":26.0,"enemies":"Lagavulin","floor":7.0,"turns":7.0},{"damage":10.0,"enemies":"Gremlin Nob","floor":10.0,"turns":4.0},{"damage":22.0,"enemies":"Lagavulin","floor":13.0,"turns":5.0},{"damage":0.0,"enemies":"Blue Slaver","floor":14.0,"turns":2.0},{"damage":24.0,"enemies":"Slime Boss","floor":16.0,"turns":8.0},{"damage":12.0,"enemies":"Shell Parasite","floor":18.0,"turns":4.0},{"damage":0.0,"enemies":"Spheric Guardian","floor":19.0,"turns":3.0},{"damage":0.0,"enemies":"3 Cultists","floor":22.0,"turns":3.0},{"damage":13.0,"enemies":"Book of Stabbing","floor":23.0,"turns":3.0},{"damage":25.0,"enemies":"Slaver and Parasite","floor":28.0,"turns":2.0},{"damage":0.0,"enemies":"Snecko","floor":29.0,"turns":2.0},{"damage":11.0,"enemies":"Gremlin Leader","floor":30.0,"turns":3.0},{"damage":0.0,"enemies":"Snake Plant","floor":31.0,"turns":1.0},{"damage":51.0,"enemies":"Automaton","floor":33.0,"turns":7.0},{"damage":24,"enemies":"3 Darklings","floor":35,"turns":3},{"damage":4,"enemies":"3 Shapes","floor":39,"turns":2},{"damage":32,"enemies":"Giant Head","floor":40,"turns":8},{"damage":0,"enemies":"Sphere and 2 Shapes","floor":45,"turns":1},{"damage":3,"enemies":"Nemesis","floor":47,"turns":3},{"damage":10,"enemies":"Spire Growth","floor":48,"turns":3},{"damage":39,"enemies":"Awakened One","floor":50,"turns":12}],"seed_played":"9191749176201574543","potions_obtained":[{"floor":1.0,"key":"SteroidPotion"},{"floor":2.0,"key":"LiquidBronze"},{"floor":4.0,"key":"Strength Potion"},{"floor":4.0,"key":"Block Potion"},{"floor":22.0,"key":"SteroidPotion"},{"floor":23.0,"key":"Dexterity Potion"},{"floor":28.0,"key":"Ancient Potion"},{"floor":29.0,"key":"Block Potion"},{"floor":31.0,"key":"SkillPotion"},{"floor":33.0,"key":"Energy Potion"},{"floor":40,"key":"FearPotion"},{"floor":45,"key":"Strength Potion"},{"floor":48,"key":"Swift Potion"}],"is_trial":false,"path_per_floor":["M","M","M","?","?","R","E","R","T","E","R","?","E","M","R","B",null,"M","M","?","$","M","E","R","$","T","R","M","M","E","M","R","B",null,"M","?","$","?","M","E","R","$","T","R","M","R","E","M","R","B"],"character_chosen":"DEFECT","items_purchased":["Trip+1","Scrape","Madness+1","Bottled Lightning","Redo+1","Go for the Eyes"],"campfire_rested":3,"item_purchase_floors":[21,25,25,42,42,42],"current_hp_per_floor":[67,66,66,66,63,63,37,37,37,27,27,27,5,5,27,28,75,63,63,63,63,63,50,50,50,50,50,25,25,14,14,36,10,75,51,51,51,51,47,15,37,37,37,37,37,37,34,24,24,10],"gold":91,"neow_bonus":"ONE_RANDOM_RARE_CARD","is_prod":false,"is_daily":false,"chose_seed":false,"campfire_upgraded":8,"win_rate":0,"timestamp":1532081607,"path_taken":["M","M","M","?","?","R","E","R","T","E","R","?","E","M","R","BOSS","M","M","?","?","M","E","R","$","T","R","M","M","E","M","R","BOSS","M","?","?","?","?","E","R","$","T","R","M","R","E","M","R","BOSS"],"build_version":"2018-07-19v2","purchased_purges":4,"victory":true,"max_hp_per_floor":[75,75,75,75,75,75,75,75,75,75,75,75,75,75,75,75,75,75,75,75,75,75,75,75,75,75,75,75,75,75,75,75,75,75,75,75,75,75,75,75,75,75,75,75,75,75,75,75,75,75],"card_choices":[{"not_picked":["Chill","Gash"],"picked":"Cold Snap","floor":1.0},{"not_picked":["Cold Snap","Beam Cell"],"picked":"Sweeping Beam","floor":2.0},{"not_picked":["Force Field","Streamline"],"picked":"Cold Snap","floor":3.0},{"not_picked":["Hello World","Rainbow","Loop"],"picked":"SKIP","floor":7.0},{"not_picked":["Chill+1","Turbo+1","Compile Driver"],"picked":"SKIP","floor":10.0},{"not_picked":["Ball Lightning","Gash"],"picked":"Double Energy+1","floor":13.0},{"not_picked":["Heatsinks","Go for the Eyes"],"picked":"Sunder","floor":14.0},{"not_picked":["Multi-Cast+1","Echo Form"],"picked":"All For One","floor":16.0},{"not_picked":["Storm+1","Hello World"],"picked":"Turbo+1","floor":18.0},{"not_picked":["Barrage+1","Coolheaded+1"],"picked":"Beam Cell","floor":19.0},{"not_picked":["Chill+1","Beam Cell"],"picked":"Tempest+1","floor":22.0},{"not_picked":["Stack+1","Chill+1"],"picked":"Go for the Eyes","floor":23.0},{"not_picked":["Conserve Battery+1","Reprogram+1"],"picked":"Rebound+1","floor":28.0},{"not_picked":["Steam+1","Biased Cognition"],"picked":"Coolheaded+1","floor":29.0},{"not_picked":["Loop","Beam Cell","Reprogram+1"],"picked":"SKIP","floor":30.0},{"not_picked":["Barrage","Go for the Eyes+1"],"picked":"Conserve Battery+1","floor":31.0},{"not_picked":["Reboot+1","Rainbow+1"],"picked":"Fission+1","floor":33.0},{"not_picked":["Rebound+1","BootSequence+1","Auto Shields+1"],"picked":"SKIP","floor":35},{"not_picked":["Leap+1","Rebound+1"],"picked":"Stack+1","floor":39},{"not_picked":["Turbo+1","Double Energy+1"],"picked":"All For One","floor":40},{"not_picked":["Stack+1","Rebound","Turbo+1"],"picked":"SKIP","floor":45},{"not_picked":["BootSequence+1","Steam+1"],"picked":"Compile Driver+1","floor":47},{"not_picked":["Barrage+1","Streamline+1"],"picked":"Coolheaded+1","floor":48}],"player_experience":167351,"relics_obtained":[{"floor":7.0,"key":"Pantograph"},{"floor":9.0,"key":"Toxic Egg 2"},{"floor":10.0,"key":"Symbiotic Virus"},{"floor":13.0,"key":"Bag of Preparation"},{"floor":23.0,"key":"Incense Burner"},{"floor":26.0,"key":"Smiling Mask"},{"floor":30.0,"key":"Mercury Hourglass"},{"floor":40,"key":"Torii"},{"floor":40,"key":"Ice Cream"},{"floor":43,"key":"Matryoshka"},{"floor":47,"key":"Ornamental Fan"},{"floor":47,"key":"Mummified Hand"}],"event_choices":[{"event_name":"The Lab","player_choice":"Got Potions","floor":4.0,"damage_taken":0.0},{"event_name":"Scrap Ooze","player_choice":"success","floor":5.0,"damage_taken":3.0},{"event_name":"Liars Game","player_choice":"agreed","floor":12.0,"damage_taken":0.0},{"event_name":"The Mausoleum","player_choice":"Yes","floor":20.0,"damage_taken":0.0},{"event_name":"Upgrade Shrine","player_choice":"Upgraded","floor":36,"damage_taken":0},{"event_name":"Tomb of Lord Red Mask","player_choice":"Ignored","floor":38,"damage_taken":0}],"is_beta":false,"boss_relics":[{"not_picked":["Sozu","Calling Bell"],"picked":"Runic Pyramid"},{"not_picked":["Astrolabe","Snecko Eye"],"picked":"Black Star"}],"items_purged_floors":[21,25,37,42],"is_endless":false,"potions_floor_spawned":[1,2,7,10,22,23,28,29,31,33,40,45,48],"ascension_level":2}