{"gold_per_floor":[110,185,202,202,215,244,255,255,281,62,78,94,94,110,110,188,188,207,223,148,159,84,84],"floor_reached":23,"playtime":492,"items_purged":["Rupture+1"],"score":490,"play_id":"06170b8e-ba26-4bec-9ee1-76d0ff1df8ba","local_time":"20190730141253","is_ascension_mode":true,"campfire_choices":[{"data":"Twin Strike","floor":8,"key":"SMITH"},{"data":"Pommel Strike","floor":13,"key":"SMITH"},{"data":"Sword Boomerang","floor":15,"key":"SMITH"}],"neow_cost":"NONE","seed_source_timestamp":525326028848427,"circlet_count":0,"master_deck":["AscendersBane","Strike_R","Strike_R","Strike_R","Strike_R","Strike_R","Bash+1","Thunderclap","Twin Strike+1","Pommel Strike+1","Sword Boomerang+1","Limit Break","Shrug It Off+1","Wild Strike+1","Flex+1","Spot Weakness"],"special_seed":0,"relics":["Burning Blood","NeowsBlessing","Lantern","Strawberry","Lee\u0027s Waffle","Astrolabe"],"potions_floor_usage":[16,19],"damage_taken":[{"damage":0.0,"enemies":"Cultist","floor":1.0,"turns":1.0},{"damage":0.0,"enemies":"2 Louse","floor":3.0,"turns":1.0},{"damage":0.0,"enemies":"Small Slimes","floor":5.0,"turns":1.0},{"damage":25.0,"enemies":"3 Sentries","floor":6.0,"turns":8.0},{"damage":6,"enemies":"Blue Slaver","floor":7,"turns":3},{"damage":1,"enemies":"3 Louse","floor":11,"turns":3},{"damage":2,"enemies":"Looter","floor":12,"turns":3},{"damage":5,"enemies":"2 Fungi Beasts","floor":14,"turns":3},{"damage":0,"enemies":"Slime Boss","floor":16,"turns":3},{"damage":18,"enemies":"Chosen","floor":18,"turns":4},{"damage":8,"enemies":"3 Byrds","floor":19,"turns":5},{"damage":19,"enemies":"Snake Plant","floor":21,"turns":3},{"damage":62,"enemies":"Book of Stabbing","floor":23,"turns":4}],"seed_played":"4805558718536125021","potions_obtained":[{"floor":3.0,"key":"SteroidPotion"},{"floor":5.0,"key":"AttackPotion"},{"floor":11,"key":"LiquidBronze"},{"floor":14,"key":"AttackPotion"}],"is_trial":false,"path_per_floor":["M","?","M","?","M","E","M","R","T","$","M","M","R","M","R","B",null,"M","M","$","M","?","E"],"character_chosen":"IRONCLAD","items_purchased":["Lee\u0027s Waffle"],"campfire_rested":0,"item_purchase_floors":[10],"current_hp_per_floor":[74,63,69,69,75,56,56,56,63,89,89,89,89,89,89,89,89,77,75,75,62,62,0],"gold":84,"neow_bonus":"THREE_ENEMY_KILL","is_prod":false,"is_daily":false,"chose_seed":false,"campfire_upgraded":3,"win_rate":0,"timestamp":1564488773,"path_taken":["M","?","M","?","?","E","M","R","T","$","M","M","R","?","R","BOSS","M","M","$","M","?","E"],"build_version":"2019-07-17","purchased_purges":1,"victory":false,"max_hp_per_floor":[75,75,75,75,75,75,75,75,82,89,89,89,89,89,89,89,89,89,89,89,89,89,89],"card_choices":[{"not_picked":["Warcry","Dual Wield"],"picked":"Thunderclap","floor":1.0},{"not_picked":["Armaments","Clothesline","Wild Strike"],"picked":"SKIP","floor":3.0},{"not_picked":["Fire Breathing","True Grit"],"picked":"Twin Strike","floor":5.0},{"not_picked":["Warcry","Havoc"],"picked":"Pommel Strike","floor":6.0},{"not_picked":["Fire Breathing","Rage"],"picked":"Sword Boomerang","floor":7},{"not_picked":["Power Through","Carnage","Second Wind"],"picked":"SKIP","floor":11},{"not_picked":["Anger","Clothesline","Sword Boomerang"],"picked":"SKIP","floor":12},{"not_picked":["Shockwave","Burning Pact","Rupture"],"picked":"SKIP","floor":14},{"not_picked":["Demon Form","Barricade"],"picked":"Limit Break","floor":16},{"not_picked":["Havoc","Wild Strike"],"picked":"Flex+1","floor":18},{"not_picked":["Clash","Combust"],"picked":"Spot Weakness","floor":19},{"not_picked":["Intimidate","Sentinel","Pommel Strike"],"picked":"SKIP","floor":21}],"player_experience":904948,"relics_obtained":[{"floor":6.0,"key":"Lantern"},{"floor":9,"key":"Strawberry"}],"event_choices":[{"damage_healed":0.0,"max_hp_gain":0.0,"max_hp_loss":0.0,"gold_gain":75.0,"event_name":"World of Goop","player_choice":"Gather Gold","floor":2.0,"gold_loss":0.0,"damage_taken":11.0},{"damage_healed":0.0,"max_hp_gain":0.0,"max_hp_loss":0.0,"gold_gain":0.0,"event_name":"Accursed Blacksmith","player_choice":"Forge","floor":4.0,"gold_loss":0.0,"damage_taken":0.0,"cards_upgraded":["Bash"]},{"cards_removed":["Defend_R"],"damage_healed":0,"gold_gain":0,"player_choice":"Gave Gold","damage_taken":0,"max_hp_gain":0,"max_hp_loss":0,"event_name":"Beggar","floor":22,"gold_loss":75}],"is_beta":false,"boss_relics":[{"not_picked":["Black Star","Empty Cage"],"picked":"Astrolabe"}],"items_purged_floors":[20],"is_endless":false,"potions_floor_spawned":[3,5,11,14],"killed_by":"Book of Stabbing","ascension_level":20}