{"gold_per_floor":[113,129,145,165,240,270,270,26,26,41,71,86,86,98,98,169,169,183,108,12,12,23,23],"floor_reached":23,"playtime":1005,"items_purged":["Strike_B"],"score":335,"play_id":"055a22b0-5c9a-4663-adc4-4575c1b6b506","local_time":"20180812132249","is_ascension_mode":true,"campfire_choices":[{"floor":7,"key":"REST"},{"floor":15,"key":"REST"}],"neow_cost":"","seed_source_timestamp":2538703504012,"circlet_count":0,"master_deck":["Strike_B","Strike_B","Defend_B","Defend_B","Defend_B","Defend_B","Zap","Dualcast","AscendersBane","Ball Lightning","Defragment+1","Conserve Battery","Auto Shields","Conserve Battery","Loop","Capacitor","Reboot","Cold Snap","Sunder","Thunder Strike","Ball Lightning","Conserve Battery","Decay","Thunder Strike"],"relics":["Cracked Core","The Courier","Bag of Preparation","Cables","Bronze Scales","Fusion Hammer"],"potions_floor_usage":[6,11,16,23],"damage_taken":[{"damage":0,"enemies":"2 Louse","floor":1,"turns":1},{"damage":2,"enemies":"Jaw Worm","floor":2,"turns":3},{"damage":1,"enemies":"Cultist","floor":3,"turns":3},{"damage":11,"enemies":"Blue Slaver","floor":4,"turns":3},{"damage":27,"enemies":"Gremlin Nob","floor":6,"turns":4},{"damage":2,"enemies":"2 Fungi Beasts","floor":10,"turns":4},{"damage":15,"enemies":"Lagavulin","floor":11,"turns":6},{"damage":0,"enemies":"Exordium Wildlife","floor":12,"turns":2},{"damage":2,"enemies":"Looter","floor":14,"turns":2},{"damage":28,"enemies":"The Guardian","floor":16,"turns":9},{"damage":16,"enemies":"2 Thieves","floor":18,"turns":4},{"damage":18,"enemies":"3 Byrds","floor":22,"turns":3},{"damage":36,"enemies":"Gremlin Leader","floor":23,"turns":3}],"seed_played":"5488252287820368097","potions_obtained":[{"floor":2,"key":"Regen Potion"},{"floor":3,"key":"FearPotion"},{"floor":6,"key":"Poison Potion"},{"floor":14,"key":"SteroidPotion"},{"floor":16,"key":"FearPotion"},{"floor":22,"key":"SkillPotion"}],"is_trial":false,"path_per_floor":["M","M","M","M","?","E","R","$","T","M","E","M","?","M","R","B",null,"M","?","$","?","M"],"character_chosen":"DEFECT","items_purchased":["Bag of Preparation","Loop","Capacitor","Conserve Battery"],"campfire_rested":2,"item_purchase_floors":[8,8,8,20],"current_hp_per_floor":[68,66,65,54,43,16,38,38,38,36,21,21,21,19,41,25,63,47,47,47,47,29,0],"gold":23,"neow_bonus":"","is_prod":false,"is_daily":false,"chose_seed":false,"campfire_upgraded":0,"win_rate":0,"timestamp":1534072969,"path_taken":["M","M","M","M","?","E","R","$","T","M","E","M","?","M","R","BOSS","M","?","$","?","M","E"],"build_version":"2018-08-08","purchased_purges":1,"victory":false,"max_hp_per_floor":[75,75,75,75,75,75,75,75,75,75,75,75,75,75,75,75,75,75,75,75,75,75,75],"card_choices":[{"not_picked":["Leap","Gash"],"picked":"Ball Lightning","floor":1},{"not_picked":["Doom and Gloom","BootSequence"],"picked":"Defragment","floor":2},{"not_picked":["Turbo","Undo"],"picked":"Conserve Battery","floor":3},{"not_picked":["Hologram","Undo"],"picked":"Auto Shields","floor":4},{"not_picked":["Leap","Steam"],"picked":"Conserve Battery","floor":6},{"not_picked":["Turbo","Rebound","Aggregate"],"picked":"SKIP","floor":10},{"not_picked":["Sweeping Beam","Genetic Algorithm"],"picked":"Reboot","floor":11},{"not_picked":["Turbo","Doom and Gloom"],"picked":"Cold Snap","floor":12},{"not_picked":["Lockon","Stack"],"picked":"Sunder","floor":14},{"not_picked":["Fission","Hyperbeam"],"picked":"Thunder Strike","floor":16},{"not_picked":["Steam","Turbo+1"],"picked":"Ball Lightning","floor":18},{"not_picked":["Barrage+1","Steam"],"picked":"Thunder Strike","floor":22}],"player_experience":525454,"relics_obtained":[{"floor":6,"key":"The Courier"},{"floor":9,"key":"Cables"},{"floor":11,"key":"Bronze Scales"}],"event_choices":[{"event_name":"World of Goop","player_choice":"Gather Gold","floor":5,"damage_taken":0},{"event_name":"Living Wall","player_choice":"Grow","floor":13,"damage_taken":0},{"event_name":"Beggar","player_choice":"Gave Gold","floor":19,"damage_taken":0},{"event_name":"Forgotten Altar","player_choice":"Smashed Altar","floor":21,"damage_taken":0}],"is_beta":true,"boss_relics":[{"not_picked":["Inserter","Runic Dome"],"picked":"Fusion Hammer"}],"items_purged_floors":[20],"is_endless":false,"potions_floor_spawned":[2,3,6,10,14,16,22],"killed_by":"Gremlin Leader","ascension_level":13}