{"gold_per_floor":[111,111,180,190,115,142,217,217,217,251,41,71,121,138,138,236,236,252,302,371,384,434],"floor_reached":22,"playtime":984,"items_purged":["Defend_P","Defend_P"],"score":255,"play_id":"69287a2e-1f82-47f6-a36e-add613024894","local_time":"20661003104156","is_ascension_mode":true,"campfire_choices":[{"data":"Eruption","floor":8,"key":"SMITH"},{"floor":15,"key":"REST"}],"neow_cost":"NONE","seed_source_timestamp":4514312650187,"circlet_count":0,"master_deck":["Strike_P","Strike_P","Strike_P","Defend_P","Defend_P","Eruption+1","Vigilance","SashWhip","Swivel","Halt","EmptyMind","TalkToTheHand","TalkToTheHand","Tantrum","Conclude","Pray","DeusExMachina","FollowUp+1"],"relics":["Runic Dome","SsserpentHead","Dodecahedron","Frozen Egg 2","Pen Nib","TeardropLocket","SlaversCollar","Nloth\u0027s Gift"],"potions_floor_usage":[],"damage_taken":[{"damage":4,"enemies":"Small Slimes","floor":1,"turns":3},{"damage":0,"enemies":"Cultist","floor":3,"turns":2},{"damage":0,"enemies":"2 Louse","floor":4,"turns":1},{"damage":17,"enemies":"3 Sentries","floor":6,"turns":8},{"damage":14,"enemies":"The Mushroom Lair","floor":7,"turns":4},{"damage":55,"enemies":"Gremlin Nob","floor":10,"turns":5},{"damage":6,"enemies":"Lagavulin","floor":12,"turns":5},{"damage":0,"enemies":"Blue Slaver","floor":14,"turns":2},{"damage":8,"enemies":"Hexaghost","floor":16,"turns":5},{"damage":8,"enemies":"Shell Parasite","floor":18,"turns":3},{"damage":16,"enemies":"3 Byrds","floor":20,"turns":3},{"damage":26,"enemies":"Snake Plant","floor":21,"turns":6}],"seed_played":"1981953191954511776","potions_obtained":[{"floor":3,"key":"Energy Potion"},{"floor":6,"key":"BottledMiracle"},{"floor":7,"key":"FairyPotion"},{"floor":10,"key":"Dexterity Potion"},{"floor":16,"key":"PowerPotion"},{"floor":20,"key":"LiquidBronze"}],"is_trial":false,"path_per_floor":["M","?","M","M","$","E","?","R","T","E","$","E","?","M","R","B",null,"M","?","M","M","?"],"character_chosen":"WATCHER","items_purchased":["TalkToTheHand","Tantrum"],"campfire_rested":1,"item_purchase_floors":[11,11],"current_hp_per_floor":[68,68,68,68,68,51,37,37,37,21,21,15,8,8,29,21,59,51,51,35,9,0],"gold":434,"neow_bonus":"BOSS_RELIC","is_prod":false,"is_daily":false,"chose_seed":false,"campfire_upgraded":1,"win_rate":0,"timestamp":3053295716,"path_taken":["M","?","?","M","$","E","?","R","T","E","$","E","?","M","R","BOSS","M","?","?","M","?"],"build_version":"2019-09-27","purchased_purges":2,"victory":false,"max_hp_per_floor":[72,72,72,72,72,72,72,72,72,72,72,72,72,72,72,72,72,72,72,72,72,77],"card_choices":[{"not_picked":["FollowUp","FlyingSleeves"],"picked":"SashWhip","floor":1},{"not_picked":["Scrawl","ClearTheMind"],"picked":"Swivel","floor":3},{"not_picked":["Prostrate","Evaluate"],"picked":"Halt","floor":4},{"not_picked":["Sanctity","Consecrate"],"picked":"EmptyMind","floor":6},{"not_picked":["CrushJoints","Wireheading+1"],"picked":"TalkToTheHand","floor":10},{"not_picked":["EmptyMind","Blasphemy","JustLucky"],"picked":"SKIP","floor":12},{"not_picked":["Crescendo","ThirdEye"],"picked":"Conclude","floor":14},{"not_picked":["Judgement","Unraveling"],"picked":"Pray","floor":16},{"not_picked":["CutThroughFate","Protect+1","ClearTheMind"],"picked":"SKIP","floor":18},{"not_picked":["Establishment+1","FlowState"],"picked":"DeusExMachina","floor":20},{"not_picked":["BowlingBash","CutThroughFate"],"picked":"FollowUp+1","floor":21}],"player_experience":569590,"relics_obtained":[{"floor":6,"key":"Dodecahedron"},{"floor":7,"key":"Odd Mushroom"},{"floor":9,"key":"Frozen Egg 2"},{"floor":10,"key":"Pen Nib"},{"floor":12,"key":"TeardropLocket"}],"event_choices":[{"damage_healed":0,"gold_gain":0,"player_choice":"Trade","damage_taken":0,"relics_obtained":["SsserpentHead"],"max_hp_gain":0,"max_hp_loss":0,"event_name":"FaceTrader","floor":2,"gold_loss":0},{"damage_healed":0,"gold_gain":0,"player_choice":"Fought Mushrooms","damage_taken":0,"max_hp_gain":0,"max_hp_loss":0,"event_name":"Mushrooms","floor":7,"gold_loss":0},{"cards_removed":["Strike_P"],"damage_healed":0,"gold_gain":0,"player_choice":"Card Removal","damage_taken":7,"max_hp_gain":0,"max_hp_loss":0,"event_name":"Golden Wing","floor":13,"gold_loss":0},{"damage_healed":0,"gold_gain":0,"player_choice":"Traded Relic","damage_taken":0,"relics_obtained":["Nloth\u0027s Gift"],"max_hp_gain":0,"max_hp_loss":0,"event_name":"N\u0027loth","floor":19,"relics_lost":["Odd Mushroom"],"gold_loss":0}],"is_beta":true,"boss_relics":[{"not_picked":["Sozu","Fusion Hammer"],"picked":"SlaversCollar"}],"items_purged_floors":[5,11],"is_endless":false,"potions_floor_spawned":[3,6,7,10,16,20],"ascension_level":5}