{"gold_per_floor":[110,7,82,82,82,142,142,174,200,212,225,235,235,251,251,251],"floor_reached":16,"playtime":255,"items_purged":["Strike_G"],"score":320,"play_id":"c7276c94-0c24-4bcb-93a6-713867823109","local_time":"20190430165128","is_ascension_mode":true,"campfire_choices":[{"data":"Deadly Poison","floor":7,"key":"SMITH"},{"data":"Night Terror","floor":13,"key":"SMITH"},{"data":"Bouncing Flask","floor":15,"key":"SMITH"}],"neow_cost":"NONE","seed_source_timestamp":632506289459,"circlet_count":0,"master_deck":["AscendersBane","Defend_G","Defend_G","Defend_G","Defend_G","Defend_G","Strike_G","Strike_G","Strike_G","Strike_G","Survivor","Neutralize","Deadly Poison+1","Deflect","Poisoned Stab","Bane","Night Terror+1","Bouncing Flask+1"],"special_seed":0,"relics":["Ring of the Snake","NeowsBlessing","Tiny Chest","Bronze Scales","Smiling Mask"],"potions_floor_usage":[12],"damage_taken":[{"damage":0.0,"enemies":"Cultist","floor":1.0,"turns":1.0},{"damage":0,"enemies":"3 Sentries","floor":6,"turns":1},{"damage":0,"enemies":"Gremlin Nob","floor":8,"turns":1},{"damage":2,"enemies":"Jaw Worm","floor":10,"turns":5},{"damage":0,"enemies":"2 Louse","floor":11,"turns":2},{"damage":0,"enemies":"Red Slaver","floor":12,"turns":3},{"damage":6,"enemies":"Large Slime","floor":14,"turns":5},{"damage":31,"enemies":"Hexaghost","floor":16,"turns":7}],"seed_played":"3553728879690533628","potions_obtained":[{"floor":1.0,"key":"SteroidPotion"},{"floor":6,"key":"Poison Potion"},{"floor":11,"key":"Fire Potion"}],"is_trial":false,"path_per_floor":["M","$","?","?","?","E","R","E","T","M","M","M","R","M","R","B"],"character_chosen":"THE_SILENT","items_purchased":["Deadly Poison"],"campfire_rested":0,"item_purchase_floors":[2],"current_hp_per_floor":[59,59,48,48,39,39,39,39,39,37,37,37,37,31,31,0],"gold":251,"neow_bonus":"THREE_ENEMY_KILL","is_prod":false,"is_daily":false,"chose_seed":false,"campfire_upgraded":3,"win_rate":0,"timestamp":1556635888,"path_taken":["M","$","?","?","?","E","R","E","T","M","M","M","R","?","R","BOSS"],"build_version":"2019-01-23","purchased_purges":1,"victory":false,"max_hp_per_floor":[66,66,66,66,66,66,66,66,66,66,66,66,66,66,66,66],"card_choices":[{"not_picked":["Masterful Stab","Accuracy","Concentrate"],"picked":"SKIP","floor":1.0},{"not_picked":["Quick Slash","Skewer"],"picked":"Deflect","floor":6},{"not_picked":["Choke","Night Terror"],"picked":"Poisoned Stab","floor":8},{"not_picked":["Dodge and Roll","Underhanded Strike"],"picked":"Bane","floor":10},{"not_picked":["Backflip","Predator","Prepared"],"picked":"SKIP","floor":11},{"not_picked":["Prepared","Distraction"],"picked":"Night Terror","floor":12},{"not_picked":["Slice","Escape Plan"],"picked":"Bouncing Flask","floor":14}],"player_experience":854904,"relics_obtained":[{"floor":6,"key":"Tiny Chest"},{"floor":8,"key":"Bronze Scales"},{"floor":9,"key":"Smiling Mask"}],"event_choices":[{"damage_healed":0.0,"max_hp_gain":0.0,"max_hp_loss":0.0,"gold_gain":75.0,"event_name":"World of Goop","player_choice":"Gather Gold","floor":3.0,"gold_loss":0.0,"damage_taken":11.0},{"damage_healed":0,"gold_gain":0,"player_choice":"Fled","damage_taken":0,"max_hp_gain":0,"max_hp_loss":0,"event_name":"Scrap Ooze","floor":4,"gold_loss":0},{"damage_healed":0,"gold_gain":0,"player_choice":"Damaged","damage_taken":9,"max_hp_gain":0,"max_hp_loss":0,"event_name":"Wheel of Change","floor":5,"gold_loss":0}],"is_beta":false,"boss_relics":[],"items_purged_floors":[2],"is_endless":false,"potions_floor_spawned":[1,6,11],"killed_by":"Hexaghost","ascension_level":20}