{"gold_per_floor":[110,124,49,49,49,77,77,137,164,180,180,255,42,54,54,126,126,144,144,144,144,225,225],"floor_reached":23,"playtime":423,"items_purged":[],"score":390,"play_id":"78febd49-a16a-4ce2-a42b-30b514a437f0","local_time":"20181211114927","is_ascension_mode":true,"campfire_choices":[{"floor":7,"key":"REST"},{"floor":11,"key":"REST"},{"floor":15,"key":"RECALL"}],"neow_cost":"NONE","seed_source_timestamp":2510946756738,"circlet_count":0,"master_deck":["AscendersBane","Strike_B","Strike_B","Strike_B","Defend_B","Defend_B","Defend_B","Defend_B","Zap","Dualcast","Conserve Battery","Doom and Gloom","Glacier+1","Rainbow+1","Apotheosis+1","Redo+1","Echo Form","Auto Shields+1","Writhe","Decay"],"relics":["Cracked Core","Bag of Marbles","Regal Pillow","Toxic Egg 2","Tiny Chest","Juzu Bracelet","Sozu","Dodecahedron","The Courier"],"potions_floor_usage":[6,8,16,23],"damage_taken":[{"damage":7,"enemies":"Jaw Worm","floor":1,"turns":3},{"damage":0,"enemies":"2 Louse","floor":2,"turns":3},{"damage":23,"enemies":"3 Sentries","floor":6,"turns":6},{"damage":32,"enemies":"Gremlin Nob","floor":8,"turns":4},{"damage":0,"enemies":"Small Slimes","floor":10,"turns":1},{"damage":2,"enemies":"Looter","floor":14,"turns":3},{"damage":13,"enemies":"The Guardian","floor":16,"turns":8},{"damage":13,"enemies":"Shell Parasite","floor":18,"turns":5},{"damage":52,"enemies":"Slavers","floor":23,"turns":3}],"seed_played":"8181809109613199993","potions_obtained":[{"floor":2,"key":"AttackPotion"},{"floor":6,"key":"PowerPotion"},{"floor":14,"key":"AttackPotion"},{"floor":16,"key":"FocusPotion"}],"is_trial":false,"path_per_floor":["M","M","?","?","?","E","R","E","T","M","R","?","$","M","R","B",null,"M","?","?","?","T","E"],"character_chosen":"DEFECT","items_purchased":["Apotheosis+1"],"campfire_rested":2,"item_purchase_floors":[13],"current_hp_per_floor":[57,57,57,57,46,23,59,27,27,27,63,63,63,61,61,48,65,52,52,52,52,52,0],"gold":225,"neow_bonus":"RANDOM_COMMON_RELIC","is_prod":false,"is_daily":false,"chose_seed":false,"campfire_upgraded":0,"win_rate":0,"timestamp":1544525367,"path_taken":["M","M","?","?","?","E","R","E","T","M","R","?","$","M","R","BOSS","M","?","?","?","?","E"],"build_version":"2018-12-10","purchased_purges":0,"victory":false,"max_hp_per_floor":[71,71,71,71,71,71,71,71,71,71,71,71,71,71,71,71,71,71,71,71,71,71,71],"card_choices":[{"not_picked":["Turbo","Melter"],"picked":"Conserve Battery","floor":1},{"not_picked":["Coolheaded","Compile Driver"],"picked":"Doom and Gloom","floor":2},{"not_picked":["Melter","Barrage","Gash"],"picked":"SKIP","floor":6},{"not_picked":["Steam+1","Turbo+1"],"picked":"Glacier+1","floor":8},{"not_picked":["Darkness+1","Go for the Eyes"],"picked":"Rainbow+1","floor":10},{"not_picked":["Ball Lightning","Streamline"],"picked":"Redo+1","floor":14},{"not_picked":["Thunder Strike","Seek+1"],"picked":"Echo Form","floor":16},{"not_picked":["Beam Cell","Ball Lightning"],"picked":"Auto Shields+1","floor":18}],"player_experience":807873,"relics_obtained":[{"floor":6,"key":"Toxic Egg 2"},{"floor":8,"key":"Tiny Chest"},{"floor":9,"key":"Juzu Bracelet"},{"floor":22,"key":"The Courier"}],"event_choices":[{"cards_removed":["Strike_B"],"damage_healed":0,"gold_gain":0,"player_choice":"Card Removal","damage_taken":0,"max_hp_gain":0,"max_hp_loss":0,"event_name":"The Cleric","floor":3,"gold_loss":75},{"damage_healed":0,"gold_gain":0,"player_choice":"Ignored","damage_taken":0,"max_hp_gain":0,"max_hp_loss":0,"event_name":"Liars Game","floor":4,"gold_loss":0},{"damage_healed":0,"gold_gain":0,"player_choice":"Success","damage_taken":11,"relics_obtained":["Regal Pillow"],"max_hp_gain":0,"max_hp_loss":0,"event_name":"Scrap Ooze","floor":5,"gold_loss":0},{"damage_healed":0,"gold_gain":75,"player_choice":"Gained Gold","damage_taken":0,"max_hp_gain":0,"max_hp_loss":0,"event_name":"Golden Wing","floor":12,"gold_loss":0},{"damage_healed":0,"gold_gain":0,"player_choice":"Got Potions","damage_taken":0,"max_hp_gain":0,"max_hp_loss":0,"event_name":"Lab","floor":19,"gold_loss":0},{"damage_healed":0,"gold_gain":0,"player_choice":"Opened","damage_taken":0,"relics_obtained":["Dodecahedron"],"max_hp_gain":0,"max_hp_loss":0,"event_name":"The Mausoleum","floor":20,"gold_loss":0,"cards_obtained":["Writhe"]},{"damage_healed":0,"gold_gain":0,"player_choice":"Smashed Altar","damage_taken":0,"max_hp_gain":0,"max_hp_loss":0,"event_name":"Forgotten Altar","floor":21,"gold_loss":0,"cards_obtained":["Decay"]}],"is_beta":true,"boss_relics":[{"not_picked":["Snecko Eye","Coffee Dripper"],"picked":"Sozu"}],"items_purged_floors":[],"is_endless":false,"potions_floor_spawned":[2,6,14,16],"killed_by":"Slavers","ascension_level":20}