{"gold_per_floor":[215,55,69,69,87,114,189,189,189,189,33,45,45,62,62,164,164,181,91,107,7,7,39,39,55,130,130,159,179,194,194,194,289,289,304,204,204,222,102,102,137,151,177,189,200,200,230,240,240,240,240,240,38,72,72],"floor_reached":55,"playtime":4860,"items_purged":["Defend_R","Defend_R","Strike_R","Anger"],"score":842,"play_id":"05e30ec1-226e-41ae-bd5b-f02bbcef36a9","local_time":"20191021200057","is_ascension_mode":false,"campfire_choices":[{"data":"Heavy Blade","floor":8.0,"key":"SMITH"},{"floor":13.0,"key":"REST"},{"floor":15.0,"key":"REST"},{"data":"Flex","floor":24.0,"key":"SMITH"},{"data":"Offering","floor":27.0,"key":"SMITH"},{"data":"Feed","floor":32.0,"key":"SMITH"},{"data":"Double Tap","floor":40.0,"key":"SMITH"},{"floor":46.0,"key":"RECALL"},{"floor":49.0,"key":"REST"},{"data":"Clash","floor":52.0,"key":"SMITH"}],"neow_cost":"NONE","seed_source_timestamp":373253259542805,"circlet_count":0,"master_deck":["Strike_R+1","Strike_R","Strike_R","Strike_R","Bash+1","Flex+1","Inflame+1","Heavy Blade+1","Clash+1","Flex+1","Offering+1","RitualDagger","Feed+1","Double Tap+1","Heavy Blade+1","Impervious"],"special_seed":0,"relics":["Burning Blood","Singing Bowl","Letter Opener","Boot","Whetstone","Philosopher\u0027s Stone","Prayer Wheel","The Courier","Paper Frog","Busted Crown","ClockworkSouvenir","StrikeDummy","Oddly Smooth Stone","Gremlin Horn"],"potions_floor_usage":[55,55,55,55,55],"damage_taken":[{"damage":0.0,"enemies":"Small Slimes","floor":1.0,"turns":4.0},{"damage":7.0,"enemies":"2 Louse","floor":3.0,"turns":3.0},{"damage":0.0,"enemies":"Cultist","floor":5.0,"turns":2.0},{"damage":51.0,"enemies":"3 Sentries","floor":6.0,"turns":8.0},{"damage":9.0,"enemies":"Blue Slaver","floor":12.0,"turns":2.0},{"damage":13.0,"enemies":"Red Slaver","floor":14.0,"turns":2.0},{"damage":41.0,"enemies":"The Guardian","floor":16.0,"turns":7.0},{"damage":15.0,"enemies":"Shell Parasite","floor":18.0,"turns":2.0},{"damage":6.0,"enemies":"Spheric Guardian","floor":20.0,"turns":1.0},{"damage":6.0,"enemies":"Gremlin Leader","floor":23.0,"turns":3.0},{"damage":13.0,"enemies":"Centurion and Healer","floor":25.0,"turns":4.0},{"damage":30.0,"enemies":"Book of Stabbing","floor":28.0,"turns":3.0},{"damage":13.0,"enemies":"3 Cultists","floor":29.0,"turns":3.0},{"damage":6.0,"enemies":"Snecko","floor":30.0,"turns":2.0},{"damage":41.0,"enemies":"Collector","floor":33.0,"turns":3.0},{"damage":6.0,"enemies":"3 Shapes","floor":35.0,"turns":3.0},{"damage":6.0,"enemies":"3 Darklings","floor":38.0,"turns":2.0},{"damage":20.0,"enemies":"Giant Head","floor":41.0,"turns":2.0},{"damage":6.0,"enemies":"Writhing Mass","floor":42.0,"turns":1.0},{"damage":6.0,"enemies":"Spire Growth","floor":44.0,"turns":1.0},{"damage":18.0,"enemies":"4 Shapes","floor":45.0,"turns":3.0},{"damage":6.0,"enemies":"Reptomancer","floor":47.0,"turns":3.0},{"damage":6.0,"enemies":"Sphere and 2 Shapes","floor":48.0,"turns":1.0},{"damage":59.0,"enemies":"Time Eater","floor":50.0,"turns":3.0},{"damage":19,"enemies":"Shield and Spear","floor":54,"turns":3},{"damage":175,"enemies":"The Heart","floor":55,"turns":6}],"seed_played":"-493510003842737816","potions_obtained":[{"floor":1.0,"key":"Weak Potion"},{"floor":6.0,"key":"Regen Potion"},{"floor":12.0,"key":"GamblersBrew"},{"floor":18.0,"key":"Fruit Juice"},{"floor":23.0,"key":"Block Potion"},{"floor":33.0,"key":"Explosive Potion"},{"floor":41.0,"key":"AttackPotion"},{"floor":42.0,"key":"Dexterity Potion"},{"floor":45.0,"key":"SmokeBomb"},{"floor":47.0,"key":"AttackPotion"},{"floor":54,"key":"SkillPotion"}],"is_trial":false,"path_per_floor":["M","$","M","?","M","E","?","R","T","?","$","M","R","M","R","B",null,"M","?","M","$","?","E","R","M","T","R","E","M","M","?","R","B",null,"M","$","?","M","$","R","E","M","T","M","M","R","E","M","R","B",null,"R","$","E","B"],"character_chosen":"IRONCLAD","items_purchased":["Flex","Inflame","Whetstone","ClockworkSouvenir","EntropicBrew"],"campfire_rested":3,"item_purchase_floors":[2,2,11,39,53],"current_hp_per_floor":[80,80,79,72,78,35,24,24,24,17,17,16,41,34,59,24,84,82,82,84,84,78,80,80,77,77,77,53,53,57,57,57,31,110,118,118,118,126,126,126,114,118,118,122,118,118,120,126,152,103,156,156,156,147,0],"gold":72,"neow_bonus":"HUNDRED_GOLD","is_prod":false,"is_daily":false,"chose_seed":false,"campfire_upgraded":6,"win_rate":0,"timestamp":1571680857,"path_taken":["M","$","M","?","M","E","?","R","T","?","$","M","R","M","R","BOSS","M","?","?","$","?","E","R","M","T","R","E","M","M","?","R","BOSS","M","$","?","?","$","R","E","M","T","?","M","R","E","?","R","BOSS","R","$","E","BOSS"],"build_version":"2019-10-18","purchased_purges":4,"victory":false,"max_hp_per_floor":[80,80,80,80,80,82,82,82,82,82,82,84,84,84,84,84,84,91,91,93,93,93,95,95,99,99,99,99,106,110,110,110,110,110,118,118,118,126,126,126,128,132,132,136,144,144,146,152,152,156,156,156,156,160,160],"card_choices":[{"not_picked":["Shockwave","Headbutt"],"picked":"Anger","floor":1.0},{"not_picked":["Shrug It Off","Pommel Strike"],"picked":"Heavy Blade","floor":3.0},{"not_picked":["Uppercut","Dropkick"],"picked":"Clash","floor":5.0},{"not_picked":["Headbutt","Sword Boomerang","Cleave"],"picked":"Singing Bowl","floor":6.0},{"not_picked":["Disarm","Shrug It Off","Pommel Strike"],"picked":"Singing Bowl","floor":12.0},{"not_picked":["Corruption","Clash"],"picked":"Flex","floor":14.0},{"not_picked":["Feed","Exhume"],"picked":"Offering","floor":16.0},{"not_picked":["Spot Weakness","Perfected Strike+1","Carnage"],"picked":"Singing Bowl","floor":18.0},{"not_picked":["Burning Pact","Second Wind+1","Spot Weakness"],"picked":"Singing Bowl","floor":20.0},{"not_picked":["Warcry","Wild Strike","Clash"],"picked":"Singing Bowl","floor":23.0},{"not_picked":["Headbutt","True Grit","Dropkick"],"picked":"Singing Bowl","floor":25.0},{"not_picked":["Infernal Blade","Perfected Strike","Sword Boomerang+1"],"picked":"Singing Bowl","floor":25.0},{"not_picked":["Pommel Strike","Perfected Strike"],"picked":"Feed","floor":28.0},{"not_picked":["Armaments","Clothesline","Flex"],"picked":"Singing Bowl","floor":29.0},{"not_picked":["Corruption","Perfected Strike","Rampage"],"picked":"Singing Bowl","floor":29.0},{"not_picked":["Entrench","Flex+1","Searing Blow"],"picked":"Singing Bowl","floor":30.0},{"not_picked":["Flame Barrier","Anger+1","Wild Strike+1"],"picked":"Singing Bowl","floor":30.0},{"not_picked":["Feed","Impervious"],"picked":"Double Tap","floor":33.0},{"not_picked":["Flex"],"picked":"Singing Bowl","floor":35.0},{"not_picked":["Iron Wave+1"],"picked":"Singing Bowl","floor":35.0},{"not_picked":["Pommel Strike+1"],"picked":"Singing Bowl","floor":38.0},{"not_picked":["Entrench+1"],"picked":"Singing Bowl","floor":38.0},{"not_picked":["Headbutt"],"picked":"Singing Bowl","floor":41.0},{"not_picked":["Pummel"],"picked":"Singing Bowl","floor":42.0},{"not_picked":["Metallicize+1"],"picked":"Singing Bowl","floor":42.0},{"not_picked":["Metallicize+1"],"picked":"Singing Bowl","floor":44.0},{"not_picked":["Evolve+1"],"picked":"Singing Bowl","floor":44.0},{"not_picked":["Seeing Red+1"],"picked":"Singing Bowl","floor":45.0},{"not_picked":["Dual Wield+1"],"picked":"Singing Bowl","floor":45.0},{"not_picked":["Power Through"],"picked":"Singing Bowl","floor":47.0},{"not_picked":[],"picked":"Heavy Blade+1","floor":48.0},{"not_picked":["Dual Wield+1"],"picked":"Singing Bowl","floor":48.0},{"not_picked":[],"picked":"Impervious","floor":54}],"player_experience":871264,"relics_obtained":[{"floor":6.0,"key":"Letter Opener"},{"floor":9.0,"key":"Boot"},{"floor":23.0,"key":"Prayer Wheel"},{"floor":26.0,"key":"The Courier"},{"floor":28.0,"key":"Paper Frog"},{"floor":41.0,"key":"StrikeDummy"},{"floor":47.0,"key":"Oddly Smooth Stone"},{"floor":54,"key":"Gremlin Horn"}],"event_choices":[{"damage_healed":0.0,"max_hp_gain":0.0,"max_hp_loss":0.0,"gold_gain":0.0,"event_name":"Scrap Ooze","player_choice":"Success","floor":4.0,"gold_loss":0.0,"damage_taken":7.0,"relics_obtained":["Singing Bowl"]},{"damage_healed":0.0,"max_hp_gain":0.0,"max_hp_loss":0.0,"gold_gain":75.0,"event_name":"World of Goop","player_choice":"Gather Gold","floor":7.0,"gold_loss":0.0,"damage_taken":11.0},{"cards_removed":["Defend_R"],"damage_healed":0.0,"max_hp_gain":0.0,"max_hp_loss":0.0,"gold_gain":0.0,"event_name":"Golden Wing","player_choice":"Card Removal","floor":10.0,"gold_loss":0.0,"damage_taken":7.0},{"cards_removed":["Defend_R"],"damage_healed":0.0,"max_hp_gain":0.0,"max_hp_loss":0.0,"gold_gain":0.0,"event_name":"Designer","player_choice":"Upgrade and Remove","floor":19.0,"gold_loss":90.0,"damage_taken":0.0,"cards_upgraded":["Flex"]},{"damage_healed":0.0,"max_hp_gain":0.0,"max_hp_loss":0.0,"gold_gain":0.0,"event_name":"Nest","player_choice":"Joined the Cult","floor":22.0,"gold_loss":0.0,"damage_taken":6.0,"cards_obtained":["RitualDagger"]},{"damage_healed":0.0,"max_hp_gain":0.0,"max_hp_loss":0.0,"gold_gain":0.0,"event_name":"Upgrade Shrine","player_choice":"Upgraded","floor":31.0,"gold_loss":0.0,"damage_taken":0.0,"cards_upgraded":["Inflame"]},{"damage_healed":0.0,"max_hp_gain":0.0,"max_hp_loss":0.0,"gold_gain":0.0,"event_name":"Match and Keep!","player_choice":"0 cards matched","floor":37.0,"gold_loss":0.0,"damage_taken":0.0,"cards_obtained":[]}],"is_beta":true,"boss_relics":[{"not_picked":["Sozu","Tiny House"],"picked":"Philosopher\u0027s Stone"},{"not_picked":["Astrolabe","Cursed Key"],"picked":"Busted Crown"}],"items_purged_floors":[2,21,36,53],"is_endless":false,"potions_floor_spawned":[1,6,12,18,23,33,41,42,45,47,54],"killed_by":"The Heart","ascension_level":0}