{"gold_per_floor":[111,124,74,21,196,228,228,228,228,259,139,153,85,104,104,206,206,220,247,257,257,230,230,242,257,284,319,194,194,229,229,229,328,328,343,264,281,298,66,66,91,91,115,115,129,129,178,195,195,195],"floor_reached":51,"playtime":5290,"items_purged":["Doubt","Strike_R"],"score":896,"play_id":"55885bfa-4074-4ea1-882b-bdfed9443d29","local_time":"20181009213733","is_ascension_mode":false,"campfire_choices":[{"data":"Havoc","floor":7,"key":"SMITH"},{"data":"Havoc","floor":15,"key":"SMITH"},{"data":"Armaments","floor":23,"key":"SMITH"},{"data":"Warcry","floor":29,"key":"SMITH"},{"data":"True Grit","floor":32,"key":"SMITH"},{"data":"Burning Pact","floor":40,"key":"SMITH"},{"data":"Warcry","floor":42,"key":"SMITH"},{"data":"Second Wind","floor":44,"key":"SMITH"},{"data":"Dark Embrace","floor":49,"key":"SMITH"}],"neow_cost":"CURSE","seed_source_timestamp":11666983203771,"circlet_count":0,"master_deck":["Strike_R","Strike_R","Strike_R","Strike_R","Defend_R","Defend_R","Defend_R","Defend_R","Bash","Flame Barrier","Burning Pact+1","Havoc+1","Second Wind+1","Clash","True Grit+1","Shrug It Off","Feel No Pain","Havoc+1","Dark Embrace+1","Ghostly Armor","Entrench","Armaments+1","Seeing Red","Reaper","Warcry+1","Barricade","Warcry+1","Feel No Pain","Warcry+1","Feel No Pain+1","Corruption","Mind Blast","Havoc","Body Slam","Mayhem","Fire Breathing+1"],"relics":["Burning Blood","Dead Branch","Thread and Needle","Mummified Hand","Orichalcum","Snecko Eye","Red Mask","Juzu Bracelet","Art of War","Red Skull","Philosopher\u0027s Stone","Kunai","Bronze Scales","FossilizedHelix"],"potions_floor_usage":[10,10,50,50],"damage_taken":[{"damage":24,"enemies":"Jaw Worm","floor":1,"turns":4},{"damage":2,"enemies":"2 Louse","floor":2,"turns":4},{"damage":32,"enemies":"Gremlin Nob","floor":6,"turns":5},{"damage":38,"enemies":"Lagavulin","floor":10,"turns":7},{"damage":0,"enemies":"Small Slimes","floor":12,"turns":2},{"damage":0,"enemies":"Exordium Wildlife","floor":14,"turns":4},{"damage":21,"enemies":"The Guardian","floor":16,"turns":14},{"damage":0,"enemies":"Shell Parasite","floor":18,"turns":2},{"damage":33,"enemies":"Masked Bandits","floor":19,"turns":8},{"damage":0,"enemies":"3 Byrds","floor":20,"turns":4},{"damage":0,"enemies":"Sentry and Sphere","floor":24,"turns":8},{"damage":0,"enemies":"Centurion and Healer","floor":25,"turns":4},{"damage":6,"enemies":"Gremlin Leader","floor":27,"turns":4},{"damage":4,"enemies":"Slavers","floor":30,"turns":2},{"damage":7,"enemies":"Collector","floor":33,"turns":4},{"damage":0,"enemies":"3 Darklings","floor":35,"turns":2},{"damage":0,"enemies":"3 Shapes","floor":37,"turns":4},{"damage":0,"enemies":"Maw","floor":38,"turns":12},{"damage":0,"enemies":"Giant Head","floor":41,"turns":1},{"damage":0,"enemies":"Spire Growth","floor":45,"turns":1},{"damage":1,"enemies":"Mysterious Sphere","floor":47,"turns":3},{"damage":0,"enemies":"Reptomancer","floor":48,"turns":2},{"damage":5,"enemies":"Awakened One","floor":50,"turns":3}],"seed_played":"2583414152238421521","potions_obtained":[{"floor":1,"key":"PowerPotion"},{"floor":6,"key":"Energy Potion"},{"floor":20,"key":"Block Potion"},{"floor":25,"key":"Regen Potion"},{"floor":30,"key":"Ancient Potion"},{"floor":31,"key":"Energy Potion"},{"floor":31,"key":"AttackPotion"},{"floor":37,"key":"SteroidPotion"},{"floor":41,"key":"SkillPotion"}],"is_trial":false,"path_per_floor":["M","M","?","$","?","E","R","?","T","E","$","M","$","M","R","B",null,"M","?","M","?","$","R","M","M","T","E","$","R","E","?","R","B",null,"M","$","M","M","$","R","E","R","T","R","M","?","?","M","R","B"],"character_chosen":"IRONCLAD","items_purchased":["Havoc","True Grit","Feel No Pain","Armaments","Warcry","Feel No Pain","Corruption","Mind Blast","Havoc"],"campfire_rested":0,"item_purchase_floors":[4,11,13,22,28,36,39,39,39],"current_hp_per_floor":[62,66,66,66,66,40,40,45,45,13,13,19,19,25,25,10,85,85,58,64,48,48,48,54,60,60,60,60,60,90,90,90,90,90,90,90,90,90,90,90,90,90,90,90,90,90,90,90,90,90],"gold":195,"neow_bonus":"ONE_RARE_RELIC","is_prod":false,"is_daily":false,"chose_seed":false,"campfire_upgraded":9,"win_rate":0,"timestamp":1539092253,"path_taken":["M","M","?","$","?","E","R","?","T","E","$","M","$","M","R","BOSS","M","?","M","?","$","R","M","?","T","E","$","R","E","?","R","BOSS","M","$","M","M","$","R","E","R","T","R","M","?","?","M","R","BOSS"],"build_version":"2018-10-04v2","purchased_purges":2,"victory":true,"max_hp_per_floor":[80,80,80,80,80,80,80,85,85,85,85,85,85,85,85,85,85,85,85,85,90,90,90,90,90,90,90,90,90,90,90,90,90,90,90,90,90,90,90,90,90,90,90,90,90,90,90,90,90,90],"card_choices":[{"not_picked":["Clothesline","Bloodletting"],"picked":"Flame Barrier","floor":1},{"not_picked":["Entrench","Flex"],"picked":"Burning Pact","floor":2},{"not_picked":["Cleave","Pommel Strike"],"picked":"Second Wind","floor":6},{"not_picked":["Rupture","Clothesline"],"picked":"Clash","floor":10},{"not_picked":["Clothesline","Flex"],"picked":"Shrug It Off","floor":12},{"not_picked":["Carnage","Thunderclap"],"picked":"Havoc","floor":14},{"not_picked":["Demon Form","Limit Break"],"picked":"Dark Embrace","floor":16},{"not_picked":["Entrench","Combust","Rage"],"picked":"SKIP","floor":18},{"not_picked":["Battle Trance","Dual Wield"],"picked":"Ghostly Armor","floor":19},{"not_picked":["Thunderclap","Sword Boomerang+1"],"picked":"Entrench","floor":20},{"not_picked":["Clash","Twin Strike+1"],"picked":"Seeing Red","floor":24},{"not_picked":["Thunderclap","True Grit","Anger+1"],"picked":"SKIP","floor":25},{"not_picked":["Disarm+1","Carnage"],"picked":"Reaper","floor":27},{"not_picked":["Evolve","Perfected Strike","Clothesline+1"],"picked":"SKIP","floor":30},{"not_picked":["Juggernaut","Immolate"],"picked":"Barricade","floor":33},{"not_picked":["Pommel Strike+1","Dual Wield+1"],"picked":"Warcry+1","floor":35},{"not_picked":["True Grit+1","Shrug It Off"],"picked":"Warcry","floor":37},{"not_picked":["Bloodletting","Combust"],"picked":"Feel No Pain+1","floor":38},{"not_picked":["Second Wind","Rampage"],"picked":"Body Slam","floor":41},{"not_picked":["Headbutt","Corruption","Anger+1"],"picked":"SKIP","floor":45},{"not_picked":["Metamorphosis","Master of Strategy"],"picked":"Mayhem","floor":46},{"not_picked":["Rampage+1","Headbutt+1"],"picked":"Fire Breathing+1","floor":48}],"player_experience":290607,"relics_obtained":[{"floor":6,"key":"Thread and Needle"},{"floor":9,"key":"Mummified Hand"},{"floor":10,"key":"Orichalcum"},{"floor":19,"key":"Red Mask"},{"floor":26,"key":"Juzu Bracelet"},{"floor":27,"key":"Art of War"},{"floor":30,"key":"Red Skull"},{"floor":41,"key":"Kunai"},{"floor":43,"key":"Bronze Scales"},{"floor":47,"key":"FossilizedHelix"}],"event_choices":[{"event_name":"The Cleric","player_choice":"Card Removal","floor":3,"damage_taken":0},{"event_name":"Liars Game","player_choice":"agreed","floor":5,"damage_taken":0},{"event_name":"Big Fish","player_choice":"Donut","floor":8,"damage_taken":0},{"event_name":"Masked Bandits","player_choice":"Fought Bandits","floor":19,"damage_taken":0},{"event_name":"Forgotten Altar","player_choice":"Shed Blood","floor":21,"damage_taken":0},{"event_name":"The Lab","player_choice":"Got Potions","floor":31,"damage_taken":0},{"event_name":"SensoryStone","player_choice":"Memory 1","floor":46,"damage_taken":0},{"event_name":"Mysterious Sphere","player_choice":"Fight","floor":47,"damage_taken":0}],"is_beta":false,"boss_relics":[{"not_picked":["Runic Cube","Tiny House"],"picked":"Snecko Eye"},{"not_picked":["Lizard Tail","Empty Cage"],"picked":"Philosopher\u0027s Stone"}],"items_purged_floors":[11,28],"is_endless":false,"potions_floor_spawned":[1,6,20,25,30,33,37,38,41,45],"ascension_level":0}