{"gold_per_floor":[118,137,62,75,75,107,121,121,121,121,155,171,188,188,188,316,316,341,440,465,465,478,518,275,319,319,319,319,331,363,376,376,477,477,490,501,551,561,139,139,170,188,188,28,41,64,64,84,84,84,84,84,11,41,41],"floor_reached":56,"playtime":1295,"items_purged":["Defend_R","Writhe","Defend_R+1"],"score":1254,"play_id":"ded69d3d-85d7-4076-be1e-c8b12f7c73da","local_time":"20191023004801","is_ascension_mode":false,"campfire_choices":[{"data":"Heavy Blade","floor":8.0,"key":"SMITH"},{"data":"Bash","floor":10.0,"key":"SMITH"},{"data":"Spot Weakness","floor":15.0,"key":"SMITH"},{"data":"Offering","floor":28.0,"key":"SMITH"},{"data":"Limit Break","floor":32.0,"key":"SMITH"},{"data":"Rampage","floor":40.0,"key":"SMITH"},{"floor":49.0,"key":"RECALL"},{"data":"Strike_R","floor":52.0,"key":"SMITH"}],"neow_cost":"NONE","seed_source_timestamp":480455401042216,"circlet_count":0,"master_deck":["Strike_R","Strike_R","Strike_R+1","Strike_R+1","Strike_R+1","Bash+1","Spot Weakness+1","Heavy Blade+1","Rampage+1","Whirlwind+1","Offering+1","Flex+1","Fiend Fire+1","Heavy Blade+1","Limit Break+1","Limit Break+1","Uppercut+1","Heavy Blade+1","Reaper+1","Impervious"],"special_seed":0,"relics":["Burning Blood","Bronze Scales","HornCleat","White Beast Statue","Molten Egg 2","Bloody Idol","Philosopher\u0027s Stone","PreservedInsect","Prayer Wheel","Whetstone","Du-Vu Doll","Question Card","Red Mask","Empty Cage","Ice Cream","War Paint","HandDrill","Mercury Hourglass","Akabeko","Bag of Marbles"],"potions_floor_usage":[55],"damage_taken":[{"damage":4.0,"enemies":"Cultist","floor":1.0,"turns":4.0},{"damage":3.0,"enemies":"Jaw Worm","floor":2.0,"turns":4.0},{"damage":0.0,"enemies":"Small Slimes","floor":4.0,"turns":3.0},{"damage":8.0,"enemies":"Gremlin Nob","floor":6.0,"turns":3.0},{"damage":0.0,"enemies":"Exordium Wildlife","floor":7.0,"turns":3.0},{"damage":4.0,"enemies":"3 Sentries","floor":11.0,"turns":4.0},{"damage":1.0,"enemies":"3 Louse","floor":12.0,"turns":3.0},{"damage":5.0,"enemies":"Looter","floor":13.0,"turns":3.0},{"damage":34.0,"enemies":"The Guardian","floor":16.0,"turns":5.0},{"damage":11.0,"enemies":"2 Thieves","floor":18.0,"turns":2.0},{"damage":14.0,"enemies":"Shell Parasite","floor":20.0,"turns":2.0},{"damage":6.0,"enemies":"Shelled Parasite and Fungi","floor":22.0,"turns":2.0},{"damage":20.0,"enemies":"Book of Stabbing","floor":23.0,"turns":2.0},{"damage":21.0,"enemies":"Slavers","floor":25.0,"turns":3.0},{"damage":6.0,"enemies":"Snake Plant","floor":29.0,"turns":1.0},{"damage":0.0,"enemies":"Masked Bandits","floor":30.0,"turns":2.0},{"damage":10.0,"enemies":"Centurion and Healer","floor":31.0,"turns":2.0},{"damage":22.0,"enemies":"Champ","floor":33.0,"turns":5.0},{"damage":9.0,"enemies":"3 Darklings","floor":35.0,"turns":2.0},{"damage":6.0,"enemies":"3 Shapes","floor":36.0,"turns":1.0},{"damage":33.0,"enemies":"Mind Bloom Boss Battle","floor":37.0,"turns":4.0},{"damage":6.0,"enemies":"Sphere and 2 Shapes","floor":38.0,"turns":2.0},{"damage":0.0,"enemies":"Reptomancer","floor":41.0,"turns":3.0},{"damage":6.0,"enemies":"Maw","floor":42.0,"turns":3.0},{"damage":6.0,"enemies":"Transient","floor":45.0,"turns":5.0},{"damage":11.0,"enemies":"Jaw Worm Horde","floor":48.0,"turns":3.0},{"damage":30.0,"enemies":"Time Eater","floor":50.0,"turns":3.0},{"damage":44,"enemies":"Shield and Spear","floor":54,"turns":3},{"damage":97,"enemies":"The Heart","floor":55,"turns":5}],"seed_played":"5243769646450442226","potions_obtained":[{"floor":1.0,"key":"EntropicBrew"},{"floor":5.0,"key":"Explosive Potion"},{"floor":5.0,"key":"SneckoOil"},{"floor":7.0,"key":"FairyPotion"},{"floor":11.0,"key":"Strength Potion"},{"floor":16.0,"key":"FearPotion"},{"floor":18.0,"key":"BloodPotion"},{"floor":20.0,"key":"FairyPotion"},{"floor":23.0,"key":"LiquidMemories"},{"floor":25.0,"key":"GamblersBrew"},{"floor":29.0,"key":"Swift Potion"},{"floor":31.0,"key":"Strength Potion"},{"floor":33.0,"key":"Block Potion"},{"floor":35.0,"key":"BloodPotion"},{"floor":37.0,"key":"LiquidBronze"},{"floor":41.0,"key":"LiquidMemories"},{"floor":48.0,"key":"EntropicBrew"},{"floor":54,"key":"CultistPotion"}],"is_trial":false,"path_per_floor":["M","M","$","M","?","E","M","R","T","R","E","M","M","?","R","B",null,"M","?","M","?","M","E","$","E","T","?","R","M","?","M","R","B",null,"M","M","?","M","$","R","E","M","T","$","M","T","?","M","R","B",null,"R","$","E","B",null],"character_chosen":"IRONCLAD","items_purchased":["Whetstone","War Paint","HandDrill","Reaper+1","Impervious"],"campfire_rested":0,"item_purchase_floors":[24,39,39,44,53],"current_hp_per_floor":[80,80,80,80,80,78,80,80,80,80,80,80,80,60,60,32,80,75,75,80,80,80,80,80,65,65,65,65,70,80,80,80,69,80,80,80,74,79,79,79,80,80,80,80,80,80,80,80,80,56,80,80,80,54,15],"gold":41,"neow_bonus":"RANDOM_COMMON_RELIC","is_prod":false,"is_daily":false,"chose_seed":false,"campfire_upgraded":7,"win_rate":0,"timestamp":1571784481,"path_taken":["M","M","$","?","?","E","?","R","T","R","E","M","M","?","R","BOSS","M","?","M","?","M","E","$","E","T","?","R","M","?","M","R","BOSS","M","M","?","M","$","R","E","M","T","$","M","?","?","M","R","BOSS","R","$","E","BOSS"],"build_version":"2019-10-21","purchased_purges":3,"victory":true,"max_hp_per_floor":[80,80,80,80,80,80,80,80,80,80,80,80,80,80,80,80,80,80,80,80,80,80,80,80,80,80,80,80,80,80,80,80,80,80,80,80,80,80,80,80,80,80,80,80,80,80,80,80,80,80,80,80,80,80,80],"card_choices":[{"not_picked":["Dual Wield","Perfected Strike"],"picked":"Spot Weakness","floor":1.0},{"not_picked":["Entrench","Fire Breathing"],"picked":"Heavy Blade","floor":2.0},{"not_picked":["Armaments","Shockwave","Flame Barrier"],"picked":"SKIP","floor":4.0},{"not_picked":["Evolve","True Grit","Reckless Charge"],"picked":"SKIP","floor":6.0},{"not_picked":["Pommel Strike","Warcry"],"picked":"Rampage","floor":7.0},{"not_picked":["Iron Wave","Wild Strike","Sword Boomerang"],"picked":"SKIP","floor":11.0},{"not_picked":["Body Slam+1","Perfected Strike+1"],"picked":"Whirlwind+1","floor":12.0},{"not_picked":["Shrug It Off","Warcry","Perfected Strike+1"],"picked":"SKIP","floor":13.0},{"not_picked":["Juggernaut","Fiend Fire+1"],"picked":"Offering","floor":16.0},{"not_picked":["Dual Wield","Wild Strike+1","Sword Boomerang+1"],"picked":"SKIP","floor":18.0},{"not_picked":["Pommel Strike+1","Armaments+1"],"picked":"Flex+1","floor":20.0},{"not_picked":["Twin Strike+1","Spot Weakness+1"],"picked":"Fiend Fire+1","floor":22.0},{"not_picked":["Armaments","Thunderclap+1","Carnage+1"],"picked":"SKIP","floor":23.0},{"not_picked":["Metallicize","Twin Strike+1","Power Through"],"picked":"SKIP","floor":25.0},{"not_picked":["Perfected Strike+1","True Grit","Cleave+1"],"picked":"Heavy Blade+1","floor":29.0},{"not_picked":["Clothesline+1","Ghostly Armor","Flex"],"picked":"Limit Break","floor":29.0},{"not_picked":["Anger+1","Warcry","Clothesline+1","Bloodletting+1"],"picked":"SKIP","floor":31.0},{"not_picked":["Armaments+1","Dark Embrace","Pommel Strike+1","Havoc"],"picked":"SKIP","floor":31.0},{"not_picked":["Reaper+1","Offering","Impervious"],"picked":"Limit Break","floor":33.0},{"not_picked":["Combust","Sword Boomerang+1","Clothesline+1"],"picked":"Uppercut+1","floor":35.0},{"not_picked":["Rampage+1","Body Slam+1","Twin Strike+1","Fire Breathing"],"picked":"SKIP","floor":35.0},{"not_picked":["Perfected Strike+1","Fire Breathing","Iron Wave+1"],"picked":"Heavy Blade+1","floor":36.0},{"not_picked":["Clash+1","Uppercut+1","Sentinel+1","Inflame"],"picked":"SKIP","floor":36.0},{"not_picked":["Battle Trance","Warcry","Hemokinesis+1","Bludgeon+1"],"picked":"SKIP","floor":38.0},{"not_picked":["Headbutt+1","Intimidate","Entrench","Cleave+1"],"picked":"SKIP","floor":38.0},{"not_picked":["Seeing Red","Warcry","Headbutt+1","Battle Trance"],"picked":"SKIP","floor":41.0},{"not_picked":["Rupture","Feel No Pain","Wild Strike+1","Headbutt+1"],"picked":"SKIP","floor":42.0},{"not_picked":["Clash+1","Twin Strike+1","Evolve+1","Ghostly Armor+1"],"picked":"SKIP","floor":42.0},{"not_picked":["Clash+1","Intimidate","Feel No Pain+1","Dark Embrace+1"],"picked":"SKIP","floor":45.0},{"not_picked":["Pummel+1","Thunderclap+1","Sentinel","Shrug It Off"],"picked":"SKIP","floor":45.0},{"not_picked":["Evolve+1","Headbutt+1","Flex+1","Body Slam+1"],"picked":"SKIP","floor":48.0},{"not_picked":["Havoc","Twin Strike+1","True Grit+1","Fire Breathing"],"picked":"SKIP","floor":48.0},{"not_picked":["Seeing Red","Anger+1","Disarm","Whirlwind+1"],"picked":"SKIP","floor":54}],"player_experience":882655,"relics_obtained":[{"floor":6.0,"key":"HornCleat"},{"floor":9.0,"key":"White Beast Statue"},{"floor":11.0,"key":"Molten Egg 2"},{"floor":23.0,"key":"Prayer Wheel"},{"floor":25.0,"key":"Du-Vu Doll"},{"floor":26.0,"key":"Question Card"},{"floor":30.0,"key":"Red Mask"},{"floor":37.0,"key":"Ice Cream"},{"floor":41.0,"key":"Mercury Hourglass"},{"floor":46.0,"key":"Akabeko"},{"floor":54,"key":"Bag of Marbles"}],"event_choices":[{"damage_healed":0.0,"max_hp_gain":0.0,"max_hp_loss":0.0,"gold_gain":0.0,"event_name":"Lab","player_choice":"Got Potions","floor":5.0,"gold_loss":0.0,"damage_taken":0.0},{"damage_healed":0.0,"max_hp_gain":0.0,"max_hp_loss":0.0,"gold_gain":0.0,"event_name":"Golden Idol","player_choice":"Take Damage","floor":14.0,"gold_loss":0.0,"damage_taken":20.0,"relics_obtained":["Golden Idol"]},{"damage_healed":0.0,"max_hp_gain":0.0,"max_hp_loss":0.0,"gold_gain":99.0,"event_name":"Nest","player_choice":"Stole From Cult","floor":19.0,"gold_loss":0.0,"damage_taken":0.0},{"damage_healed":0.0,"max_hp_gain":0.0,"max_hp_loss":0.0,"gold_gain":0.0,"event_name":"The Mausoleum","player_choice":"Opened","floor":21.0,"gold_loss":0.0,"damage_taken":0.0,"relics_obtained":["PreservedInsect"],"cards_obtained":["Writhe"]},{"damage_healed":0.0,"max_hp_gain":0.0,"max_hp_loss":0.0,"gold_gain":0.0,"event_name":"Forgotten Altar","player_choice":"Gave Idol","floor":27.0,"relics_lost":["Golden Idol"],"gold_loss":0.0,"damage_taken":0.0,"relics_obtained":["Bloody Idol"]},{"damage_healed":0.0,"max_hp_gain":0.0,"max_hp_loss":0.0,"gold_gain":0.0,"event_name":"Masked Bandits","player_choice":"Fought Bandits","floor":30.0,"gold_loss":0.0,"damage_taken":0.0},{"damage_healed":0.0,"max_hp_gain":0.0,"max_hp_loss":0.0,"gold_gain":0.0,"event_name":"MindBloom","player_choice":"Fight","floor":37.0,"gold_loss":0.0,"damage_taken":0.0},{"damage_healed":0.0,"max_hp_gain":0.0,"max_hp_loss":0.0,"gold_gain":0.0,"event_name":"SensoryStone","player_choice":"Memory 1","floor":47.0,"gold_loss":0.0,"damage_taken":0.0}],"is_beta":true,"boss_relics":[{"not_picked":["Astrolabe","Runic Cube"],"picked":"Philosopher\u0027s Stone"},{"not_picked":["Runic Pyramid","Pandora\u0027s Box"],"picked":"Empty Cage"}],"items_purged_floors":[3,24,39],"is_endless":false,"potions_floor_spawned":[1,7,11,12,13,16,18,20,22,23,25,29,30,31,33,35,36,37,38,41,42,45,48,54],"ascension_level":0}