{"gold_per_floor":[118,43,58,75,89,114,133,152,152,152],"floor_reached":10,"playtime":442,"items_purged":["Strike_R"],"score":144,"play_id":"23c3372d-d29b-49f1-b9d8-1f147bbb7eda","local_time":"20190604162218","is_ascension_mode":true,"campfire_choices":[],"neow_cost":"NONE","seed_source_timestamp":13961636458038,"circlet_count":0,"master_deck":["AscendersBane","Strike_R","Strike_R","Strike_R","Strike_R","Defend_R","Defend_R","Defend_R","Defend_R","Bash","Barricade","Iron Wave","True Grit","Flame Barrier","Body Slam"],"relics":["Burning Blood","Self Forming Clay","Bag of Marbles"],"potions_floor_usage":[6,6,6,8],"damage_taken":[{"damage":11,"enemies":"2 Louse","floor":1,"turns":4},{"damage":5,"enemies":"Small Slimes","floor":3,"turns":4},{"damage":9,"enemies":"Jaw Worm","floor":4,"turns":4},{"damage":20,"enemies":"Red Slaver","floor":5,"turns":6},{"damage":18,"enemies":"3 Sentries","floor":6,"turns":13},{"damage":11,"enemies":"Looter","floor":7,"turns":3},{"damage":19,"enemies":"Exordium Wildlife","floor":8,"turns":7},{"damage":1,"enemies":"Large Slime","floor":10,"turns":2}],"seed_played":"7321507864310728762","potions_obtained":[{"floor":1,"key":"EntropicBrew"},{"floor":3,"key":"SteroidPotion"},{"floor":8,"key":"Poison Potion"}],"is_trial":false,"path_per_floor":["M","$","M","M","M","E","M","M","T","M"],"character_chosen":"IRONCLAD","items_purchased":[],"campfire_rested":0,"item_purchase_floors":[],"current_hp_per_floor":[63,63,64,61,47,42,37,24,24,23],"gold":152,"neow_bonus":"ONE_RANDOM_RARE_CARD","is_prod":false,"is_daily":false,"chose_seed":false,"campfire_upgraded":0,"win_rate":0,"timestamp":1559658138,"path_taken":["M","$","M","M","M","E","M","M","T","M"],"build_version":"2019-01-23","purchased_purges":1,"victory":false,"max_hp_per_floor":[75,75,75,75,75,75,75,75,75,75],"card_choices":[{"not_picked":["Heavy Blade","Rampage","Havoc"],"picked":"SKIP","floor":1},{"not_picked":["Perfected Strike","Clothesline"],"picked":"Iron Wave","floor":3},{"not_picked":["Headbutt","Heavy Blade"],"picked":"True Grit","floor":4},{"not_picked":["Cleave","Warcry"],"picked":"Flame Barrier","floor":5},{"not_picked":["Spot Weakness","Uppercut","Wild Strike"],"picked":"SKIP","floor":6},{"not_picked":["True Grit","Barricade"],"picked":"Body Slam","floor":7},{"not_picked":["Wild Strike","Rampage","Cleave"],"picked":"SKIP","floor":8}],"player_experience":896218,"relics_obtained":[{"floor":6,"key":"Self Forming Clay"},{"floor":9,"key":"Bag of Marbles"}],"event_choices":[],"is_beta":false,"boss_relics":[],"items_purged_floors":[2],"is_endless":false,"potions_floor_spawned":[1,3,5,8],"killed_by":"Large Slime","ascension_level":20}