{"gold_per_floor":[118,136,146,158,174,174,174,174,199,209,209,219,235,68,68,68],"floor_reached":16,"playtime":633,"items_purged":[],"score":182,"play_id":"3b3c0371-34f1-42b3-af72-3447a021f074","local_time":"20181016150051","is_ascension_mode":true,"campfire_choices":[{"data":"Armaments","floor":6.0,"key":"SMITH"},{"data":"Armaments","floor":8.0,"key":"SMITH"},{"floor":15.0,"key":"REST"}],"neow_cost":"NONE","seed_source_timestamp":12156875159772,"circlet_count":0,"master_deck":["Strike_R","Strike_R","Strike_R","Strike_R","Defend_R","Defend_R","Defend_R","Defend_R","Bash","AscendersBane","Shrug It Off","Armaments+1","Metallicize","Armaments+1","Metallicize"],"special_seed":0,"relics":["Burning Blood","Regal Pillow","PreservedInsect"],"potions_floor_usage":[16,16],"damage_taken":[{"damage":9.0,"enemies":"Jaw Worm","floor":1.0,"turns":4.0},{"damage":4.0,"enemies":"Small Slimes","floor":2.0,"turns":5.0},{"damage":12.0,"enemies":"Cultist","floor":3.0,"turns":5.0},{"damage":2.0,"enemies":"Lots of Slimes","floor":4.0,"turns":3.0},{"damage":18.0,"enemies":"Large Slime","floor":5.0,"turns":11.0},{"damage":15.0,"enemies":"3 Louse","floor":10.0,"turns":6.0},{"damage":0.0,"enemies":"Blue Slaver","floor":12.0,"turns":6.0},{"damage":15.0,"enemies":"Large Slime","floor":13.0,"turns":12.0},{"damage":91,"enemies":"Hexaghost","floor":16,"turns":16}],"seed_played":"8341391910548552882","potions_obtained":[{"floor":2.0,"key":"Explosive Potion"},{"floor":4.0,"key":"Energy Potion"},{"floor":5.0,"key":"Energy Potion"},{"floor":10.0,"key":"SpeedPotion"}],"is_trial":false,"path_per_floor":["M","M","M","M","M","R","?","R","T","M","?","M","M","$","R"],"character_chosen":"IRONCLAD","items_purchased":["PreservedInsect"],"campfire_rested":1,"item_purchase_floors":[14],"current_hp_per_floor":[72,74,68,72,60,60,65,65,65,56,49,55,46,46,87,0],"gold":68,"neow_bonus":"TEN_PERCENT_HP_BONUS","is_prod":false,"is_daily":false,"chose_seed":false,"campfire_upgraded":2,"win_rate":0,"timestamp":1539694851,"path_taken":["M","M","M","M","M","R","?","R","T","?","?","M","M","$","R","BOSS"],"build_version":"2018-10-15v2","purchased_purges":0,"victory":false,"max_hp_per_floor":[82,82,82,82,82,82,87,87,87,87,87,87,87,87,87,87],"card_choices":[{"not_picked":["Blood for Blood","Warcry"],"picked":"Shrug It Off","floor":1.0},{"not_picked":["Spot Weakness","Cleave"],"picked":"Armaments","floor":2.0},{"not_picked":["Pummel","Cleave"],"picked":"Metallicize","floor":3.0},{"not_picked":["Reckless Charge","Perfected Strike"],"picked":"Armaments","floor":4.0},{"not_picked":["Pommel Strike","Twin Strike","Pummel"],"picked":"SKIP","floor":5.0},{"not_picked":["Combust","Twin Strike","Sentinel"],"picked":"SKIP","floor":10.0},{"not_picked":["Rupture","Headbutt"],"picked":"Metallicize","floor":12.0},{"not_picked":["Heavy Blade","Warcry","Exhume"],"picked":"SKIP","floor":13.0}],"player_experience":689264,"relics_obtained":[{"floor":9.0,"key":"Regal Pillow"}],"event_choices":[{"event_name":"Big Fish","player_choice":"Donut","floor":7.0,"damage_taken":0.0},{"event_name":"Golden Wing","player_choice":"Card Removal","floor":11.0,"damage_taken":0.0}],"is_beta":true,"boss_relics":[],"items_purged_floors":[],"is_endless":false,"potions_floor_spawned":[2,4,5,10],"killed_by":"Hexaghost","ascension_level":18}