{"gold_per_floor":[111,111,111,111,38,38,58,58,107,125,138,151,172,172,172,293,293,307,307,182,200,200,200,216,216],"floor_reached":25,"playtime":1039,"items_purged":["Strike_B"],"score":290,"play_id":"5334e373-9b9d-4d7e-a0ab-6ddbf8060ec0","local_time":"20191021223555","is_ascension_mode":true,"campfire_choices":[{"data":"Zap","floor":6,"key":"SMITH"},{"data":"Defragment","floor":8,"key":"SMITH"},{"floor":15,"key":"REST"},{"data":"Rainbow","floor":23,"key":"SMITH"}],"neow_cost":"NONE","seed_source_timestamp":7618353372714,"circlet_count":0,"master_deck":["AscendersBane","Strike_B","Strike_B","Defend_B","Defend_B","Zap+1","Dualcast","Defragment+1","Coolheaded","Rainbow+1","Coolheaded","Hologram","FTL","Fission+1","Coolheaded+1","Cold Snap","Hologram+1","Defragment"],"relics":["Velvet Choker","Golden Idol","Orichalcum","Art of War","Empty Cage"],"potions_floor_usage":[25],"damage_taken":[{"damage":7,"enemies":"Jaw Worm","floor":1,"turns":3},{"damage":6,"enemies":"Small Slimes","floor":7,"turns":4},{"damage":0,"enemies":"Cultist","floor":10,"turns":3},{"damage":13,"enemies":"Exordium Wildlife","floor":11,"turns":4},{"damage":6,"enemies":"Exordium Thugs","floor":12,"turns":3},{"damage":0,"enemies":"Large Slime","floor":13,"turns":6},{"damage":21,"enemies":"The Guardian","floor":16,"turns":14},{"damage":13,"enemies":"2 Thieves","floor":18,"turns":5},{"damage":0,"enemies":"Shell Parasite","floor":21,"turns":6},{"damage":8,"enemies":"Sentry and Sphere","floor":24,"turns":6},{"damage":62,"enemies":"Gremlin Leader","floor":25,"turns":11}],"seed_played":"-8105036545342051094","potions_obtained":[{"floor":7,"key":"DuplicationPotion"},{"floor":10,"key":"PotionOfCapacity"},{"floor":18,"key":"PotionOfCapacity"}],"is_trial":false,"path_per_floor":["M","?","?","?","$","R","M","R","T","M","M","M","M","?","R","B",null,"M","?","$","M","?","R","M","E"],"character_chosen":"DEFECT","items_purchased":["Defragment","Cold Snap"],"campfire_rested":1,"item_purchase_floors":[5,20],"current_hp_per_floor":[61,61,43,36,36,36,30,30,30,30,17,11,11,11,33,12,59,46,46,46,46,46,46,38,0],"gold":216,"neow_bonus":"BOSS_RELIC","is_prod":false,"is_daily":false,"chose_seed":false,"campfire_upgraded":3,"win_rate":0,"timestamp":1571664955,"path_taken":["M","?","?","?","$","R","M","R","T","M","M","?","M","?","R","BOSS","M","?","$","?","?","R","M","E"],"build_version":"2019-10-18","purchased_purges":1,"victory":false,"max_hp_per_floor":[75,75,75,75,75,75,75,75,75,75,75,75,75,75,75,75,75,75,75,75,75,75,75,75,75],"card_choices":[{"not_picked":["Compile Driver","Streamline","Leap"],"picked":"SKIP","floor":1},{"not_picked":["Sweeping Beam","Stack"],"picked":"Coolheaded","floor":7},{"not_picked":["Redo","Stack"],"picked":"Rainbow","floor":10},{"not_picked":["Rebound","Hologram"],"picked":"Coolheaded","floor":11},{"not_picked":["Melter","Barrage"],"picked":"Hologram","floor":12},{"not_picked":["Sweeping Beam","Self Repair"],"picked":"FTL","floor":13},{"not_picked":["Thunder Strike","Machine Learning"],"picked":"Fission","floor":16},{"not_picked":["Recycle","Hologram+1"],"picked":"Coolheaded+1","floor":18},{"not_picked":["Conserve Battery+1","Static Discharge+1"],"picked":"Hologram+1","floor":21},{"not_picked":["Recycle","Hologram+1"],"picked":"Defragment","floor":24}],"player_experience":620873,"relics_obtained":[{"floor":9,"key":"Art of War"}],"event_choices":[{"cards_removed":["Defend_B"],"damage_healed":0,"gold_gain":0,"player_choice":"Forget","damage_taken":0,"max_hp_gain":0,"max_hp_loss":0,"event_name":"Living Wall","floor":2,"gold_loss":0},{"damage_healed":0,"gold_gain":0,"player_choice":"Take Damage","damage_taken":18,"relics_obtained":["Golden Idol"],"max_hp_gain":0,"max_hp_loss":0,"event_name":"Golden Idol","floor":3,"gold_loss":0},{"damage_healed":0,"gold_gain":0,"player_choice":"Success","damage_taken":7,"relics_obtained":["Orichalcum"],"max_hp_gain":0,"max_hp_loss":0,"event_name":"Scrap Ooze","floor":4,"gold_loss":0},{"damage_healed":0,"gold_gain":0,"player_choice":"Ignored","damage_taken":0,"max_hp_gain":0,"max_hp_loss":0,"event_name":"Shining Light","floor":14,"gold_loss":0},{"damage_healed":0,"gold_gain":0,"player_choice":"Forge","damage_taken":0,"max_hp_gain":0,"max_hp_loss":0,"event_name":"Accursed Blacksmith","floor":19,"gold_loss":0,"cards_upgraded":["Fission"]},{"damage_healed":0,"gold_gain":0,"player_choice":"Ignored","damage_taken":0,"max_hp_gain":0,"max_hp_loss":0,"event_name":"Vampires","floor":22,"gold_loss":0}],"is_beta":true,"boss_relics":[{"not_picked":["Runic Pyramid","Sozu"],"picked":"Empty Cage"}],"items_purged_floors":[20],"is_endless":false,"potions_floor_spawned":[7,10,18,24],"killed_by":"Gremlin Leader","ascension_level":10}