{"gold_per_floor":[99,99,99,15,0,0,0,0,0,0,0,0,0,0,0,0],"floor_reached":16,"playtime":278,"items_purged":[],"score":180,"play_id":"bc4c14c4-24d2-4993-b280-ac381e2234a3","local_time":"20181124135128","is_ascension_mode":true,"campfire_choices":[{"data":"Static Discharge","floor":6.0,"key":"SMITH"},{"data":"Darkness","floor":8.0,"key":"SMITH"},{"data":"Sweeping Beam","floor":11.0,"key":"SMITH"},{"floor":15.0,"key":"REST"}],"neow_cost":"NONE","seed_source_timestamp":356335538097354,"circlet_count":0,"master_deck":["AscendersBane","Strike_B","Strike_B","Strike_B","Strike_B","Defend_B","Defend_B","Defend_B","Defend_B","Zap","Dualcast","Darkness+1","Sweeping Beam+1","Static Discharge+1","Storm+1","White Noise","Loop"],"special_seed":0,"relics":["Ectoplasm","Blue Candle","Golden Idol","Happy Flower"],"potions_floor_usage":[16],"damage_taken":[{"damage":8.0,"enemies":"2 Louse","floor":1.0,"turns":3.0},{"damage":4.0,"enemies":"Small Slimes","floor":2.0,"turns":3.0},{"damage":1.0,"enemies":"Cultist","floor":3.0,"turns":3.0},{"damage":7.0,"enemies":"Large Slime","floor":10.0,"turns":5.0},{"damage":12.0,"enemies":"Looter","floor":14.0,"turns":3.0},{"damage":31,"enemies":"Slime Boss","floor":16,"turns":7}],"seed_played":"8324247455429495858","potions_obtained":[{"floor":3.0,"key":"Ancient Potion"},{"floor":10.0,"key":"SpeedPotion"}],"is_trial":false,"path_per_floor":["M","M","M","$","?","R","?","R","T","M","R","?","?","M","R","B"],"character_chosen":"DEFECT","items_purchased":["Storm"],"campfire_rested":1,"item_purchase_floors":[4],"current_hp_per_floor":[56,52,51,51,51,51,51,51,51,44,44,20,20,8,29,0],"gold":0,"neow_bonus":"BOSS_RELIC","is_prod":false,"is_daily":false,"chose_seed":false,"campfire_upgraded":3,"win_rate":0,"timestamp":1543063888,"path_taken":["M","M","M","$","?","R","?","R","T","?","R","?","?","M","R","BOSS"],"build_version":"2018-11-15","purchased_purges":0,"victory":false,"max_hp_per_floor":[71,71,71,71,71,71,71,71,71,71,71,71,71,71,71,71],"card_choices":[{"not_picked":["Leap","Blizzard"],"picked":"Darkness","floor":1.0},{"not_picked":["Steam","Stack"],"picked":"Sweeping Beam","floor":2.0},{"not_picked":["Rebound","Redo"],"picked":"Static Discharge","floor":3.0},{"not_picked":["Leap","Chaos"],"picked":"White Noise","floor":10.0},{"not_picked":["Heatsinks","Reinforced Body"],"picked":"Loop","floor":14.0}],"player_experience":772963,"relics_obtained":[{"floor":9.0,"key":"Blue Candle"}],"event_choices":[{"damage_healed":0.0,"max_hp_gain":0.0,"max_hp_loss":0.0,"gold_gain":0.0,"event_name":"World of Goop","player_choice":"Left Gold","floor":5.0,"gold_loss":15.0,"damage_taken":0.0},{"damage_healed":0.0,"max_hp_gain":0.0,"max_hp_loss":0.0,"gold_gain":0.0,"event_name":"Upgrade Shrine","player_choice":"Upgraded","floor":7.0,"gold_loss":0.0,"damage_taken":0.0,"cards_upgraded":["Storm"]},{"damage_healed":0.0,"max_hp_gain":0.0,"max_hp_loss":0.0,"gold_gain":0.0,"event_name":"Golden Idol","player_choice":"Take Damage","floor":12.0,"gold_loss":0.0,"damage_taken":24.0,"relics_obtained":["Golden Idol"]},{"damage_healed":0.0,"max_hp_gain":0.0,"max_hp_loss":0.0,"gold_gain":0.0,"event_name":"Dead Adventurer","player_choice":"Searched \u00271\u0027 times","floor":13.0,"gold_loss":0.0,"damage_taken":0.0,"relics_obtained":["Happy Flower"]}],"is_beta":true,"boss_relics":[],"items_purged_floors":[],"is_endless":false,"potions_floor_spawned":[3,10],"killed_by":"Slime Boss","ascension_level":20}