{"gold_per_floor":[116,129,204,220,220,220,252,252,300,325,339,353,367,393,393,491,491,510,435,452,551,571,601,619,619,666,666,681,707,707,707,707,802,802,820,720,730,747,747,747,763,763],"floor_reached":42,"playtime":3227,"items_purged":["Strike_G","Strike_G"],"score":560,"play_id":"7d7a00f2-4c0b-4d0b-adc7-1df5beae4ea1","local_time":"20181013213220","is_ascension_mode":false,"campfire_choices":[{"floor":6.0,"key":"REST"},{"data":"Flechettes","floor":8.0,"key":"SMITH"},{"data":"Caltrops","floor":15.0,"key":"SMITH"},{"floor":25,"key":"REST"},{"data":"Bullet Time","floor":27,"key":"SMITH"},{"data":"A Thousand Cuts","floor":30,"key":"SMITH"},{"data":"Dodge and Roll","floor":32,"key":"SMITH"},{"data":"Dodge and Roll","floor":40,"key":"SMITH"}],"neow_cost":"PERCENT_DAMAGE","seed_source_timestamp":905549632079,"circlet_count":0,"master_deck":["Defend_G","Defend_G","Defend_G","Defend_G","Defend_G","Strike_G","Survivor","Neutralize+1","Dagger Throw","Dagger Spray","Calculated Gamble","Flechettes+1","Dodge and Roll+1","Caltrops+1","Bullet Time+1","Escape Plan+1","Backflip","Setup+1","Dodge and Roll+1","Dodge and Roll+1","A Thousand Cuts+1","Die Die Die","Cloak And Dagger+1"],"special_seed":0,"relics":["Ring of the Snake","Pocketwatch","Ancient Tea Set","Anchor","Dream Catcher","Vajra","Empty Cage","Regal Pillow","Oddly Smooth Stone","Ice Cream","WristBlade"],"potions_floor_usage":[23,24,35,37],"damage_taken":[{"damage":1.0,"enemies":"Cultist","floor":1.0,"turns":4.0},{"damage":0.0,"enemies":"Small Slimes","floor":2.0,"turns":3.0},{"damage":1.0,"enemies":"Jaw Worm","floor":4.0,"turns":4.0},{"damage":10.0,"enemies":"Gremlin Nob","floor":7.0,"turns":4.0},{"damage":0.0,"enemies":"3 Sentries","floor":10.0,"turns":6.0},{"damage":0.0,"enemies":"Red Slaver","floor":11.0,"turns":4.0},{"damage":0.0,"enemies":"3 Louse","floor":12.0,"turns":3.0},{"damage":6.0,"enemies":"Exordium Thugs","floor":13.0,"turns":3.0},{"damage":10.0,"enemies":"Gremlin Nob","floor":14.0,"turns":3.0},{"damage":0.0,"enemies":"The Guardian","floor":16.0,"turns":14.0},{"damage":0.0,"enemies":"3 Byrds","floor":18.0,"turns":1.0},{"damage":18.0,"enemies":"2 Thieves","floor":20.0,"turns":3.0},{"damage":17,"enemies":"Sentry and Sphere","floor":22,"turns":4},{"damage":14,"enemies":"Gremlin Leader","floor":23,"turns":7},{"damage":0,"enemies":"Snecko","floor":24,"turns":6},{"damage":0,"enemies":"Shelled Parasite and Fungi","floor":28,"turns":4},{"damage":0,"enemies":"Book of Stabbing","floor":29,"turns":7},{"damage":15,"enemies":"Automaton","floor":33,"turns":11},{"damage":13,"enemies":"3 Darklings","floor":35,"turns":3},{"damage":2,"enemies":"3 Shapes","floor":37,"turns":3},{"damage":14,"enemies":"Spire Growth","floor":38,"turns":5},{"damage":11,"enemies":"Sphere and 2 Shapes","floor":41,"turns":4},{"damage":42,"enemies":"Giant Head","floor":42,"turns":9}],"seed_played":"2541238159952029478","potions_obtained":[{"floor":7.0,"key":"SkillPotion"},{"floor":10.0,"key":"Poison Potion"},{"floor":11.0,"key":"AttackPotion"},{"floor":12.0,"key":"EssenceOfSteel"},{"floor":16.0,"key":"Block Potion"},{"floor":24,"key":"Block Potion"},{"floor":29,"key":"GamblersBrew"},{"floor":33,"key":"Strength Potion"},{"floor":35,"key":"Explosive Potion"}],"is_trial":false,"path_per_floor":["M","M","?","M","?","R","E","R","T","E","M","M","M","E","R","B",null,"M","$","M","?","M","E","M","R","T","R","M","E","R","?","R","B",null,"M","$","M","M","?","R","M"],"character_chosen":"THE_SILENT","items_purchased":[],"campfire_rested":2,"item_purchase_floors":[],"current_hp_per_floor":[48,48,37,36,36,57,47,47,47,47,47,47,41,31,31,31,70,70,70,52,52,35,21,21,57,57,57,57,57,57,57,57,42,70,57,57,55,41,41,41,30,0],"gold":763,"neow_bonus":"ONE_RARE_RELIC","is_prod":false,"is_daily":false,"chose_seed":false,"campfire_upgraded":6,"win_rate":0,"timestamp":1539437540,"path_taken":["M","?","?","M","?","R","E","R","T","E","M","?","M","E","R","BOSS","M","$","?","?","M","E","?","R","T","R","M","E","R","?","R","BOSS","M","$","?","M","?","R","M","E"],"build_version":"2018-10-11","purchased_purges":2,"victory":false,"max_hp_per_floor":[70,70,70,70,70,70,70,70,70,70,70,70,70,70,70,70,70,70,70,70,70,70,70,70,70,70,70,70,70,70,70,70,70,70,70,70,70,70,70,70,70,70],"card_choices":[{"not_picked":["Bane","Cloak And Dagger"],"picked":"Dagger Throw","floor":1.0},{"not_picked":["Endless Agony","PiercingWail"],"picked":"Dagger Spray","floor":2.0},{"not_picked":["Acrobatics","Bane"],"picked":"Calculated Gamble","floor":4.0},{"not_picked":["Backflip","Deflect"],"picked":"Flechettes","floor":7.0},{"not_picked":["Deflect","Night Terror","Blade Dance"],"picked":"SKIP","floor":10.0},{"not_picked":["Cloak And Dagger","Sucker Punch"],"picked":"Dodge and Roll","floor":11.0},{"not_picked":["Concentrate","Footwork"],"picked":"Caltrops","floor":12.0},{"not_picked":["Slice","Cloak And Dagger","Bane"],"picked":"SKIP","floor":13.0},{"not_picked":["PiercingWail","Catalyst","Sucker Punch"],"picked":"SKIP","floor":14.0},{"not_picked":["Adrenaline","Doppelganger"],"picked":"Bullet Time","floor":16.0},{"not_picked":["Flying Knee","Predator"],"picked":"Escape Plan+1","floor":18.0},{"not_picked":["Quick Slash","Dodge and Roll"],"picked":"Backflip","floor":20.0},{"not_picked":["Blade Dance+1","Infinite Blades+1","Flying Knee"],"picked":"SKIP","floor":22},{"not_picked":["Dagger Spray","Deflect"],"picked":"Setup+1","floor":23},{"not_picked":["Catalyst","Poisoned Stab","Outmaneuver"],"picked":"SKIP","floor":24},{"not_picked":["Bane","Sucker Punch"],"picked":"Dodge and Roll","floor":25},{"not_picked":["Escape Plan","Storm of Steel"],"picked":"Dodge and Roll+1","floor":28},{"not_picked":["Deflect","PiercingWail"],"picked":"A Thousand Cuts","floor":29},{"not_picked":["Storm of Steel","Venomology"],"picked":"Die Die Die","floor":33},{"not_picked":["All Out Attack","Prepared+1","Flying Knee+1"],"picked":"SKIP","floor":35},{"not_picked":["Eviscerate","Slice+1","Bane"],"picked":"SKIP","floor":37},{"not_picked":["PiercingWail","Masterful Stab+1"],"picked":"Cloak And Dagger+1","floor":38},{"not_picked":["Dodge and Roll","Quick Slash","Setup+1"],"picked":"SKIP","floor":41}],"player_experience":318600,"relics_obtained":[{"floor":7.0,"key":"Ancient Tea Set"},{"floor":9.0,"key":"Anchor"},{"floor":10.0,"key":"Dream Catcher"},{"floor":14.0,"key":"Vajra"},{"floor":23,"key":"Regal Pillow"},{"floor":26,"key":"Oddly Smooth Stone"},{"floor":29,"key":"Ice Cream"}],"event_choices":[{"event_name":"World of Goop","player_choice":"Gather Gold","floor":3.0,"damage_taken":0.0},{"event_name":"Upgrade Shrine","player_choice":"Upgraded","floor":5.0,"damage_taken":0.0},{"event_name":"Nest","player_choice":"Stole From Cult","floor":21.0,"damage_taken":0.0},{"event_name":"Vampires","player_choice":"Ignored","floor":31,"damage_taken":0},{"event_name":"Match and Keep!","player_choice":"0 cards matched","floor":39,"damage_taken":0}],"is_beta":false,"boss_relics":[{"not_picked":["Busted Crown","Orrery"],"picked":"Empty Cage"},{"not_picked":["Coffee Dripper","Philosopher\u0027s Stone"],"picked":"WristBlade"}],"items_purged_floors":[19,36],"is_endless":false,"potions_floor_spawned":[7,10,11,12,13,16,20,24,29,33,35],"killed_by":"Giant Head","ascension_level":0}