{"gold_per_floor":[118,131,131,56,56,56,87,103,103,103,116,144,156,176,176],"floor_reached":15,"playtime":255,"items_purged":["Defend_R"],"score":214,"play_id":"6ca43ed0-d444-44f5-b4c6-50b02fc40b6b","local_time":"20181127135734","is_ascension_mode":true,"campfire_choices":[{"data":"Bash","floor":6.0,"key":"SMITH"},{"floor":10.0,"key":"REST"}],"neow_cost":"CURSE","seed_source_timestamp":94172824371898,"circlet_count":0,"master_deck":["AscendersBane","Strike_R","Strike_R","Strike_R","Strike_R","Strike_R","Defend_R","Defend_R","Defend_R","Bash+1","Flex"],"special_seed":0,"relics":["Burning Blood","Unceasing Top","Darkstone Periapt","Letter Opener","Mango"],"potions_floor_usage":[12],"damage_taken":[{"damage":6.0,"enemies":"Cultist","floor":1.0,"turns":3.0},{"damage":4.0,"enemies":"Small Slimes","floor":2.0,"turns":5.0},{"damage":56.0,"enemies":"Gremlin Nob","floor":7.0,"turns":5.0},{"damage":2.0,"enemies":"Jaw Worm","floor":8.0,"turns":3.0},{"damage":13.0,"enemies":"Red Slaver","floor":11.0,"turns":3.0},{"damage":37,"enemies":"Lagavulin","floor":12,"turns":6},{"damage":12,"enemies":"Looter","floor":13,"turns":3},{"damage":6,"enemies":"2 Fungi Beasts","floor":14,"turns":4}],"seed_played":"-8410854683189017888","potions_obtained":[{"floor":1.0,"key":"Dexterity Potion"},{"floor":8.0,"key":"Block Potion"},{"floor":14,"key":"Strength Potion"}],"is_trial":false,"path_per_floor":["M","M","?","$","$","R","E","M","T","R","M","E","M","M","R"],"character_chosen":"IRONCLAD","items_purchased":[],"campfire_rested":1,"item_purchase_floors":[],"current_hp_per_floor":[68,70,70,70,70,70,20,24,24,45,38,21,15,15,15],"gold":176,"neow_bonus":"ONE_RARE_RELIC","is_prod":false,"is_daily":false,"chose_seed":false,"campfire_upgraded":1,"win_rate":0,"timestamp":1543323454,"path_taken":["M","?","?","?","$","R","E","M","T","R","M","E","M","?","R"],"build_version":"2018-11-15","purchased_purges":1,"victory":false,"max_hp_per_floor":[75,75,72,72,72,72,72,72,72,72,72,86,86,86,86],"card_choices":[{"not_picked":["Searing Blow","Seeing Red","Thunderclap"],"picked":"SKIP","floor":1.0},{"not_picked":["Sword Boomerang","Shrug It Off"],"picked":"Flex","floor":2.0},{"not_picked":["Sword Boomerang","Reckless Charge","Exhume"],"picked":"SKIP","floor":7.0},{"not_picked":["Cleave","Twin Strike","Metallicize"],"picked":"SKIP","floor":8.0},{"not_picked":["Wild Strike","Power Through","Havoc"],"picked":"SKIP","floor":11.0},{"not_picked":["Bludgeon","Second Wind","Flame Barrier"],"picked":"SKIP","floor":12},{"not_picked":["Thunderclap","Searing Blow","Entrench"],"picked":"SKIP","floor":13},{"not_picked":["Warcry","Sword Boomerang","Cleave"],"picked":"SKIP","floor":14}],"player_experience":778035,"relics_obtained":[{"floor":7.0,"key":"Darkstone Periapt"},{"floor":9.0,"key":"Letter Opener"},{"floor":12,"key":"Mango"}],"event_choices":[{"cards_removed":["Parasite"],"damage_healed":0.0,"max_hp_gain":0.0,"max_hp_loss":0.0,"gold_gain":0.0,"event_name":"Living Wall","player_choice":"Forget","floor":3.0,"gold_loss":0.0,"damage_taken":0.0}],"is_beta":true,"boss_relics":[],"items_purged_floors":[4],"is_endless":false,"potions_floor_spawned":[1,8,11,14],"ascension_level":20}