{"gold_per_floor":[114,39,55,66,16,49,49,124,124,159,159,179,211,211,211,211],"floor_reached":16,"playtime":472,"items_purged":["Defend_R"],"score":177,"play_id":"358de500-18d4-4ede-8bd2-4ad5d85df57b","local_time":"20191012131323","is_ascension_mode":true,"campfire_choices":[{"data":"Bash","floor":7,"key":"SMITH"},{"floor":11,"key":"REST"},{"floor":15,"key":"REST"}],"neow_cost":"NONE","seed_source_timestamp":1180582924017,"circlet_count":0,"master_deck":["AscendersBane","Strike_R","Strike_R","Strike_R","Strike_R","Defend_R","Defend_R","Defend_R","Bash+1","Twin Strike","Flex"],"special_seed":0,"relics":["Busted Crown","Dead Branch","Mercury Hourglass","Frozen Egg 2","Pen Nib"],"potions_floor_usage":[10],"damage_taken":[{"damage":2,"enemies":"Jaw Worm","floor":1,"turns":3},{"damage":0,"enemies":"Cultist","floor":3,"turns":2},{"damage":0,"enemies":"2 Louse","floor":4,"turns":3},{"damage":30,"enemies":"Lagavulin","floor":6,"turns":5},{"damage":20,"enemies":"3 Sentries","floor":10,"turns":4},{"damage":9,"enemies":"Red Slaver","floor":12,"turns":2},{"damage":25,"enemies":"Lagavulin","floor":13,"turns":4},{"damage":27,"enemies":"The Guardian","floor":16,"turns":7}],"seed_played":"-8063319190369166151","potions_obtained":[{"floor":1,"key":"GamblersBrew"},{"floor":12,"key":"Explosive Potion"}],"is_trial":false,"path_per_floor":["M","$","M","M","?","E","R","?","T","E","R","M","E","$","R","B"],"character_chosen":"IRONCLAD","items_purchased":[],"campfire_rested":2,"item_purchase_floors":[],"current_hp_per_floor":[70,70,70,70,70,40,40,32,32,12,36,27,2,2,26,0],"gold":211,"neow_bonus":"BOSS_RELIC","is_prod":false,"is_daily":false,"chose_seed":false,"campfire_upgraded":1,"win_rate":0,"timestamp":1570853603,"path_taken":["M","$","M","M","?","E","R","?","T","E","R","M","E","$","R","BOSS"],"build_version":"2019-10-11","purchased_purges":1,"victory":false,"max_hp_per_floor":[80,80,80,80,80,80,80,80,80,80,80,80,80,80,80,80],"card_choices":[{"not_picked":["Corruption"],"picked":"SKIP","floor":1},{"not_picked":[],"picked":"Twin Strike","floor":3},{"not_picked":[],"picked":"Flex","floor":4},{"not_picked":["Barricade"],"picked":"SKIP","floor":6},{"not_picked":["Anger"],"picked":"SKIP","floor":10},{"not_picked":["Clothesline"],"picked":"SKIP","floor":12},{"not_picked":["Rupture+1"],"picked":"SKIP","floor":13}],"player_experience":588228,"relics_obtained":[{"floor":6,"key":"Dead Branch"},{"floor":9,"key":"Mercury Hourglass"},{"floor":10,"key":"Frozen Egg 2"},{"floor":13,"key":"Pen Nib"}],"event_choices":[{"cards_removed":["Strike_R"],"damage_healed":0,"gold_gain":0,"player_choice":"Card Removal","damage_taken":0,"max_hp_gain":0,"max_hp_loss":0,"event_name":"The Cleric","floor":5,"gold_loss":50},{"damage_healed":0,"gold_gain":75,"player_choice":"Touch","damage_taken":8,"max_hp_gain":0,"max_hp_loss":0,"event_name":"FaceTrader","floor":8,"gold_loss":0}],"is_beta":true,"boss_relics":[],"items_purged_floors":[2],"is_endless":false,"potions_floor_spawned":[1,12],"killed_by":"The Guardian","ascension_level":10}