{"gold_per_floor":[113,133,133,159,259,293,293,308,360,378,406,406,416,427,427,530,530,544,459,459,459,475,475],"floor_reached":23,"playtime":1114,"items_purged":[],"score":251,"play_id":"a7bb674a-5f3a-446f-806f-a8ab015ba38e","local_time":"20180707151052","is_ascension_mode":false,"campfire_choices":[{"data":"Battle Trance","floor":7,"key":"SMITH"},{"data":"Offering","floor":12,"key":"SMITH"},{"floor":15,"key":"REST"}],"neow_cost":"NONE","seed_source_timestamp":19289043236099,"circlet_count":0,"master_deck":["Strike_R","Strike_R","Strike_R","Strike_R","Defend_R","Defend_R","Defend_R","Defend_R","Bash","Cleave","Cleave","Battle Trance+1","Evolve","Offering+1","Seeing Red","Thunderclap","Flex","Necronomicurse","Sever Soul"],"relics":["Mark of Pain","Pen Nib","Pantograph","Happy Flower","Oddly Smooth Stone","White Beast Statue","Shuriken","Necronomicon"],"potions_floor_usage":[10,11,16,22,23,23],"damage_taken":[{"damage":1,"enemies":"Cultist","floor":1,"turns":3},{"damage":0,"enemies":"Small Slimes","floor":2,"turns":2},{"damage":13,"enemies":"Gremlin Nob","floor":6,"turns":4},{"damage":0,"enemies":"2 Louse","floor":8,"turns":1},{"damage":10,"enemies":"Large Slime","floor":10,"turns":3},{"damage":16,"enemies":"Lagavulin","floor":11,"turns":5},{"damage":9,"enemies":"Exordium Wildlife","floor":13,"turns":2},{"damage":10,"enemies":"Blue Slaver","floor":14,"turns":2},{"damage":0,"enemies":"Slime Boss","floor":16,"turns":6},{"damage":32,"enemies":"Shell Parasite","floor":18,"turns":5},{"damage":18,"enemies":"2 Thieves","floor":22,"turns":3},{"damage":10,"enemies":"Book of Stabbing","floor":23,"turns":2}],"seed_played":"-1758549653551750258","potions_obtained":[{"floor":6,"key":"AttackPotion"},{"floor":10,"key":"Explosive Potion"},{"floor":13,"key":"Poison Potion"},{"floor":14,"key":"Strength Potion"},{"floor":18,"key":"BloodPotion"},{"floor":22,"key":"Fire Potion"}],"is_trial":false,"path_per_floor":["M","M","?","T","?","E","R","M","T","M","E","R","M","M","R","B",null,"M","?","?","?","M"],"character_chosen":"IRONCLAD","items_purchased":[],"campfire_rested":1,"item_purchase_floors":[],"current_hp_per_floor":[79,79,72,72,72,59,59,59,59,49,33,33,24,14,38,63,80,48,48,33,17,7,0],"gold":475,"neow_bonus":"BOSS_RELIC","is_prod":false,"is_daily":false,"chose_seed":false,"campfire_upgraded":2,"win_rate":0,"timestamp":1530947452,"path_taken":["M","?","?","?","?","E","R","M","T","M","E","R","M","M","R","BOSS","M","?","?","?","M","E"],"build_version":"2018-07-05","purchased_purges":0,"victory":false,"max_hp_per_floor":[80,80,80,80,80,80,80,80,80,80,80,80,80,80,80,80,80,80,80,85,85,85,85],"card_choices":[{"not_picked":["Anger","Dual Wield"],"picked":"Cleave","floor":1},{"not_picked":["Rage","Disarm"],"picked":"Cleave","floor":2},{"not_picked":["Armaments","Feel No Pain"],"picked":"Battle Trance","floor":6},{"not_picked":["Havoc","Intimidate","True Grit"],"picked":"SKIP","floor":8},{"not_picked":["Sword Boomerang","Wild Strike"],"picked":"Evolve","floor":10},{"not_picked":["Seeing Red","Heavy Blade"],"picked":"Offering","floor":11},{"not_picked":["Body Slam","Cleave"],"picked":"Seeing Red","floor":13},{"not_picked":["Pommel Strike","Infernal Blade"],"picked":"Thunderclap","floor":14},{"not_picked":["Pommel Strike","Body Slam+1"],"picked":"Flex","floor":18},{"not_picked":["Thunderclap","Clash"],"picked":"Sever Soul","floor":22}],"player_experience":92668,"relics_obtained":[{"floor":4,"key":"Pen Nib"},{"floor":6,"key":"Pantograph"},{"floor":9,"key":"Happy Flower"},{"floor":11,"key":"Oddly Smooth Stone"},{"floor":21,"key":"Necronomicon"}],"event_choices":[{"event_name":"Golden Wing","player_choice":"Card Removal","floor":3,"damage_taken":0},{"event_name":"Wheel of Change","player_choice":"Gold","floor":5,"damage_taken":0},{"event_name":"Addict","player_choice":"Obtained Relic","floor":19,"damage_taken":0},{"event_name":"Forgotten Altar","player_choice":"Shed Blood","floor":20,"damage_taken":0},{"event_name":"Cursed Tome","player_choice":"Obtained Book","floor":21,"damage_taken":0}],"boss_relics":[{"not_picked":["Pandora\u0027s Box","Velvet Choker"],"picked":"White Beast Statue"}],"items_purged_floors":[],"is_endless":false,"potions_floor_spawned":[6,10,13,14,18,22],"killed_by":"Book of Stabbing","ascension_level":0}