{"path_per_floor":["M","M","M","M","?","R","$","R","T","R","M","M","E","?","R","B",null,"M","M","?","M","?","E","R","$","T","E"],"character_chosen":"DEFECT","items_purchased":["Apotheosis","Bag of Preparation","Ball Lightning","Skim"],"gold_per_floor":[119,132,147,157,217,217,38,38,38,38,55,68,98,63,63,167,167,180,198,198,212,212,243,243,22,48,83,83],"floor_reached":28,"campfire_rested":2,"playtime":1070,"current_hp_per_floor":[67,67,63,61,61,61,61,61,61,75,69,69,49,67,67,52,69,62,47,47,31,31,21,43,43,43,12,0],"items_purged":[],"gold":83,"score":335,"play_id":"b0fa130b-6d8e-4254-8db0-b98dde3dd857","local_time":"20180513133612","is_prod":false,"is_daily":false,"chose_seed":false,"is_ascension_mode":true,"campfire_upgraded":3,"timestamp":1526211372,"path_taken":["M","M","M","M","?","R","$","R","T","R","M","M","E","?","R","BOSS","M","M","?","?","?","E","R","$","T","E","?"],"build_version":"2018-05-12v2","seed_source_timestamp":2662905478632,"purchased_purges":0,"victory":false,"master_deck":["Strike_B","Strike_B","Strike_B","Strike_B","Defend_B","Defend_B","Defend_B","Defend_B+1","Zap+1","Dualcast","Doom and Gloom+1","Barrage","Cold Snap","Apotheosis+1","Ball Lightning+1","Conserve Battery+1","FTL","All For One","Coolheaded+1","Capacitor","Leap","Go for the Eyes","Axe Kick+1","Ball Lightning+1","Skim+1","Axe Kick+1"],"max_hp_per_floor":[75,75,75,75,75,75,75,75,75,75,75,75,75,75,75,75,75,75,75,75,75,75,75,75,75,75,75,75],"relics":["Cracked Core","Omamori","Question Card","Black Star","Molten Egg 2","Toxic Egg 2","Bag of Preparation","War Paint","Torii","Ginger"],"card_choices":[{"not_picked":["Hello World","Consume"],"picked":"Doom and Gloom","floor":1},{"not_picked":["Aggregate","Genetic Algorithm","Force Field"],"picked":"SKIP","floor":2},{"not_picked":["Heatsinks","Blizzard"],"picked":"Barrage","floor":3},{"not_picked":["Steam","Barrage"],"picked":"Cold Snap","floor":4},{"not_picked":["FTL","Genetic Algorithm"],"picked":"Ball Lightning","floor":11},{"not_picked":["Turbo","Chill"],"picked":"Conserve Battery","floor":12},{"not_picked":["Turbo","Beam Cell"],"picked":"FTL","floor":13},{"not_picked":["Hyperbeam","Creative AI","Meteor Strike"],"picked":"All For One","floor":16},{"not_picked":["Leap","Skim","Loop"],"picked":"Coolheaded+1","floor":18},{"not_picked":["Sweeping Beam+1","Doom and Gloom","Genetic Algorithm"],"picked":"Capacitor","floor":19},{"not_picked":["Axe Kick","Barrage+1","Redo"],"picked":"Leap","floor":21},{"not_picked":["Fission","Leap+1","Hologram"],"picked":"Axe Kick","floor":23},{"not_picked":["Skim+1","Steam+1","Undo+1"],"picked":"Axe Kick+1","floor":27}],"player_experience":352240,"potions_floor_usage":[16,18,21,23],"damage_taken":[{"damage":1,"enemies":"2 Louse","floor":1,"turns":2},{"damage":0,"enemies":"Small Slimes","floor":2,"turns":2},{"damage":4,"enemies":"Jaw Worm","floor":3,"turns":3},{"damage":2,"enemies":"Looter","floor":4,"turns":3},{"damage":6,"enemies":"Blue Slaver","floor":11,"turns":3},{"damage":0,"enemies":"Lots of Slimes","floor":12,"turns":1},{"damage":20,"enemies":"Gremlin Nob","floor":13,"turns":3},{"damage":15,"enemies":"The Guardian","floor":16,"turns":7},{"damage":7,"enemies":"Shell Parasite","floor":18,"turns":5},{"damage":15,"enemies":"Spheric Guardian","floor":19,"turns":4},{"damage":28,"enemies":"3 Cultists","floor":21,"turns":5},{"damage":10,"enemies":"Gremlin Leader","floor":23,"turns":7},{"damage":31,"enemies":"Book of Stabbing","floor":27,"turns":6},{"damage":16,"enemies":"Snake Plant","floor":28,"turns":1}],"event_choices":[{"event_name":"Golden Wing","player_choice":"Gained Gold","floor":5,"damage_taken":0},{"event_name":"The Cleric","player_choice":"Healed","floor":14,"damage_taken":0},{"event_name":"Drug Dealer","player_choice":"Ignored","floor":20,"damage_taken":0},{"event_name":"The Library","player_choice":"Read","floor":22,"damage_taken":0}],"boss_relics":[{"not_picked":["Velvet Choker","Lizard Tail"],"picked":"Black Star"}],"potions_floor_spawned":[1,2,12,13,19,21],"seed_played":"8036606417067242288","killed_by":"Snake Plant","ascension_level":6,"is_trial":false}