{"path_per_floor":["M","M","M","?","M","E","M","E","T","R","$","M","?","$","R","B",null,"M","$","?","M","?","R","E","R","T"],"character_chosen":"DEFECT","items_purchased":["Lantern","Skim","Streamline"],"gold_per_floor":[15,33,50,50,65,93,113,142,169,169,169,179,179,24,24,121,121,121,21,21,0,0,0,0,0,0,0],"floor_reached":27,"campfire_rested":2,"playtime":1264,"current_hp_per_floor":[75,75,71,71,53,55,49,38,38,38,38,31,26,26,50,41,82,82,82,82,58,42,42,14,40,40,0],"items_purged":[],"gold":0,"score":265,"play_id":"0e1a3efc-b58e-41c8-aad7-36acb37d37ff","local_time":"20180507124600","is_prod":false,"is_daily":false,"chose_seed":false,"is_ascension_mode":true,"campfire_upgraded":2,"timestamp":1525689960,"path_taken":["M","M","M","?","?","E","M","E","T","R","$","M","?","$","R","BOSS","M","$","?","?","?","R","E","R","T","E"],"build_version":"2018-05-03","seed_source_timestamp":852327108875022,"purchased_purges":0,"victory":false,"master_deck":["Strike_B","Strike_B","Strike_B","Strike_B","Defend_B","Defend_B","Defend_B","Defend_B","Zap+1","Dualcast","Go for the Eyes","Go for the Eyes","Cold Snap","Melter","Coolheaded","Nova+1","Leap","Machine Learning","Static Discharge","Skim","Streamline","Leap","Stack+1"],"max_hp_per_floor":[75,75,75,75,75,75,75,75,75,75,75,75,82,82,82,82,82,82,82,82,82,87,87,87,87,87,87],"relics":["Cracked Core","Emotion Chip","Turnip","Vajra","Bag of Marbles","Strawberry","Lantern","Ectoplasm","Prayer Wheel","Juzu Bracelet"],"card_choices":[{"not_picked":["Rebound","Hologram"],"picked":"Go for the Eyes","floor":1},{"not_picked":["Barrage","Coolheaded"],"picked":"Go for the Eyes","floor":2},{"not_picked":["Lockon","Turbo"],"picked":"Cold Snap","floor":5},{"not_picked":["Undo","Force Field"],"picked":"Melter","floor":6},{"not_picked":["Rebound","Turbo"],"picked":"Coolheaded","floor":7},{"not_picked":["Undo","Self Repair"],"picked":"Nova","floor":8},{"not_picked":["Stack","Hologram"],"picked":"Leap","floor":12},{"not_picked":["Meteor Strike","Hyperbeam"],"picked":"Machine Learning","floor":16},{"not_picked":["Stack","Impulse"],"picked":"Static Discharge","floor":18},{"not_picked":["Rebound","Beam Cell"],"picked":"Leap","floor":24},{"not_picked":["Rebound","Impulse"],"picked":"Stack","floor":26}],"player_experience":84380,"potions_floor_usage":[6,16,24,24,27],"damage_taken":[{"damage":0,"enemies":"2 Louse","floor":1,"turns":3},{"damage":0,"enemies":"Cultist","floor":2,"turns":3},{"damage":4,"enemies":"Small Slimes","floor":3,"turns":3},{"damage":18,"enemies":"Exordium Wildlife","floor":5,"turns":4},{"damage":7,"enemies":"Gremlin Nob","floor":6,"turns":4},{"damage":6,"enemies":"Looter","floor":7,"turns":3},{"damage":11,"enemies":"Lagavulin","floor":8,"turns":5},{"damage":7,"enemies":"Red Slaver","floor":12,"turns":2},{"damage":9,"enemies":"Slime Boss","floor":16,"turns":9},{"damage":0,"enemies":"Spheric Guardian","floor":18,"turns":2},{"damage":24,"enemies":"2 Thieves","floor":21,"turns":5},{"damage":28,"enemies":"Gremlin Leader","floor":24,"turns":7},{"damage":40,"enemies":"Slavers","floor":27,"turns":4}],"event_choices":[{"event_name":"Golden Wing","player_choice":"Ignored","floor":4,"damage_taken":0},{"event_name":"Scrap Ooze","player_choice":"success","floor":13,"damage_taken":12},{"event_name":"Addict","player_choice":"Ignored","floor":20,"damage_taken":0},{"event_name":"Forgotten Altar","player_choice":"Shed Blood","floor":22,"damage_taken":0}],"boss_relics":[{"not_picked":["Lizard Tail","Inserter"],"picked":"Ectoplasm"}],"potions_floor_spawned":[2,7,8,21,24],"seed_played":"-3406497416364149179","killed_by":"Slavers","ascension_level":2,"is_trial":false}