{"gold_per_floor":[118,136,146,166,166,166,196,271,271,288],"floor_reached":10,"playtime":166,"items_purged":[],"score":70,"play_id":"5476c7ee-638e-4c75-bb39-541e24743c1f","local_time":"20181106132502","is_ascension_mode":false,"campfire_choices":[],"neow_cost":"NONE","seed_source_timestamp":270319878868643,"circlet_count":0,"master_deck":["Strike_B+1","Strike_B","Strike_B","Strike_B","Defend_B","Defend_B","Defend_B+1","Defend_B","Zap","Dualcast","Biased Cognition","Sunder+1","Cold Snap","Cold Snap","Creative AI"],"relics":["Cracked Core","Vajra","Molten Egg 2"],"potions_floor_usage":[],"damage_taken":[{"damage":11,"enemies":"Jaw Worm","floor":1,"turns":3},{"damage":0,"enemies":"2 Louse","floor":2,"turns":2},{"damage":0,"enemies":"Cultist","floor":3,"turns":2},{"damage":6,"enemies":"Large Slime","floor":4,"turns":4},{"damage":10,"enemies":"Gremlin Nob","floor":7,"turns":3},{"damage":0,"enemies":"Red Slaver","floor":10,"turns":3}],"seed_played":"7978037176651499687","potions_obtained":[{"floor":2,"key":"Explosive Potion"},{"floor":3,"key":"Ancient Potion"}],"is_trial":false,"path_per_floor":["M","M","M","M","?","?","E","?","T","M"],"character_chosen":"DEFECT","items_purchased":[],"campfire_rested":0,"item_purchase_floors":[],"current_hp_per_floor":[64,64,64,58,58,43,33,22,22,22],"gold":288,"neow_bonus":"ONE_RANDOM_RARE_CARD","is_prod":false,"is_daily":false,"chose_seed":false,"campfire_upgraded":0,"win_rate":0,"timestamp":1541507102,"path_taken":["M","M","M","M","?","?","E","?","T","M"],"build_version":"2018-11-05","purchased_purges":0,"victory":false,"max_hp_per_floor":[75,75,75,75,75,75,75,75,75,75],"card_choices":[{"not_picked":["Barrage","Leap"],"picked":"Sunder","floor":1},{"not_picked":["Compile Driver","Hologram"],"picked":"Cold Snap","floor":2},{"not_picked":["Skim","Reprogram","Undo"],"picked":"SKIP","floor":3},{"not_picked":["Go for the Eyes","Steam Power"],"picked":"Cold Snap","floor":4},{"not_picked":["Conserve Battery","Doom and Gloom"],"picked":"Creative AI","floor":7}],"player_experience":750271,"relics_obtained":[{"floor":7,"key":"Vajra"},{"floor":9,"key":"Molten Egg 2"}],"event_choices":[{"damage_healed":0,"gold_gain":0,"player_choice":"Grow","damage_taken":0,"max_hp_gain":0,"max_hp_loss":0,"event_name":"Living Wall","floor":5,"gold_loss":0,"cards_upgraded":["Sunder"]},{"damage_healed":0,"gold_gain":0,"player_choice":"Entered Light","damage_taken":15,"max_hp_gain":0,"max_hp_loss":0,"event_name":"Shining Light","floor":6,"gold_loss":0,"cards_upgraded":["Strike_B","Defend_B"]},{"damage_healed":0,"gold_gain":75,"player_choice":"Gather Gold","damage_taken":11,"max_hp_gain":0,"max_hp_loss":0,"event_name":"World of Goop","floor":8,"gold_loss":0}],"is_beta":true,"boss_relics":[],"items_purged_floors":[],"is_endless":false,"potions_floor_spawned":[2,3],"killed_by":"Red Slaver","ascension_level":0}