{"gold_per_floor":[109,34,109,124,136,136,166,182,235,268,280,311,311,336,336,438,438,451,451,208,218,233,258,258,290,290,311,311,343,368,409,421,433],"floor_reached":33,"playtime":1274,"items_purged":["Defend_P","Strike_P"],"score":604,"play_id":"81a8f774-984c-44ed-91f2-366c6009f636","local_time":"20190430010802","is_ascension_mode":true,"campfire_choices":[{"floor":6.0,"key":"REST"},{"floor":13.0,"key":"REST"},{"floor":15.0,"key":"RECALL"},{"floor":24.0,"key":"REST"},{"floor":32.0,"key":"REST"}],"neow_cost":"NONE","seed_source_timestamp":5681038741809,"circlet_count":0,"master_deck":["Strike_P","Strike_P","Strike_P","Defend_P","Defend_P","Defend_P","Eruption","Vigilance","Wallop","WheelKick","EmptyFist","FollowUp","Wallop","ReachHeaven","FearNoEvil+1","Swivel","SandsOfTime","Wallop"],"special_seed":0,"relics":["Fusion Hammer","StrikeDummy","Happy Flower","Boot","Strawberry","Matryoshka","Snecko Eye","PreservedInsect","Blood Vial","Bag of Preparation","Vajra","CeramicFish","Bottled Flame","Pantograph","MawBank","InkBottle"],"potions_floor_usage":[33],"damage_taken":[{"damage":0.0,"enemies":"Cultist","floor":1.0,"turns":2.0},{"damage":4.0,"enemies":"Jaw Worm","floor":4.0,"turns":2.0},{"damage":0.0,"enemies":"Small Slimes","floor":5.0,"turns":2.0},{"damage":12.0,"enemies":"Gremlin Nob","floor":7.0,"turns":3.0},{"damage":3.0,"enemies":"Looter","floor":8.0,"turns":2.0},{"damage":0.0,"enemies":"Lagavulin","floor":10.0,"turns":2.0},{"damage":4.0,"enemies":"Exordium Wildlife","floor":11.0,"turns":2.0},{"damage":0.0,"enemies":"Gremlin Nob","floor":12.0,"turns":2.0},{"damage":0.0,"enemies":"Lagavulin","floor":14.0,"turns":3.0},{"damage":5.0,"enemies":"Slime Boss","floor":16.0,"turns":7.0},{"damage":0.0,"enemies":"2 Thieves","floor":18.0,"turns":2.0},{"damage":3.0,"enemies":"Spheric Guardian","floor":21.0,"turns":3.0},{"damage":9.0,"enemies":"Snake Plant","floor":22.0,"turns":3.0},{"damage":0.0,"enemies":"Slavers","floor":23.0,"turns":3.0},{"damage":11.0,"enemies":"Book of Stabbing","floor":25.0,"turns":3.0},{"damage":0.0,"enemies":"Snecko","floor":27.0,"turns":2.0},{"damage":0.0,"enemies":"Gremlin Leader","floor":29.0,"turns":2.0},{"damage":0.0,"enemies":"Slavers","floor":31.0,"turns":2.0},{"damage":85,"enemies":"Champ","floor":33,"turns":4}],"seed_played":"7742164761406305699","potions_obtained":[{"floor":1.0,"key":"FearPotion"},{"floor":7.0,"key":"SpeedPotion"},{"floor":8.0,"key":"AttackPotion"},{"floor":10.0,"key":"AttackPotion"},{"floor":12.0,"key":"Regen Potion"},{"floor":21.0,"key":"PowerPotion"},{"floor":22.0,"key":"Dexterity Potion"},{"floor":25.0,"key":"StancePotion"}],"is_trial":false,"path_per_floor":["M","$","?","M","M","R","E","M","T","E","M","E","R","E","R","B",null,"M","?","$","M","M","E","R","E","T","M","?","E","T","E","R","B"],"character_chosen":"WATCHER","items_purchased":["PreservedInsect"],"campfire_rested":4,"item_purchase_floors":[20],"current_hp_per_floor":[72,72,61,57,57,72,60,57,57,57,53,60,79,79,79,74,79,79,79,79,76,67,67,79,68,68,70,70,72,72,74,79,0],"gold":433,"neow_bonus":"BOSS_RELIC","is_prod":false,"is_daily":false,"chose_seed":false,"campfire_upgraded":0,"win_rate":0,"timestamp":1556554082,"path_taken":["M","?","?","M","M","R","E","M","T","E","M","E","R","E","R","BOSS","M","?","$","M","M","E","R","E","T","M","?","E","?","E","R","BOSS"],"build_version":"2019-09-27","purchased_purges":2,"victory":false,"max_hp_per_floor":[72,72,72,72,72,72,72,72,72,72,72,79,79,79,79,79,79,79,79,79,79,79,79,79,79,79,79,79,79,79,79,79,79],"card_choices":[{"not_picked":["JustLucky","WreathOfFlame"],"picked":"Wallop","floor":1.0},{"not_picked":["FlurryOfBlows","FlyingSleeves"],"picked":"WheelKick","floor":4.0},{"not_picked":["ClearTheMind","Sanctity","ThirdEye"],"picked":"SKIP","floor":5.0},{"not_picked":["WheelKick","SashWhip"],"picked":"EmptyFist","floor":7.0},{"not_picked":["Indignation","CrushJoints"],"picked":"FollowUp","floor":8.0},{"not_picked":["Fasting","Vault"],"picked":"Wallop","floor":10.0},{"not_picked":["EmptyMind","JustLucky","FlyingSleeves"],"picked":"SKIP","floor":11.0},{"not_picked":["CarveReality","EmptyBody","MasterReality"],"picked":"SKIP","floor":12.0},{"not_picked":["CarveReality","EmptyBody","MasterReality"],"picked":"SKIP","floor":12.0},{"not_picked":["Worship","Crescendo","JustLucky"],"picked":"SKIP","floor":14.0},{"not_picked":["Unraveling","Blasphemy"],"picked":"ReachHeaven","floor":16.0},{"not_picked":["SashWhip","CrushJoints"],"picked":"FearNoEvil+1","floor":18.0},{"not_picked":["Prostrate","Fasting"],"picked":"Swivel","floor":21.0},{"not_picked":["Wallop","Evaluate","Vengeance+1"],"picked":"SKIP","floor":22.0},{"not_picked":["Wallop","Evaluate","Vengeance+1"],"picked":"SKIP","floor":22.0},{"not_picked":["DeceiveReality+1","Crescendo","FlyingSleeves"],"picked":"SKIP","floor":23.0},{"not_picked":["MasterReality","Vengeance"],"picked":"SandsOfTime","floor":25.0},{"not_picked":["Collect","Weave"],"picked":"Wallop","floor":27.0},{"not_picked":["EmptyBody","BattleHymn","ThirdEye"],"picked":"SKIP","floor":29.0},{"not_picked":["Halt","EmptyFist","InnerPeace"],"picked":"SKIP","floor":31.0}],"player_experience":566502,"relics_obtained":[{"floor":7.0,"key":"StrikeDummy"},{"floor":9.0,"key":"Happy Flower"},{"floor":10.0,"key":"Boot"},{"floor":12.0,"key":"Strawberry"},{"floor":14.0,"key":"Matryoshka"},{"floor":23.0,"key":"Blood Vial"},{"floor":25.0,"key":"Bag of Preparation"},{"floor":26.0,"key":"Vajra"},{"floor":26.0,"key":"CeramicFish"},{"floor":29.0,"key":"Bottled Flame"},{"floor":30.0,"key":"Pantograph"},{"floor":30.0,"key":"MawBank"},{"floor":31.0,"key":"InkBottle"}],"event_choices":[{"damage_healed":0.0,"max_hp_gain":0.0,"max_hp_loss":0.0,"gold_gain":75.0,"event_name":"World of Goop","player_choice":"Gather Gold","floor":3.0,"gold_loss":0.0,"damage_taken":11.0},{"damage_healed":0.0,"max_hp_gain":0.0,"max_hp_loss":0.0,"gold_gain":0.0,"event_name":"Ghosts","player_choice":"Ignored","floor":19.0,"gold_loss":0.0,"damage_taken":0.0},{"damage_healed":0.0,"max_hp_gain":0.0,"max_hp_loss":0.0,"gold_gain":0.0,"event_name":"Vampires","player_choice":"Ignored","floor":28.0,"gold_loss":0.0,"damage_taken":0.0}],"is_beta":true,"boss_relics":[{"not_picked":["Runic Pyramid","SacredBark"],"picked":"Snecko Eye"}],"items_purged_floors":[2,20],"is_endless":false,"potions_floor_spawned":[1,7,8,10,12,21,22,23,25,29],"killed_by":"Champ","ascension_level":4}