{"gold_per_floor":[116,128,142,162,262,297,297,328,328,42,60,60,60,71,71,71],"floor_reached":16,"playtime":970,"items_purged":[],"score":168,"play_id":"464cd342-9f3e-4de8-b48c-347bb61222f2","local_time":"20180803202232","is_ascension_mode":true,"campfire_choices":[{"floor":7,"key":"REST"},{"data":"Fission","floor":12,"key":"SMITH"},{"data":"Conserve Battery","floor":15,"key":"SMITH"}],"neow_cost":"NONE","seed_source_timestamp":12978443730074,"circlet_count":0,"master_deck":["Strike_B","Strike_B","Strike_B","Strike_B","Defend_B","Defend_B","Defend_B","Defend_B","Zap","Dualcast","AscendersBane","Coolheaded","Coolheaded","Blizzard","Fission+1","Conserve Battery+1","Cold Snap","Leap","Leap","Seek"],"relics":["Cracked Core","Happy Flower","Regal Pillow","The Courier","Darkstone Periapt","Pear"],"potions_floor_usage":[6,8,16],"damage_taken":[{"damage":5,"enemies":"2 Louse","floor":1,"turns":2},{"damage":1,"enemies":"Cultist","floor":2,"turns":4},{"damage":7,"enemies":"Jaw Worm","floor":3,"turns":3},{"damage":0,"enemies":"Large Slime","floor":4,"turns":7},{"damage":28,"enemies":"Gremlin Nob","floor":6,"turns":4},{"damage":23,"enemies":"Lagavulin","floor":8,"turns":10},{"damage":21,"enemies":"Gremlin Gang","floor":11,"turns":6},{"damage":3,"enemies":"Looter","floor":14,"turns":4},{"damage":47,"enemies":"Hexaghost","floor":16,"turns":14}],"seed_played":"-7229217987501324364","potions_obtained":[{"floor":4,"key":"Fire Potion"},{"floor":6,"key":"Regen Potion"},{"floor":11,"key":"Strength Potion"}],"is_trial":false,"path_per_floor":["M","M","M","M","?","E","R","E","T","$","M","R","?","M","R"],"character_chosen":"DEFECT","items_purchased":["Cold Snap","Pear","Leap"],"campfire_rested":1,"item_purchase_floors":[10,10,10],"current_hp_per_floor":[63,62,55,55,55,27,64,55,55,65,44,44,49,46,46,0],"gold":71,"neow_bonus":"RANDOM_COMMON_RELIC","is_prod":false,"is_daily":false,"chose_seed":false,"campfire_upgraded":2,"win_rate":0,"timestamp":1533320552,"path_taken":["M","M","M","M","?","E","R","E","T","$","M","R","?","M","R","BOSS"],"build_version":"2018-08-01","purchased_purges":0,"victory":false,"max_hp_per_floor":[75,75,75,75,75,75,75,75,75,85,85,85,85,85,85,85],"card_choices":[{"not_picked":["Barrage","Recycle"],"picked":"Gash","floor":1},{"not_picked":["Hologram","Undo"],"picked":"Coolheaded","floor":2},{"not_picked":["Reprogram","Recycle"],"picked":"Coolheaded","floor":3},{"not_picked":["Hologram","Auto Shields"],"picked":"Blizzard","floor":4},{"not_picked":["Redo","Go for the Eyes"],"picked":"Fission","floor":6},{"not_picked":["Redo","Reinforced Body"],"picked":"Conserve Battery","floor":8},{"not_picked":["Aggregate","Redo"],"picked":"Leap","floor":11},{"not_picked":["Beam Cell","Sweeping Beam"],"picked":"Seek","floor":14}],"player_experience":484242,"relics_obtained":[{"floor":6,"key":"Regal Pillow"},{"floor":8,"key":"The Courier"},{"floor":9,"key":"Darkstone Periapt"}],"event_choices":[{"event_name":"Golden Shrine","player_choice":"Pray","floor":5,"damage_taken":0},{"event_name":"Bonfire Elementals","player_choice":"COMMON","floor":13,"damage_taken":0}],"is_beta":true,"boss_relics":[],"items_purged_floors":[],"is_endless":false,"potions_floor_spawned":[4,6,11],"killed_by":"Hexaghost","ascension_level":10}