{"gold_per_floor":[114,189,189,189,200,265,319,319,319,319,337,349,375,23,23,98,98,118,118,138,149,164,164,164,164,164,191,191,262,262,288,300,384,396,424,13,27,72,92,92,92,92,117,132,132,132,149,167,167,167,167],"floor_reached":51,"playtime":922,"items_purged":["Defend_R","Defend_R+1"],"score":1425,"play_id":"52e66081-ec9b-4236-ac44-882b92fab3b3","local_time":"20190406131808","is_ascension_mode":true,"campfire_choices":[{"data":"Whirlwind","floor":8.0,"key":"SMITH"},{"data":"Pummel","floor":10.0,"key":"SMITH"},{"data":"Heavy Blade","floor":15.0,"key":"SMITH"},{"data":"Double Tap","floor":23.0,"key":"SMITH"},{"data":"Flex","floor":25.0,"key":"SMITH"},{"floor":32.0,"key":"REST"},{"floor":40,"key":"REST"},{"data":"Heavy Blade","floor":42,"key":"SMITH"},{"data":"Heavy Blade","floor":46,"key":"SMITH"},{"floor":49,"key":"REST"}],"neow_cost":"NONE","seed_source_timestamp":9367533107120,"circlet_count":0,"master_deck":["AscendersBane","Strike_R+1","Strike_R+1","Strike_R+1","Strike_R+1","Strike_R+1","Defend_R+1","Bash","Pummel+1","Heavy Blade+1","Whirlwind+1","Heavy Blade+1","Spot Weakness","Spot Weakness","Double Tap+1","Sword Boomerang+1","Flex+1","Feed","Heavy Blade+1","Flex"],"special_seed":0,"relics":["Burning Blood","NeowsBlessing","Art of War","Matryoshka","Centennial Puzzle","Meat on the Bone","Philosopher\u0027s Stone","Nloth\u0027s Gift","Mummified Hand","Shuriken","Bird Faced Urn","Boot","Frozen Egg 2","MawBank","White Beast Statue","Pen Nib","Red Skull","Calipers","Molten Egg 2","Lantern","Ornamental Fan"],"potions_floor_usage":[39,50],"damage_taken":[{"damage":0.0,"enemies":"Small Slimes","floor":1.0,"turns":1.0},{"damage":0.0,"enemies":"Jaw Worm","floor":5.0,"turns":1.0},{"damage":0.0,"enemies":"Lagavulin","floor":6.0,"turns":1.0},{"damage":3.0,"enemies":"2 Louse","floor":11.0,"turns":2.0},{"damage":0.0,"enemies":"Large Slime","floor":12.0,"turns":4.0},{"damage":10.0,"enemies":"Gremlin Nob","floor":13.0,"turns":3.0},{"damage":40.0,"enemies":"The Guardian","floor":16.0,"turns":6.0},{"damage":13.0,"enemies":"Chosen","floor":18.0,"turns":3.0},{"damage":12.0,"enemies":"Spheric Guardian","floor":20.0,"turns":3.0},{"damage":40.0,"enemies":"Centurion and Healer","floor":21.0,"turns":3.0},{"damage":19.0,"enemies":"Snecko","floor":22.0,"turns":3.0},{"damage":0.0,"enemies":"Gremlin Leader","floor":27.0,"turns":4.0},{"damage":13.0,"enemies":"Cultist and Chosen","floor":31.0,"turns":3.0},{"damage":60.0,"enemies":"Collector","floor":33.0,"turns":5.0},{"damage":14.0,"enemies":"3 Darklings","floor":35.0,"turns":3.0},{"damage":17.0,"enemies":"Orb Walker","floor":37.0,"turns":2.0},{"damage":29.0,"enemies":"2 Orb Walkers","floor":38.0,"turns":2.0},{"damage":34,"enemies":"Writhing Mass","floor":39,"turns":3},{"damage":0,"enemies":"Transient","floor":44,"turns":6},{"damage":2,"enemies":"Maw","floor":47,"turns":4},{"damage":38,"enemies":"Spire Growth","floor":48,"turns":3},{"damage":87,"enemies":"Time Eater","floor":50,"turns":6},{"damage":30,"enemies":"Awakened One","floor":51,"turns":2}],"seed_played":"-4668063527096147518","potions_obtained":[{"floor":12.0,"key":"PowerPotion"},{"floor":16.0,"key":"AttackPotion"},{"floor":20.0,"key":"Strength Potion"},{"floor":27.0,"key":"Poison Potion"},{"floor":35.0,"key":"FairyPotion"},{"floor":37.0,"key":"AttackPotion"},{"floor":38.0,"key":"Poison Potion"},{"floor":39,"key":"FearPotion"},{"floor":47,"key":"Fire Potion"},{"floor":48,"key":"AttackPotion"}],"is_trial":false,"path_per_floor":["M","?","?","?","M","E","T","R","T","R","M","M","E","$","R","B",null,"M","?","M","M","M","R","?","R","T","E","?","T","T","M","R","B",null,"M","$","M","?","M","R","T","R","T","M","?","R","M","M","R","B","B"],"character_chosen":"IRONCLAD","items_purchased":["Meat on the Bone","Pen Nib","Red Skull"],"campfire_rested":3,"item_purchase_floors":[14,36,36],"current_hp_per_floor":[74,63,68,61,67,73,73,73,73,73,76,80,76,76,76,54,74,67,67,61,39,38,38,38,38,38,56,56,56,56,49,73,31,68,60,60,52,41,25,49,49,49,49,55,55,55,59,39,63,26,0],"gold":167,"neow_bonus":"THREE_ENEMY_KILL","is_prod":false,"is_daily":false,"chose_seed":false,"campfire_upgraded":7,"win_rate":0,"timestamp":1554549488,"path_taken":["M","?","?","?","M","E","?","R","T","R","?","M","E","$","R","BOSS","M","?","?","M","M","R","?","R","T","E","?","?","?","M","R","BOSS","M","$","M","?","M","R","?","R","T","M","?","R","?","M","R","BOSS","BOSS"],"build_version":"2019-01-23","purchased_purges":2,"victory":false,"max_hp_per_floor":[75,75,80,80,80,80,80,80,80,80,80,80,80,80,80,80,80,80,80,80,80,80,80,80,80,80,80,80,80,80,80,80,80,80,80,80,83,83,83,83,83,83,83,83,83,83,83,83,83,83,83],"card_choices":[{"not_picked":["Headbutt","Clothesline"],"picked":"Pummel","floor":1.0},{"not_picked":["Clash","Anger"],"picked":"Heavy Blade","floor":5.0},{"not_picked":["Combust","Feel No Pain"],"picked":"Whirlwind","floor":6.0},{"not_picked":["Intimidate","Hemokinesis"],"picked":"Heavy Blade","floor":11.0},{"not_picked":["Clash","Sword Boomerang"],"picked":"Spot Weakness","floor":12.0},{"not_picked":["Warcry","Armaments"],"picked":"Spot Weakness","floor":13.0},{"not_picked":["Impervious","Berserk"],"picked":"Double Tap","floor":16.0},{"not_picked":["Heavy Blade","Uppercut","Dual Wield"],"picked":"SKIP","floor":18.0},{"not_picked":["Seeing Red","Dual Wield","Uppercut"],"picked":"SKIP","floor":20.0},{"not_picked":["Body Slam","Havoc"],"picked":"Sword Boomerang+1","floor":21.0},{"not_picked":["Sword Boomerang","Cleave"],"picked":"Flex","floor":22.0},{"not_picked":["True Grit","Second Wind","Havoc"],"picked":"SKIP","floor":27.0},{"not_picked":["Clash","Sword Boomerang","Berserk+1"],"picked":"SKIP","floor":31.0},{"not_picked":["Exhume","Offering"],"picked":"Feed","floor":33.0},{"not_picked":["Perfected Strike","Havoc"],"picked":"Heavy Blade","floor":35.0},{"not_picked":["Power Through","Perfected Strike","Pommel Strike"],"picked":"SKIP","floor":37.0},{"not_picked":["Infernal Blade","Second Wind"],"picked":"Flex","floor":38.0},{"not_picked":["Metallicize+1","Sword Boomerang","Combust+1"],"picked":"SKIP","floor":39},{"not_picked":["Thunderclap+1","Reckless Charge+1","Brutality+1"],"picked":"SKIP","floor":44},{"not_picked":["Evolve+1","Clash+1","Wild Strike+1"],"picked":"SKIP","floor":47},{"not_picked":["Intimidate","Carnage+1","Uppercut+1"],"picked":"SKIP","floor":48}],"player_experience":818389,"relics_obtained":[{"floor":6.0,"key":"Tiny Chest"},{"floor":7.0,"key":"Art of War"},{"floor":9.0,"key":"Matryoshka"},{"floor":13.0,"key":"Centennial Puzzle"},{"floor":26.0,"key":"Mummified Hand"},{"floor":26.0,"key":"Shuriken"},{"floor":27.0,"key":"Bird Faced Urn"},{"floor":29.0,"key":"Boot"},{"floor":29.0,"key":"Frozen Egg 2"},{"floor":30.0,"key":"MawBank"},{"floor":38.0,"key":"Calipers"},{"floor":41,"key":"Molten Egg 2"},{"floor":43,"key":"Lantern"}],"event_choices":[{"damage_healed":0.0,"max_hp_gain":0.0,"max_hp_loss":0.0,"gold_gain":75.0,"event_name":"World of Goop","player_choice":"Gather Gold","floor":2.0,"gold_loss":0.0,"damage_taken":11.0},{"damage_healed":0.0,"max_hp_gain":5.0,"max_hp_loss":0.0,"gold_gain":0.0,"event_name":"Big Fish","player_choice":"Donut","floor":3.0,"gold_loss":0.0,"damage_taken":0.0},{"cards_removed":["Defend_R"],"damage_healed":0.0,"max_hp_gain":0.0,"max_hp_loss":0.0,"gold_gain":0.0,"event_name":"Golden Wing","player_choice":"Card Removal","floor":4.0,"gold_loss":0.0,"damage_taken":7.0},{"damage_healed":0.0,"max_hp_gain":0.0,"max_hp_loss":0.0,"gold_gain":0.0,"event_name":"N\u0027loth","player_choice":"Traded Relic","floor":19.0,"relics_lost":["Tiny Chest"],"gold_loss":0.0,"damage_taken":0.0,"relics_obtained":["Nloth\u0027s Gift"]},{"damage_healed":0.0,"max_hp_gain":0.0,"max_hp_loss":0.0,"gold_gain":0.0,"event_name":"Cursed Tome","player_choice":"Ignored","floor":24.0,"gold_loss":0.0,"damage_taken":0.0},{"damage_healed":0.0,"max_hp_gain":0.0,"max_hp_loss":0.0,"gold_gain":0.0,"event_name":"Back to Basics","player_choice":"Simplicity","floor":28.0,"gold_loss":0.0,"damage_taken":0.0,"cards_upgraded":["Strike_R","Strike_R","Strike_R","Strike_R","Strike_R","Defend_R","Defend_R"]},{"damage_healed":0.0,"max_hp_gain":0.0,"max_hp_loss":0.0,"gold_gain":0.0,"event_name":"Mysterious Sphere","player_choice":"Fight","floor":38.0,"gold_loss":0.0,"damage_taken":0.0},{"damage_healed":0,"gold_gain":0,"player_choice":"Gave Potion","damage_taken":0,"relics_obtained":["Ornamental Fan"],"max_hp_gain":0,"max_hp_loss":0,"event_name":"WeMeetAgain","floor":45,"gold_loss":0}],"is_beta":false,"boss_relics":[{"not_picked":["Busted Crown","Orrery"],"picked":"Philosopher\u0027s Stone"},{"not_picked":["Calling Bell","Fusion Hammer"],"picked":"White Beast Statue"}],"items_purged_floors":[14,36],"is_endless":false,"potions_floor_spawned":[12,16,20,22,27,35,37,38,39,44,47,48],"killed_by":"Awakened One","ascension_level":20}