{"gold_per_floor":[109,109,109,49,49,49,93,93,118,136],"floor_reached":10,"playtime":65,"items_purged":["Strike_G"],"score":178,"play_id":"75fd163a-9816-4df4-a94f-88779986952c","local_time":"20190515023446","is_ascension_mode":true,"campfire_choices":[{"data":"Neutralize","floor":6,"key":"SMITH"},{"data":"Survivor","floor":8,"key":"SMITH"}],"neow_cost":"NONE","seed_source_timestamp":313984767866423,"circlet_count":0,"master_deck":["AscendersBane","Defend_G","Defend_G","Defend_G","Defend_G","Defend_G","Strike_G","Strike_G","Strike_G","Strike_G","Survivor+1","Neutralize+1"],"relics":["Ring of the Snake","NeowsBlessing","Golden Idol","The Courier","Sundial","Art of War"],"potions_floor_usage":[5],"damage_taken":[{"damage":0,"enemies":"Jaw Worm","floor":1,"turns":1},{"damage":0,"enemies":"3 Sentries","floor":7,"turns":2},{"damage":0,"enemies":"2 Louse","floor":10,"turns":1}],"seed_played":"-4896023315167749007","potions_obtained":[{"floor":5,"key":"EntropicBrew"},{"floor":5,"key":"Fruit Juice"},{"floor":10,"key":"FearPotion"}],"is_trial":false,"path_per_floor":["M","?","?","$","?","R","E","R","T","M"],"character_chosen":"THE_SILENT","items_purchased":[],"campfire_rested":0,"item_purchase_floors":[],"current_hp_per_floor":[59,36,31,31,36,36,36,36,36,36],"gold":136,"neow_bonus":"THREE_ENEMY_KILL","is_prod":false,"is_daily":false,"chose_seed":false,"campfire_upgraded":2,"win_rate":0,"timestamp":1557880486,"path_taken":["M","?","?","$","?","R","E","R","T","?"],"build_version":"2019-01-23","purchased_purges":1,"victory":false,"max_hp_per_floor":[66,66,66,66,71,71,71,71,71,71],"card_choices":[{"not_picked":["Deflect","Setup","Prepared"],"picked":"SKIP","floor":1},{"not_picked":["Underhanded Strike","Expertise","Acrobatics"],"picked":"SKIP","floor":7}],"player_experience":882155,"relics_obtained":[{"floor":7,"key":"Sundial"},{"floor":9,"key":"Art of War"}],"event_choices":[{"damage_healed":0,"gold_gain":0,"player_choice":"Take Damage","damage_taken":23,"relics_obtained":["Golden Idol"],"max_hp_gain":0,"max_hp_loss":0,"event_name":"Golden Idol","floor":2,"gold_loss":0},{"damage_healed":0,"gold_gain":0,"player_choice":"Success","damage_taken":5,"relics_obtained":["The Courier"],"max_hp_gain":0,"max_hp_loss":0,"event_name":"Scrap Ooze","floor":3,"gold_loss":0},{"damage_healed":0,"gold_gain":0,"player_choice":"Got Potions","damage_taken":0,"max_hp_gain":0,"max_hp_loss":0,"event_name":"Lab","floor":5,"gold_loss":0}],"is_beta":false,"boss_relics":[],"items_purged_floors":[4],"is_endless":false,"potions_floor_spawned":[10],"killed_by":"2 Louse","ascension_level":20}