{"gold_per_floor":[110,110,120,15,190,190,218,238,238,255,1,65,65,76,76,76],"floor_reached":16,"playtime":671,"items_purged":[],"score":196,"play_id":"1d5784c5-5f67-407b-817b-4e5c504f18f5","local_time":"20180722121109","is_ascension_mode":true,"campfire_choices":[{"data":"Zap","floor":6,"key":"SMITH"},{"floor":15,"key":"REST"}],"neow_cost":"NONE","seed_source_timestamp":7720560481363,"circlet_count":0,"master_deck":["Strike_B","Strike_B","Strike_B","Strike_B","Defend_B","Defend_B","Defend_B","Defend_B","Zap+1","Dualcast","Cold Snap+1","Gash","Coolheaded+1","Blizzard","Doubt","Steam","Fission","Static Discharge","Panache","Coolheaded","Double Energy"],"relics":["Cracked Core","NeowsBlessing","Turnip","Mummified Hand","Tiny Chest"],"potions_floor_usage":[12,12,16],"damage_taken":[{"damage":0,"enemies":"Small Slimes","floor":1,"turns":1},{"damage":0,"enemies":"2 Louse","floor":3,"turns":1},{"damage":0,"enemies":"Gremlin Nob","floor":7,"turns":1},{"damage":4,"enemies":"Cultist","floor":8,"turns":3},{"damage":9,"enemies":"Looter","floor":10,"turns":3},{"damage":29,"enemies":"3 Sentries","floor":12,"turns":8},{"damage":3,"enemies":"Blue Slaver","floor":14,"turns":3},{"damage":38,"enemies":"Slime Boss","floor":16,"turns":9}],"seed_played":"-92828356866700171","potions_obtained":[{"floor":1,"key":"EssenceOfSteel"},{"floor":10,"key":"Fruit Juice"},{"floor":12,"key":"FocusPotion"},{"floor":14,"key":"Ancient Potion"}],"is_trial":false,"path_per_floor":["M","?","M","$","?","R","E","M","T","M","$","E","?","M","R"],"character_chosen":"DEFECT","items_purchased":["Coolheaded","Blizzard","Static Discharge","Panache"],"campfire_rested":1,"item_purchase_floors":[4,4,11,11],"current_hp_per_floor":[68,68,68,68,68,68,68,64,64,55,55,31,15,12,36,0],"gold":76,"neow_bonus":"THREE_ENEMY_KILL","is_prod":false,"is_daily":false,"chose_seed":false,"campfire_upgraded":1,"win_rate":0,"timestamp":1532254269,"path_taken":["M","?","M","$","?","R","E","?","T","M","$","E","?","?","R","BOSS"],"build_version":"2018-07-19","purchased_purges":0,"victory":false,"max_hp_per_floor":[75,75,75,75,75,75,75,75,75,75,75,80,80,80,80,80],"card_choices":[{"not_picked":["Genetic Algorithm","Loop"],"picked":"Cold Snap","floor":1},{"not_picked":["Stack","Cold Snap"],"picked":"Gash","floor":3},{"not_picked":["Steam Power","Stack"],"picked":"Steam","floor":7},{"not_picked":["FTL","Fusion","Hologram"],"picked":"SKIP","floor":8},{"not_picked":["Gash","Cold Snap"],"picked":"Fission","floor":10},{"not_picked":["Barrage","Lockon"],"picked":"Coolheaded","floor":12},{"not_picked":["Steam","Compile Driver"],"picked":"Double Energy","floor":14}],"player_experience":418556,"relics_obtained":[{"floor":7,"key":"Turnip"},{"floor":9,"key":"Mummified Hand"},{"floor":12,"key":"Tiny Chest"}],"event_choices":[{"event_name":"The Cleric","player_choice":"Leave","floor":2,"damage_taken":0},{"event_name":"Liars Game","player_choice":"agreed","floor":5,"damage_taken":0},{"event_name":"Shining Light","player_choice":"Entered Light","floor":13,"damage_taken":0}],"is_beta":true,"boss_relics":[],"items_purged_floors":[],"is_endless":false,"potions_floor_spawned":[1,10,12,14],"killed_by":"Slime Boss","ascension_level":9}