{"gold_per_floor":[114,132,162,173,173,173,45,45,45,45,71,91,103,113,113,113],"floor_reached":16,"playtime":425,"items_purged":["Strike_G"],"score":204,"play_id":"8d4720d2-8239-4387-9271-17573c6d7e14","local_time":"20190905140631","is_ascension_mode":true,"campfire_choices":[{"data":"Crippling Poison","floor":6,"key":"SMITH"},{"data":"Deadly Poison","floor":8,"key":"SMITH"},{"data":"Deadly Poison","floor":10,"key":"SMITH"},{"floor":15,"key":"REST"}],"neow_cost":"NONE","seed_source_timestamp":8807506532677,"circlet_count":0,"master_deck":["AscendersBane","Strike_G","Strike_G","Strike_G","Strike_G","Defend_G","Defend_G","Defend_G","Defend_G","Defend_G","Survivor","Neutralize","Finesse","Leg Sweep","Crippling Poison+1","Deadly Poison+1","Deadly Poison+1","Well Laid Plans","Blur"],"relics":["Ring of the Snake","Tiny Chest","Turnip","Omamori"],"potions_floor_usage":[13,16],"damage_taken":[{"damage":0,"enemies":"2 Louse","floor":1,"turns":2},{"damage":1,"enemies":"Jaw Worm","floor":2,"turns":6},{"damage":5,"enemies":"Cultist","floor":4,"turns":4},{"damage":28,"enemies":"3 Sentries","floor":11,"turns":8},{"damage":0,"enemies":"Blue Slaver","floor":12,"turns":4},{"damage":5,"enemies":"Gremlin Gang","floor":13,"turns":5},{"damage":4,"enemies":"2 Fungi Beasts","floor":14,"turns":4},{"damage":9,"enemies":"Slime Boss","floor":16,"turns":5}],"seed_played":"-6303095250344806569","potions_obtained":[{"floor":2,"key":"Energy Potion"},{"floor":11,"key":"SteroidPotion"},{"floor":12,"key":"Dexterity Potion"},{"floor":14,"key":"Poison Potion"}],"is_trial":false,"path_per_floor":["M","M","?","M","?","R","$","R","T","R","E","M","M","M","R","B"],"character_chosen":"THE_SILENT","items_purchased":["Deadly Poison"],"campfire_rested":1,"item_purchase_floors":[7],"current_hp_per_floor":[59,58,53,48,48,48,48,48,48,48,20,20,15,11,30,21],"gold":113,"neow_bonus":"RANDOM_COLORLESS","is_prod":false,"is_daily":false,"chose_seed":false,"campfire_upgraded":3,"win_rate":0,"timestamp":1567685191,"path_taken":["M","M","?","M","?","R","?","R","T","R","E","M","M","?","R","BOSS"],"build_version":"2019-07-17","purchased_purges":1,"victory":false,"max_hp_per_floor":[66,66,66,66,66,66,66,66,66,66,66,66,66,66,66,66],"card_choices":[{"not_picked":["Deflect","Riddle With Holes"],"picked":"Leg Sweep","floor":1},{"not_picked":["Poisoned Stab","Cloak And Dagger"],"picked":"Crippling Poison","floor":2},{"not_picked":["Poisoned Stab","Predator"],"picked":"Deadly Poison","floor":4},{"not_picked":["Accuracy","Infinite Blades","Slice"],"picked":"SKIP","floor":11},{"not_picked":["PiercingWail","Quick Slash"],"picked":"Well Laid Plans","floor":12},{"not_picked":["Eviscerate","Infinite Blades"],"picked":"Blur","floor":13},{"not_picked":["Blade Dance","Riddle With Holes","Deflect"],"picked":"SKIP","floor":14}],"player_experience":907127,"relics_obtained":[{"floor":9,"key":"Turnip"},{"floor":11,"key":"Omamori"}],"event_choices":[{"damage_healed":0,"gold_gain":0,"player_choice":"Success","damage_taken":5,"relics_obtained":["Tiny Chest"],"max_hp_gain":0,"max_hp_loss":0,"event_name":"Scrap Ooze","floor":3,"gold_loss":0},{"damage_healed":0,"gold_gain":0,"player_choice":"Ignored","damage_taken":0,"max_hp_gain":0,"max_hp_loss":0,"event_name":"Liars Game","floor":5,"gold_loss":0}],"is_beta":false,"boss_relics":[],"items_purged_floors":[7],"is_endless":false,"potions_floor_spawned":[2,11,12,14],"killed_by":"Slime Boss","ascension_level":20}