{"gold_per_floor":[109,109,128,128,53,83,83,83,165,183,209,209,239,252,252,324,324,342,242,292,292,306,306,94,125,125,156,176,176,202,213,213,290,290,310,310,160,171,90,90,117,117,142,142,142,142,153,153,153,153,153,153,153,21,21],"floor_reached":55,"playtime":2425,"items_purged":["Strike_G","Strike_G","Strike_G","Strike_G"],"score":1914,"play_id":"ef2871be-cd6e-46c1-8244-9b9f78a27864","local_time":"20190417010620","is_ascension_mode":true,"campfire_choices":[{"data":"Crippling Poison","floor":8.0,"key":"SMITH"},{"data":"Deadly Poison","floor":12.0,"key":"SMITH"},{"data":"Catalyst","floor":15.0,"key":"SMITH"},{"data":"Deadly Poison","floor":23.0,"key":"SMITH"},{"data":"Catalyst","floor":29.0,"key":"SMITH"},{"data":"Footwork","floor":32.0,"key":"SMITH"},{"data":"After Image","floor":40.0,"key":"SMITH"},{"floor":42.0,"key":"REST"},{"floor":44.0,"key":"RECALL"},{"data":"Deadly Poison","floor":46.0,"key":"SMITH"},{"floor":49.0,"key":"REST"},{"floor":53.0,"key":"REST"}],"neow_cost":"NONE","seed_source_timestamp":49258100585169,"circlet_count":0,"master_deck":["AscendersBane","Defend_G","Defend_G+1","Defend_G","Defend_G+1","Defend_G","Survivor","Neutralize","Dodge and Roll","Crippling Poison+1","Footwork+1","Leg Sweep","Deadly Poison+1","After Image+1","Catalyst+1","Corpse Explosion","Deadly Poison+1","Footwork+1","Catalyst+1","Well Laid Plans","Noxious Fumes","Deadly Poison+1","Footwork","Dodge and Roll"],"special_seed":0,"relics":["Ring of the Snake","NeowsBlessing","Mummified Hand","Darkstone Periapt","Letter Opener","Odd Mushroom","Bag of Preparation","Lizard Tail","Girya","Centennial Puzzle","Meat on the Bone","Matryoshka","Sozu","War Paint","Bottled Lightning","Juzu Bracelet","Smiling Mask"],"potions_floor_usage":[],"damage_taken":[{"damage":0.0,"enemies":"Small Slimes","floor":1.0,"turns":1.0},{"damage":0.0,"enemies":"Cultist","floor":3.0,"turns":1.0},{"damage":0.0,"enemies":"Gremlin Nob","floor":6.0,"turns":1.0},{"damage":1.0,"enemies":"Jaw Worm","floor":10.0,"turns":6.0},{"damage":3.0,"enemies":"The Mushroom Lair","floor":11.0,"turns":3.0},{"damage":2.0,"enemies":"Lagavulin","floor":13.0,"turns":8.0},{"damage":0.0,"enemies":"3 Louse","floor":14.0,"turns":3.0},{"damage":13.0,"enemies":"Hexaghost","floor":16.0,"turns":9.0},{"damage":17.0,"enemies":"2 Thieves","floor":18.0,"turns":5.0},{"damage":2.0,"enemies":"3 Byrds","floor":22.0,"turns":6.0},{"damage":8.0,"enemies":"Slavers","floor":25.0,"turns":7.0},{"damage":2.0,"enemies":"Gremlin Leader","floor":27.0,"turns":4.0},{"damage":4.0,"enemies":"Snake Plant","floor":28.0,"turns":4.0},{"damage":19.0,"enemies":"Slavers","floor":30.0,"turns":4.0},{"damage":0.0,"enemies":"Snecko","floor":31.0,"turns":2.0},{"damage":30.0,"enemies":"Automaton","floor":33.0,"turns":8.0},{"damage":15.0,"enemies":"3 Darklings","floor":35.0,"turns":3.0},{"damage":0.0,"enemies":"Orb Walker","floor":38.0,"turns":3.0},{"damage":20.0,"enemies":"Reptomancer","floor":41.0,"turns":7.0},{"damage":17.0,"enemies":"Transient","floor":47.0,"turns":6.0},{"damage":18.0,"enemies":"Time Eater","floor":50.0,"turns":5.0},{"damage":69.0,"enemies":"Awakened One","floor":51.0,"turns":17.0},{"damage":73,"enemies":"Shield and Spear","floor":55,"turns":5}],"seed_played":"-7687290683783921704","potions_obtained":[{"floor":2.0,"key":"Fire Potion"},{"floor":2.0,"key":"Fruit Juice"},{"floor":6.0,"key":"SpeedPotion"},{"floor":10.0,"key":"Block Potion"},{"floor":18.0,"key":"SkillPotion"},{"floor":28.0,"key":"Weak Potion"},{"floor":30.0,"key":"LiquidBronze"},{"floor":33.0,"key":"Energy Potion"}],"is_trial":false,"path_per_floor":["M","?","M","?","$","E","?","R","T","M","?","R","E","M","R","B",null,"M","$","?","?","M","R","$","E","T","E","M","R","E","M","R","B",null,"M","T","$","M","$","R","E","R","T","R","?","R","M","?","R","B","B",null,"R","$","E"],"character_chosen":"THE_SILENT","items_purchased":["Footwork","Noxious Fumes","Footwork","Dodge and Roll"],"campfire_rested":3,"item_purchase_floors":[24,39,54,54],"current_hp_per_floor":[59,64,64,53,53,53,53,53,53,52,49,49,47,47,47,34,62,45,45,45,45,43,43,43,35,35,33,41,41,34,46,46,28,60,45,45,45,45,45,45,37,58,58,58,58,58,41,41,62,44,35,62,71,71,0],"gold":21,"neow_bonus":"THREE_ENEMY_KILL","is_prod":false,"is_daily":false,"chose_seed":false,"campfire_upgraded":8,"win_rate":0,"timestamp":1555455980,"path_taken":["M","?","?","?","$","E","?","R","T","M","?","R","E","M","R","BOSS","M","$","?","?","M","R","$","E","T","E","M","R","E","M","R","BOSS","M","?","$","M","$","R","E","R","T","R","?","R","M","?","R","BOSS","BOSS","R","$","E"],"build_version":"2019-01-23","purchased_purges":4,"victory":false,"max_hp_per_floor":[66,71,71,71,71,71,71,71,71,71,71,71,71,71,71,71,71,71,71,71,71,71,71,71,71,71,71,71,71,71,71,71,71,71,71,71,71,71,71,71,71,71,71,71,71,71,71,71,71,71,71,71,71,71,71],"card_choices":[{"not_picked":["Skewer","Setup"],"picked":"Dodge and Roll","floor":1.0},{"not_picked":["Blade Dance","Riddle With Holes"],"picked":"Crippling Poison","floor":3.0},{"not_picked":["Quick Slash","Prepared"],"picked":"Footwork","floor":6.0},{"not_picked":["Deflect","Underhanded Strike"],"picked":"Leg Sweep","floor":10.0},{"not_picked":["Acrobatics","Blur"],"picked":"Deadly Poison","floor":11.0},{"not_picked":["Quick Slash","Slice"],"picked":"After Image","floor":13.0},{"not_picked":["Leg Sweep","Reflex"],"picked":"Catalyst","floor":14.0},{"not_picked":["Malaise","Venomology"],"picked":"Corpse Explosion","floor":16.0},{"not_picked":["Outmaneuver","Cloak And Dagger","Prepared"],"picked":"SKIP","floor":18.0},{"not_picked":["Caltrops+1","Blade Dance"],"picked":"Deadly Poison","floor":22.0},{"not_picked":["Dagger Throw","Quick Slash"],"picked":"Catalyst","floor":25.0},{"not_picked":["Outmaneuver","Heel Hook","Crippling Poison"],"picked":"SKIP","floor":27.0},{"not_picked":["Quick Slash","Deflect+1"],"picked":"Well Laid Plans","floor":28.0},{"not_picked":["Terror","Doppelganger","Backflip"],"picked":"SKIP","floor":30.0},{"not_picked":["Expertise","Quick Slash","Deflect"],"picked":"SKIP","floor":31.0},{"not_picked":["Underhanded Strike","Endless Agony+1","Calculated Gamble"],"picked":"SKIP","floor":35.0},{"not_picked":["Deflect","Endless Agony","Outmaneuver"],"picked":"SKIP","floor":38.0},{"not_picked":["Concentrate","Bane"],"picked":"Deadly Poison","floor":41.0},{"not_picked":["Sucker Punch","Blade Dance","Choke"],"picked":"SKIP","floor":47.0}],"player_experience":841211,"relics_obtained":[{"floor":6.0,"key":"Darkstone Periapt"},{"floor":9.0,"key":"Letter Opener"},{"floor":11.0,"key":"Odd Mushroom"},{"floor":13.0,"key":"Bag of Preparation"},{"floor":25.0,"key":"Girya"},{"floor":26.0,"key":"Centennial Puzzle"},{"floor":27.0,"key":"Meat on the Bone"},{"floor":30.0,"key":"Matryoshka"},{"floor":36.0,"key":"War Paint"},{"floor":36.0,"key":"Bottled Lightning"},{"floor":41.0,"key":"Juzu Bracelet"},{"floor":43.0,"key":"Smiling Mask"}],"event_choices":[{"damage_healed":0.0,"max_hp_gain":0.0,"max_hp_loss":0.0,"gold_gain":0.0,"event_name":"Lab","player_choice":"Got Potions","floor":2.0,"gold_loss":0.0,"damage_taken":0.0},{"damage_healed":0.0,"max_hp_gain":0.0,"max_hp_loss":0.0,"gold_gain":0.0,"event_name":"Scrap Ooze","player_choice":"Success","floor":4.0,"gold_loss":0.0,"damage_taken":11.0,"relics_obtained":["Mummified Hand"]},{"damage_healed":0.0,"max_hp_gain":0.0,"max_hp_loss":0.0,"gold_gain":0.0,"event_name":"Shining Light","player_choice":"Ignored","floor":7.0,"gold_loss":0.0,"damage_taken":0.0},{"damage_healed":0.0,"max_hp_gain":0.0,"max_hp_loss":0.0,"gold_gain":0.0,"event_name":"Mushrooms","player_choice":"Fought Mushrooms","floor":11.0,"gold_loss":0.0,"damage_taken":0.0},{"damage_healed":0.0,"max_hp_gain":0.0,"max_hp_loss":0.0,"gold_gain":50.0,"event_name":"Nest","player_choice":"Stole From Cult","floor":20.0,"gold_loss":0.0,"damage_taken":0.0},{"damage_healed":0.0,"max_hp_gain":0.0,"max_hp_loss":0.0,"gold_gain":0.0,"event_name":"Accursed Blacksmith","player_choice":"Forge","floor":21.0,"gold_loss":0.0,"damage_taken":0.0,"cards_upgraded":["Footwork"]},{"damage_healed":0.0,"max_hp_gain":0.0,"max_hp_loss":0.0,"gold_gain":0.0,"event_name":"SensoryStone","player_choice":"Memory 1","floor":45.0,"gold_loss":0.0,"damage_taken":0.0},{"cards_removed":["Strike_G"],"damage_healed":0.0,"max_hp_gain":0.0,"max_hp_loss":0.0,"gold_gain":0.0,"event_name":"Falling","player_choice":"Removed Attack","floor":48.0,"gold_loss":0.0,"damage_taken":0.0}],"is_beta":false,"boss_relics":[{"not_picked":["Pandora\u0027s Box","HoveringKite"],"picked":"Lizard Tail"},{"not_picked":["Empty Cage","Calling Bell"],"picked":"Sozu"}],"items_purged_floors":[5,19,24,37],"is_endless":false,"potions_floor_spawned":[6,10,13,14,18,28,30,33,47],"killed_by":"Shield and Spear","ascension_level":20}