{"path_per_floor":["M","$","?","M","?","E","R","M","T","$","R","M","M","M","R","B",null,"M","$","?","$","M","M","E","R","T"],"character_chosen":"DEFECT","items_purchased":["Genetic Algorithm","Streamline","Meat on the Bone","Echo Form","Block Potion"],"gold_per_floor":[110,25,25,46,46,85,85,108,108,33,33,46,61,81,81,206,506,530,228,228,50,74,98,133,133,183,183],"floor_reached":27,"campfire_rested":1,"playtime":1728,"current_hp_per_floor":[75,75,57,57,57,57,57,57,57,57,57,43,37,4,26,25,75,50,50,50,50,44,43,40,40,40,0],"items_purged":["Normality","Normality","Pain"],"gold":183,"score":258,"play_id":"72ac2831-27ff-4894-978d-b09731747cd4","local_time":"20180427173259","is_prod":false,"is_daily":false,"chose_seed":false,"is_ascension_mode":false,"campfire_upgraded":3,"timestamp":1524843179,"path_taken":["M","?","?","M","?","E","R","M","T","$","R","M","?","M","R","BOSS","M","$","?","$","M","M","E","R","T","E"],"build_version":"2018-04-26v2","seed_source_timestamp":5089633716274,"purchased_purges":3,"victory":false,"master_deck":["Strike_B","Strike_B","Strike_B","Strike_B","Defend_B","Defend_B","Defend_B","Defend_B","Zap","Dualcast","Impulse+1","Genetic Algorithm","Streamline","Defragment+1","Glacier","Tempest+1","Coolheaded+1","Leap+1","Biased Cognition+1","Parasite","Echo Form+1","Darkness+1","Leap+1","Echo Form+1"],"max_hp_per_floor":[75,75,75,75,75,75,75,75,75,75,75,75,75,75,75,75,75,75,75,75,75,75,75,75,75,75,75],"relics":["Cracked Core","NeowsBlessing","Golden Idol","Frozen Egg 2","Oddly Smooth Stone","Toxic Egg 2","Calling Bell","Vajra","Smiling Mask","Old Coin","Meat on the Bone","Bronze Scales","Ancient Tea Set"],"card_choices":[{"not_picked":["Hello World","Rebound"],"picked":"Impulse","floor":1},{"not_picked":["FTL","Steam Power"],"picked":"Defragment","floor":4},{"not_picked":["Sweeping Beam","Blaster"],"picked":"Glacier","floor":6},{"not_picked":["Cold Snap","Impulse"],"picked":"Tempest","floor":8},{"not_picked":["Rebound","Hello World"],"picked":"Coolheaded","floor":13},{"not_picked":["Impulse","Static Discharge"],"picked":"Leap","floor":14},{"not_picked":["Rainbow","Amplify"],"picked":"Biased Cognition","floor":16},{"not_picked":["Static Discharge","Stack"],"picked":"Darkness","floor":22},{"not_picked":["Hello World","Gash"],"picked":"Leap","floor":23},{"not_picked":["Force Field","Doom and Gloom"],"picked":"Echo Form","floor":24}],"player_experience":38859,"potions_floor_usage":[16,16,18,22,24,24],"damage_taken":[{"damage":0,"enemies":"Cultist","floor":1,"turns":1},{"damage":0,"enemies":"Jaw Worm","floor":4,"turns":1},{"damage":0,"enemies":"Lagavulin","floor":6,"turns":1},{"damage":0,"enemies":"Small Slimes","floor":8,"turns":4},{"damage":14,"enemies":"Exordium Wildlife","floor":12,"turns":5},{"damage":6,"enemies":"2 Fungi Beasts","floor":13,"turns":3},{"damage":33,"enemies":"Gremlin Gang","floor":14,"turns":6},{"damage":1,"enemies":"Slime Boss","floor":16,"turns":13},{"damage":25,"enemies":"3 Byrds","floor":18,"turns":5},{"damage":6,"enemies":"Shell Parasite","floor":22,"turns":5},{"damage":1,"enemies":"Centurion and Healer","floor":23,"turns":5},{"damage":15,"enemies":"Slavers","floor":24,"turns":7},{"damage":44,"enemies":"Book of Stabbing","floor":27,"turns":4}],"event_choices":[{"event_name":"Golden Idol","player_choice":"Take Damage","floor":3,"damage_taken":0},{"event_name":"Accursed Blacksmith","player_choice":"Rummage","floor":5,"damage_taken":0},{"event_name":"Match and Keep!","player_choice":"0 cards matched","floor":20,"damage_taken":0}],"boss_relics":[{"not_picked":["White Beast Statue","Philosopher\u0027s Stone"],"picked":"Calling Bell"}],"potions_floor_spawned":[6,8,14,16,22],"seed_played":"8433410787288681024","killed_by":"Book of Stabbing","ascension_level":0,"is_trial":false}