{"gold_per_floor":[116,134,146,157,170,170,170,170,219,238,388,93,93,124,124,124],"floor_reached":16,"playtime":537,"items_purged":["Doubt"],"score":179,"play_id":"d38a3b74-272c-4eed-93ac-756b2047c20d","local_time":"20180831020746","is_ascension_mode":true,"campfire_choices":[{"data":"Sunder","floor":6,"key":"SMITH"},{"data":"Conserve Battery","floor":8,"key":"SMITH"},{"data":"Static Discharge","floor":13,"key":"SMITH"},{"floor":15,"key":"REST"}],"neow_cost":"","seed_source_timestamp":407331449588676,"circlet_count":0,"master_deck":["Strike_B","Strike_B","Strike_B","Strike_B","Defend_B","Defend_B","Defend_B","Defend_B","Zap","Dualcast","AscendersBane","Conserve Battery+1","Sunder+1","Cold Snap","Glacier","Compile Driver","Static Discharge+1","Seek","Multi-Cast"],"relics":["Cracked Core","Centennial Puzzle","Question Card"],"potions_floor_usage":[],"damage_taken":[{"damage":1,"enemies":"Cultist","floor":1,"turns":4},{"damage":7,"enemies":"2 Louse","floor":2,"turns":3},{"damage":4,"enemies":"Small Slimes","floor":3,"turns":3},{"damage":1,"enemies":"3 Louse","floor":4,"turns":3},{"damage":0,"enemies":"Red Slaver","floor":5,"turns":4},{"damage":1,"enemies":"Blue Slaver","floor":10,"turns":2},{"damage":25,"enemies":"Gremlin Nob","floor":14,"turns":4},{"damage":3,"enemies":"The Guardian","floor":16,"turns":4}],"seed_played":"-8545054468725536614","potions_obtained":[{"floor":1,"key":"Regen Potion"},{"floor":4,"key":"Energy Potion"}],"is_trial":false,"path_per_floor":["M","M","M","M","M","R","?","R","T","M","?","$","R","E","R"],"character_chosen":"DEFECT","items_purchased":["Static Discharge","Seek"],"campfire_rested":1,"item_purchase_floors":[12,12],"current_hp_per_floor":[63,56,52,51,51,51,51,51,51,50,50,50,50,25,46,43],"gold":124,"neow_bonus":"","is_prod":false,"is_daily":false,"chose_seed":false,"campfire_upgraded":3,"win_rate":0,"timestamp":1535674066,"path_taken":["M","M","M","M","?","R","?","R","T","M","?","$","R","E","R","BOSS"],"build_version":"2018-08-29","purchased_purges":1,"victory":false,"max_hp_per_floor":[71,71,71,71,71,71,71,71,71,71,71,71,71,71,71,71],"card_choices":[{"not_picked":["Aggregate","Stack"],"picked":"Conserve Battery","floor":1},{"not_picked":["Aggregate","Redo"],"picked":"Sunder","floor":2},{"not_picked":["Leap","Skim"],"picked":"Cold Snap","floor":3},{"not_picked":["Skim","Leap"],"picked":"Glacier","floor":4},{"not_picked":["Streamline","Genetic Algorithm"],"picked":"Compile Driver","floor":5},{"not_picked":["Beam Cell","Hello World","Redo"],"picked":"SKIP","floor":10},{"not_picked":["Go for the Eyes","Steam Power"],"picked":"Multi-Cast","floor":14}],"player_experience":600508,"relics_obtained":[{"floor":9,"key":"Centennial Puzzle"},{"floor":14,"key":"Question Card"}],"event_choices":[{"event_name":"The Cleric","player_choice":"Leave","floor":7,"damage_taken":0},{"event_name":"Liars Game","player_choice":"agreed","floor":11,"damage_taken":0}],"is_beta":true,"boss_relics":[],"items_purged_floors":[12],"is_endless":false,"potions_floor_spawned":[1,4,5],"killed_by":"The Guardian","ascension_level":15}