{"gold_per_floor":[365,365,381,392,76,76,76,96,96,108,38,98,113,125,125,230,230,244,255,330,347,357,137,62,74,99,99,114,132,13,13,13,111,111,125,3,3,22,42,76,76,94,94,122,122,138,148,148,148,148],"floor_reached":51,"playtime":2061,"items_purged":["Strike_G","Strike_G"],"score":780,"play_id":"a37b7921-cf7b-476d-8d0f-e292a0f515bb","local_time":"20191023210330","is_ascension_mode":false,"campfire_choices":[{"data":"Footwork","floor":6.0,"key":"SMITH"},{"floor":15.0,"key":"REST"},{"data":"Burst","floor":27.0,"key":"SMITH"},{"data":"Catalyst","floor":32,"key":"SMITH"},{"floor":45,"key":"REST"},{"floor":49,"key":"REST"}],"neow_cost":"PERCENT_DAMAGE","seed_source_timestamp":552612974929482,"circlet_count":0,"master_deck":["Strike_G","Defend_G","Defend_G","Defend_G","Defend_G","Defend_G","Survivor","Neutralize","Footwork+1","Defend_R","Bouncing Flask","Burst+1","Adrenaline","Corpse Explosion","Footwork","Bouncing Flask+1","Well Laid Plans","Noxious Fumes+1","Catalyst+1","Footwork","Catalyst+1","Thinking Ahead"],"special_seed":0,"relics":["Ring of the Snake","Membership Card","Pantograph","Potion Belt","StrikeDummy","Sozu","Prayer Wheel","Juzu Bracelet","Lee\u0027s Waffle","InkBottle","Pear","Toy Ornithopter"],"potions_floor_usage":[39],"damage_taken":[{"damage":0.0,"enemies":"2 Louse","floor":1.0,"turns":2.0},{"damage":2.0,"enemies":"Cultist","floor":3.0,"turns":6.0},{"damage":0.0,"enemies":"Small Slimes","floor":4.0,"turns":5.0},{"damage":0.0,"enemies":"3 Louse","floor":8.0,"turns":7.0},{"damage":10.0,"enemies":"Gremlin Gang","floor":10.0,"turns":5.0},{"damage":8.0,"enemies":"Gremlin Nob","floor":12.0,"turns":3.0},{"damage":3.0,"enemies":"Looter","floor":13.0,"turns":4.0},{"damage":0.0,"enemies":"2 Fungi Beasts","floor":14.0,"turns":6.0},{"damage":49.0,"enemies":"Slime Boss","floor":16.0,"turns":16.0},{"damage":0.0,"enemies":"Spheric Guardian","floor":18.0,"turns":2.0},{"damage":2.0,"enemies":"Shell Parasite","floor":19.0,"turns":5.0},{"damage":6.0,"enemies":"Chosen and Byrds","floor":21.0,"turns":7.0},{"damage":8.0,"enemies":"Cultist and Chosen","floor":22.0,"turns":3.0},{"damage":11.0,"enemies":"Shelled Parasite and Fungi","floor":25.0,"turns":5.0},{"damage":0,"enemies":"Snecko","floor":28,"turns":4},{"damage":0,"enemies":"Cultist and Chosen","floor":29,"turns":4},{"damage":1,"enemies":"Automaton","floor":33,"turns":6},{"damage":5,"enemies":"Orb Walker","floor":35,"turns":2},{"damage":3,"enemies":"3 Shapes","floor":38,"turns":3},{"damage":11,"enemies":"Writhing Mass","floor":39,"turns":4},{"damage":45,"enemies":"Nemesis","floor":40,"turns":5},{"damage":12,"enemies":"Sphere and 2 Shapes","floor":42,"turns":6},{"damage":0,"enemies":"Giant Head","floor":44,"turns":4},{"damage":7,"enemies":"Transient","floor":46,"turns":5},{"damage":0,"enemies":"Jaw Worm Horde","floor":47,"turns":2},{"damage":61,"enemies":"Time Eater","floor":50,"turns":7}],"seed_played":"-3095311233806126289","potions_obtained":[{"floor":1.0,"key":"Fire Potion"},{"floor":4.0,"key":"SkillPotion"},{"floor":7.0,"key":"SteroidPotion"},{"floor":7.0,"key":"AttackPotion"},{"floor":10.0,"key":"AttackPotion"},{"floor":12.0,"key":"Block Potion"},{"floor":16.0,"key":"AttackPotion"}],"is_trial":false,"path_per_floor":["M","?","M","M","$","R","?","M","T","M","$","?","M","M","R","B",null,"M","M","?","M","M","$","?","M","T","R","M","M","$","?","R","B",null,"M","$","?","M","M","E","?","M","T","E","R","M","M","?","R","B",null],"character_chosen":"THE_SILENT","items_purchased":["Membership Card","Pantograph","Burst","Well Laid Plans","Prayer Wheel","Lee\u0027s Waffle","Footwork","InkBottle"],"campfire_rested":3,"item_purchase_floors":[5,5,11,23,23,30,30,36],"current_hp_per_floor":[49,49,47,47,47,47,47,47,47,37,37,29,26,26,47,21,70,70,68,61,55,47,47,47,36,36,36,36,36,77,77,77,76,77,72,72,72,69,58,23,23,11,11,11,35,28,28,28,52,16],"gold":148,"neow_bonus":"TWO_FIFTY_GOLD","is_prod":false,"is_daily":false,"chose_seed":false,"campfire_upgraded":3,"win_rate":0,"timestamp":1571857410,"path_taken":["M","?","M","?","$","R","?","M","T","?","$","?","M","M","R","BOSS","M","M","?","M","?","$","?","M","T","R","M","M","$","?","R","BOSS","M","$","?","M","M","E","?","M","T","E","R","M","M","?","R","BOSS"],"build_version":"2019-10-22","purchased_purges":2,"victory":true,"max_hp_per_floor":[70,70,70,70,70,70,70,70,70,70,70,70,70,70,70,70,70,70,70,70,70,70,70,70,70,70,70,70,70,77,77,77,77,77,77,77,73,73,73,83,83,83,83,83,83,83,83,83,83,83],"card_choices":[{"not_picked":["Underhanded Strike","Blade Dance"],"picked":"Footwork","floor":1.0},{"not_picked":["Blade Dance","Skewer","PiercingWail"],"picked":"SKIP","floor":3.0},{"not_picked":["Expertise","Eviscerate","Infinite Blades"],"picked":"SKIP","floor":4.0},{"not_picked":["All Out Attack","Acrobatics","Bane"],"picked":"SKIP","floor":8.0},{"not_picked":["Dagger Throw","Bane"],"picked":"Bouncing Flask","floor":10.0},{"not_picked":["Prepared","Sucker Punch"],"picked":"Adrenaline","floor":12.0},{"not_picked":["Backflip","Outmaneuver","Endless Agony"],"picked":"SKIP","floor":13.0},{"not_picked":["Dodge and Roll","Finisher","Blade Dance"],"picked":"SKIP","floor":14.0},{"not_picked":["Grand Finale","Unload"],"picked":"Corpse Explosion","floor":16.0},{"not_picked":["Escape Plan","Deflect"],"picked":"Footwork","floor":18.0},{"not_picked":["Cloak And Dagger+1","PiercingWail","Tactician"],"picked":"SKIP","floor":19.0},{"not_picked":["Outmaneuver+1","Acrobatics","Cloak And Dagger+1"],"picked":"SKIP","floor":21.0},{"not_picked":["Backflip+1","Escape Plan"],"picked":"Bouncing Flask+1","floor":22.0},{"not_picked":["Choke","Acrobatics+1","Caltrops"],"picked":"SKIP","floor":25.0},{"not_picked":["Dagger Spray+1","Finisher","Endless Agony"],"picked":"SKIP","floor":25.0},{"not_picked":["Sucker Punch+1","Burst"],"picked":"Noxious Fumes+1","floor":28},{"not_picked":["Escape Plan","PiercingWail","Cloak And Dagger"],"picked":"SKIP","floor":28},{"not_picked":["Quick Slash","PiercingWail"],"picked":"Catalyst","floor":29},{"not_picked":["Sucker Punch","Dodge and Roll","Backflip"],"picked":"SKIP","floor":29},{"not_picked":["Infinite Blades+1","Dagger Throw","Blade Dance"],"picked":"SKIP","floor":35},{"not_picked":["Quick Slash","PiercingWail+1","Acrobatics"],"picked":"SKIP","floor":35},{"not_picked":["Outmaneuver+1","Bouncing Flask+1","Finisher+1"],"picked":"SKIP","floor":38},{"not_picked":["Prepared","Endless Agony","Cloak And Dagger"],"picked":"SKIP","floor":38},{"not_picked":["Outmaneuver","All Out Attack+1","Deflect+1"],"picked":"SKIP","floor":39},{"not_picked":["Glass Knife","Poisoned Stab","All Out Attack"],"picked":"SKIP","floor":39},{"not_picked":["Concentrate","Blade Dance+1","Quick Slash"],"picked":"SKIP","floor":40},{"not_picked":["Underhanded Strike+1","Outmaneuver+1","Blade Dance+1"],"picked":"SKIP","floor":42},{"not_picked":["Blade Dance","Noxious Fumes+1","Eviscerate+1"],"picked":"SKIP","floor":42},{"not_picked":["Night Terror","Flechettes+1","Acrobatics+1"],"picked":"SKIP","floor":44},{"not_picked":["Flying Knee","Choke+1","Expertise+1"],"picked":"SKIP","floor":46},{"not_picked":["Dash","Dagger Spray+1","Flechettes"],"picked":"SKIP","floor":46},{"not_picked":["Finisher","Blade Dance+1","Dagger Spray"],"picked":"SKIP","floor":47},{"not_picked":["Outmaneuver+1","Eviscerate","Poisoned Stab"],"picked":"SKIP","floor":47},{"not_picked":["Forethought","Chrysalis"],"picked":"Thinking Ahead","floor":48}],"player_experience":887444,"relics_obtained":[{"floor":9.0,"key":"Potion Belt"},{"floor":26.0,"key":"Juzu Bracelet"},{"floor":40,"key":"Pear"},{"floor":44,"key":"Toy Ornithopter"}],"event_choices":[{"cards_removed":["Strike_G"],"damage_healed":0.0,"max_hp_gain":0.0,"max_hp_loss":0.0,"gold_gain":0.0,"event_name":"NoteForYourself","player_choice":"Took Card","floor":2.0,"gold_loss":0.0,"damage_taken":0.0,"cards_obtained":["Defend_R"]},{"damage_healed":0.0,"max_hp_gain":0.0,"max_hp_loss":0.0,"gold_gain":0.0,"event_name":"Lab","player_choice":"Got Potions","floor":7.0,"gold_loss":0.0,"damage_taken":0.0},{"damage_healed":0.0,"max_hp_gain":0.0,"max_hp_loss":0.0,"gold_gain":0.0,"event_name":"Dead Adventurer","player_choice":"Searched \u00273\u0027 times","floor":12.0,"gold_loss":0.0,"damage_taken":0.0,"relics_obtained":["StrikeDummy"]},{"damage_healed":0.0,"max_hp_gain":0.0,"max_hp_loss":0.0,"gold_gain":75.0,"event_name":"FaceTrader","player_choice":"Touch","floor":20.0,"gold_loss":0.0,"damage_taken":7.0},{"cards_removed":["Strike_G"],"damage_healed":0.0,"max_hp_gain":0.0,"max_hp_loss":0.0,"gold_gain":0.0,"event_name":"Beggar","player_choice":"Gave Gold","floor":24.0,"gold_loss":75.0,"damage_taken":0.0},{"damage_healed":0,"gold_gain":0,"player_choice":"Copied","damage_taken":0,"max_hp_gain":0,"max_hp_loss":0,"event_name":"Duplicator","floor":31,"gold_loss":0,"cards_obtained":["Catalyst"]},{"damage_healed":0,"gold_gain":0,"player_choice":"Max HP","damage_taken":0,"max_hp_gain":0,"max_hp_loss":4,"event_name":"Winding Halls","floor":37,"gold_loss":0},{"damage_healed":0,"gold_gain":0,"player_choice":"Upgraded","damage_taken":0,"max_hp_gain":0,"max_hp_loss":0,"event_name":"Upgrade Shrine","floor":41,"gold_loss":0,"cards_upgraded":["Catalyst"]},{"damage_healed":0,"gold_gain":0,"player_choice":"Memory 1","damage_taken":0,"max_hp_gain":0,"max_hp_loss":0,"event_name":"SensoryStone","floor":48,"gold_loss":0}],"is_beta":true,"boss_relics":[{"not_picked":["SlaversCollar","Runic Pyramid"],"picked":"Sozu"},{"not_picked":["Fusion Hammer","Velvet Choker","Coffee Dripper"]}],"items_purged_floors":[5,23],"is_endless":false,"potions_floor_spawned":[1,4,10,12,16,19,22,25,33,35,38,44,47],"ascension_level":0}