{"gold_per_floor":[109,109,109,59,70,98,98,129,153,180,198,23,41,41,41,141,141,159,258,258,268,100,114,139,166,242,258,258,285,285,210,210,308,308,324,340,240,251,265,296,310,310,310,310,187,187,22,32,32,32],"floor_reached":51,"playtime":1334,"items_purged":["Strike_R","Reckless Charge+1","Strike_R"],"score":798,"play_id":"f3bccfc7-68c2-48fb-8519-ee59bf5b3686","local_time":"20191020120356","is_ascension_mode":false,"campfire_choices":[{"data":"Clash","floor":7.0,"key":"SMITH"},{"floor":15.0,"key":"REST"},{"data":"Inflame","floor":30,"key":"SMITH"},{"data":"Bash","floor":32,"key":"SMITH"},{"data":"Rampage","floor":44,"key":"SMITH"},{"data":"Clash","floor":49,"key":"SMITH"}],"neow_cost":"PERCENT_DAMAGE","seed_source_timestamp":261744810474571,"circlet_count":0,"master_deck":["Bash+1","Impervious","Clash+1","Clash+1","Intimidate+1","Limit Break+1","Rampage+1","Anger+1","Inflame+1","Reaper","Impervious","Inflame+1"],"special_seed":0,"relics":["Burning Blood","Juzu Bracelet","CaptainsWheel","Happy Flower","Omamori","PreservedInsect","Astrolabe","Pen Nib","Art of War","The Courier","Cursed Key","Akabeko","FossilizedHelix","Bag of Marbles","Vajra"],"potions_floor_usage":[35,40,50],"damage_taken":[{"damage":1.0,"enemies":"Jaw Worm","floor":1.0,"turns":3.0},{"damage":6.0,"enemies":"Cultist","floor":5.0,"turns":3.0},{"damage":43.0,"enemies":"Gremlin Nob","floor":6.0,"turns":6.0},{"damage":18.0,"enemies":"3 Sentries","floor":8.0,"turns":5.0},{"damage":3.0,"enemies":"Small Slimes","floor":11.0,"turns":2.0},{"damage":0.0,"enemies":"3 Louse","floor":13.0,"turns":2.0},{"damage":25.0,"enemies":"The Guardian","floor":16.0,"turns":7.0},{"damage":4,"enemies":"3 Byrds","floor":18,"turns":6},{"damage":0,"enemies":"Spheric Guardian","floor":21,"turns":3},{"damage":0,"enemies":"Snake Plant","floor":23,"turns":3},{"damage":12,"enemies":"Slavers","floor":25,"turns":4},{"damage":9,"enemies":"Centurion and Healer","floor":27,"turns":4},{"damage":12,"enemies":"Gremlin Leader","floor":29,"turns":4},{"damage":0,"enemies":"Champ","floor":33,"turns":5},{"damage":18,"enemies":"Orb Walker","floor":35,"turns":3},{"damage":17,"enemies":"3 Darklings","floor":36,"turns":4},{"damage":32,"enemies":"Writhing Mass","floor":38,"turns":5},{"damage":3,"enemies":"Maw","floor":39,"turns":5},{"damage":0,"enemies":"Reptomancer","floor":40,"turns":4},{"damage":0,"enemies":"3 Darklings","floor":41,"turns":5},{"damage":0,"enemies":"Jaw Worm Horde","floor":48,"turns":3},{"damage":50,"enemies":"Donu and Deca","floor":50,"turns":6}],"seed_played":"7692382431075250267","potions_obtained":[{"floor":5.0,"key":"Dexterity Potion"},{"floor":6.0,"key":"SteroidPotion"},{"floor":8.0,"key":"GamblersBrew"},{"floor":18,"key":"SkillPotion"},{"floor":21,"key":"FairyPotion"},{"floor":36,"key":"DistilledChaos"},{"floor":39,"key":"BloodPotion"}],"is_trial":false,"path_per_floor":["M","?","?","?","M","E","R","E","T","T","M","$","M","?","R","B",null,"M","?","?","M","$","M","T","E","T","M","?","E","R","?","R","B",null,"M","M","$","M","M","E","M","?","T","R","$","?","$","M","R","B",null],"character_chosen":"IRONCLAD","items_purchased":["HeartOfIron","Inflame","Bag of Marbles","Vajra","Strength Potion"],"campfire_rested":1,"item_purchase_floors":[12,22,45,47,47],"current_hp_per_floor":[61,61,61,61,61,24,24,12,12,12,15,15,21,21,45,26,80,80,80,80,80,80,80,80,74,74,77,77,80,80,80,80,80,80,68,80,80,74,80,80,80,76,76,76,76,76,76,76,76,50],"gold":32,"neow_bonus":"TRANSFORM_TWO_CARDS","is_prod":false,"is_daily":false,"chose_seed":false,"campfire_upgraded":5,"win_rate":0,"timestamp":1571565836,"path_taken":["M","?","?","?","M","E","R","E","T","?","M","$","M","?","R","BOSS","M","?","?","M","$","M","?","E","T","M","?","E","R","?","R","BOSS","M","M","$","M","M","E","M","?","T","R","$","?","$","M","R","BOSS"],"build_version":"2019-10-18","purchased_purges":3,"victory":true,"max_hp_per_floor":[80,80,80,80,80,80,80,80,80,80,80,80,80,80,80,80,80,80,80,80,80,80,80,80,80,80,80,80,80,80,80,80,80,80,80,80,80,80,80,80,80,76,76,76,76,76,76,76,76,76],"card_choices":[{"not_picked":["Headbutt","Hemokinesis","Rampage"],"picked":"SKIP","floor":1.0},{"not_picked":["Headbutt","Burning Pact","Clothesline"],"picked":"SKIP","floor":5.0},{"not_picked":["Havoc","Evolve"],"picked":"Clash","floor":6.0},{"not_picked":["Wild Strike","Inflame","Havoc"],"picked":"SKIP","floor":8.0},{"not_picked":["Burning Pact","Reaper"],"picked":"Clash","floor":11.0},{"not_picked":["Cleave","Reckless Charge","Evolve"],"picked":"SKIP","floor":13.0},{"not_picked":["Dark Embrace","Impervious"],"picked":"Immolate","floor":16.0},{"not_picked":["Wild Strike","Cleave"],"picked":"Rampage","floor":18},{"not_picked":["Body Slam","Carnage"],"picked":"Anger+1","floor":21},{"not_picked":["Flex","Dual Wield","Entrench"],"picked":"SKIP","floor":23},{"not_picked":["Infernal Blade","Exhume"],"picked":"Reaper","floor":25},{"not_picked":["Anger","Metallicize+1","Wild Strike+1"],"picked":"SKIP","floor":27},{"not_picked":["Heavy Blade","Warcry","Twin Strike"],"picked":"SKIP","floor":29},{"not_picked":["Berserk","Juggernaut"],"picked":"Impervious","floor":33},{"not_picked":["Shrug It Off","Perfected Strike","Combust+1"],"picked":"SKIP","floor":35},{"not_picked":["Rampage+1","Seeing Red","Body Slam"],"picked":"SKIP","floor":36},{"not_picked":["Intimidate+1","Shrug It Off+1","Warcry+1"],"picked":"SKIP","floor":38},{"not_picked":["Iron Wave","Warcry+1","Wild Strike+1"],"picked":"SKIP","floor":39},{"not_picked":["Perfected Strike+1","Bloodletting","Power Through"],"picked":"SKIP","floor":40},{"not_picked":["Entrench","Reckless Charge+1"],"picked":"Inflame+1","floor":41},{"not_picked":["Twin Strike+1","Cleave","Whirlwind+1"],"picked":"SKIP","floor":48}],"player_experience":859967,"relics_obtained":[{"floor":6.0,"key":"CaptainsWheel"},{"floor":8.0,"key":"Happy Flower"},{"floor":9.0,"key":"Omamori"},{"floor":10.0,"key":"PreservedInsect"},{"floor":24,"key":"Pen Nib"},{"floor":25,"key":"Art of War"},{"floor":29,"key":"The Courier"},{"floor":40,"key":"Akabeko"},{"floor":43,"key":"FossilizedHelix"}],"event_choices":[{"cards_removed":["Havoc"],"damage_healed":0.0,"max_hp_gain":0.0,"max_hp_loss":0.0,"gold_gain":0.0,"event_name":"WeMeetAgain","player_choice":"Gave Card","floor":2.0,"gold_loss":0.0,"damage_taken":0.0,"relics_obtained":["Juzu Bracelet"]},{"cards_removed":["Defend_R"],"damage_healed":0.0,"max_hp_gain":0.0,"max_hp_loss":0.0,"gold_gain":0.0,"event_name":"Living Wall","player_choice":"Forget","floor":3.0,"gold_loss":0.0,"damage_taken":0.0},{"cards_removed":["Defend_R"],"damage_healed":0.0,"max_hp_gain":0.0,"max_hp_loss":0.0,"gold_gain":0.0,"event_name":"The Cleric","player_choice":"Card Removal","floor":4.0,"gold_loss":50.0,"damage_taken":0.0},{"damage_healed":0.0,"max_hp_gain":0.0,"max_hp_loss":0.0,"gold_gain":0.0,"event_name":"Match and Keep!","player_choice":"0 cards matched","floor":14.0,"gold_loss":0.0,"damage_taken":0.0,"cards_obtained":[]},{"damage_healed":0,"gold_gain":99,"player_choice":"Stole From Cult","damage_taken":0,"max_hp_gain":0,"max_hp_loss":0,"event_name":"Nest","floor":19,"gold_loss":0},{"damage_healed":0,"gold_gain":0,"player_choice":"Ignored","damage_taken":0,"max_hp_gain":0,"max_hp_loss":0,"event_name":"Ghosts","floor":20,"gold_loss":0},{"damage_healed":0,"gold_gain":0,"player_choice":"Read","damage_taken":0,"max_hp_gain":0,"max_hp_loss":0,"event_name":"The Library","floor":28,"gold_loss":0,"cards_obtained":["Clash"]},{"cards_removed":["Strike_R"],"damage_healed":0,"gold_gain":0,"player_choice":"Gave Gold","damage_taken":0,"max_hp_gain":0,"max_hp_loss":0,"event_name":"Beggar","floor":31,"gold_loss":75},{"damage_healed":0,"gold_gain":0,"player_choice":"Max HP","damage_taken":0,"max_hp_gain":0,"max_hp_loss":4,"event_name":"Winding Halls","floor":42,"gold_loss":0},{"cards_removed":["Clash"],"damage_healed":0,"gold_gain":0,"player_choice":"Removed Attack","damage_taken":0,"max_hp_gain":0,"max_hp_loss":0,"event_name":"Falling","floor":46,"gold_loss":0}],"is_beta":true,"boss_relics":[{"not_picked":["Black Star","Runic Dome"],"picked":"Astrolabe"},{"not_picked":["SacredBark","SlaversCollar"],"picked":"Cursed Key"}],"items_purged_floors":[12,22,37],"is_endless":false,"potions_floor_spawned":[5,6,8,18,21,23,29,36,38,39,48],"ascension_level":0}