{"gold_per_floor":[116,41,41,57,207,207,234,246,258,7,7,7,19,30,30,104,104,119,44,44,61,61,61,90,101,101,101,101,16,16,35,35,114,114,129,129,147,166,11,11,26,26,26,46,46,46,46,46,46,46,46],"floor_reached":52,"playtime":1231,"items_purged":["Doubt","Strike_G"],"score":1807,"play_id":"8af5b70e-425b-42a8-b234-4c5cbfafd7ff","local_time":"20181210140813","is_ascension_mode":true,"campfire_choices":[{"data":"Poisoned Stab","floor":6.0,"key":"SMITH"},{"data":"Caltrops","floor":8.0,"key":"SMITH"},{"data":"Survivor","floor":12.0,"key":"SMITH"},{"data":"Defend_G","floor":15.0,"key":"SMITH"},{"floor":23.0,"key":"REST"},{"floor":30.0,"key":"REST"},{"data":"Well Laid Plans","floor":32.0,"key":"SMITH"},{"data":"Defend_G","floor":40.0,"key":"SMITH"},{"data":"Defend_G","floor":42.0,"key":"SMITH"},{"data":"Defend_G","floor":46.0,"key":"SMITH"},{"data":"Defend_G","floor":49.0,"key":"SMITH"}],"neow_cost":"NONE","seed_source_timestamp":9460185595183,"circlet_count":0,"master_deck":["AscendersBane","Defend_G+1","Defend_G+1","Defend_G+1","Defend_G+1","Defend_G+1","Survivor+1","Neutralize+1","Caltrops+1","Bouncing Flask+1","Catalyst+1","Burst+1","Backflip+1","Deadly Poison+1","Prepared+1","Well Laid Plans+1","Backflip+1","Blur+1","Burst+1","Catalyst+1","Deadly Poison+1","Catalyst+1"],"special_seed":0,"relics":["Ring of the Snake","NeowsBlessing","MawBank","Pantograph","Toxic Egg 2","Philosopher\u0027s Stone","Bronze Scales","Bottled Lightning","Snake Skull","WristBlade","Sundial"],"potions_floor_usage":[51],"damage_taken":[{"damage":0.0,"enemies":"Small Slimes","floor":1.0,"turns":1.0},{"damage":0.0,"enemies":"2 Louse","floor":4.0,"turns":2.0},{"damage":0.0,"enemies":"3 Sentries","floor":7.0,"turns":2.0},{"damage":1.0,"enemies":"Cultist","floor":13.0,"turns":3.0},{"damage":2.0,"enemies":"Blue Slaver","floor":14.0,"turns":3.0},{"damage":37.0,"enemies":"Slime Boss","floor":16.0,"turns":7.0},{"damage":19.0,"enemies":"Shell Parasite","floor":18.0,"turns":5.0},{"damage":12.0,"enemies":"2 Thieves","floor":21.0,"turns":3.0},{"damage":24.0,"enemies":"Slavers","floor":24.0,"turns":4.0},{"damage":0.0,"enemies":"Snake Plant","floor":25.0,"turns":2.0},{"damage":0.0,"enemies":"3 Cultists","floor":31.0,"turns":3.0},{"damage":8.0,"enemies":"Champ","floor":33.0,"turns":5.0},{"damage":12.0,"enemies":"3 Darklings","floor":35.0,"turns":5.0},{"damage":0.0,"enemies":"Orb Walker","floor":37.0,"turns":2.0},{"damage":0.0,"enemies":"Spire Growth","floor":38.0,"turns":2.0},{"damage":0.0,"enemies":"Writhing Mass","floor":41.0,"turns":3.0},{"damage":1.0,"enemies":"3 Darklings","floor":44.0,"turns":4.0},{"damage":40.0,"enemies":"Time Eater","floor":50.0,"turns":5.0},{"damage":46,"enemies":"Donu and Deca","floor":51,"turns":7}],"seed_played":"-2165564724597189648","potions_obtained":[{"floor":1.0,"key":"AttackPotion"},{"floor":13.0,"key":"Ancient Potion"},{"floor":21.0,"key":"Fruit Juice"},{"floor":25.0,"key":"LiquidBronze"},{"floor":38.0,"key":"Regen Potion"}],"is_trial":false,"path_per_floor":["M","?","?","M","?","R","E","R","T","$","?","R","M","M","R","B",null,"M","$","?","M","?","R","E","M","T","?","?","?","R","M","R","B",null,"M","?","M","M","$","R","M","R","T","M","$","R","?","?","R","B","B",null],"character_chosen":"THE_SILENT","items_purchased":["Toxic Egg 2","Deadly Poison+1"],"campfire_rested":2,"item_purchase_floors":[10,39],"current_hp_per_floor":[59,59,59,59,59,59,59,59,59,59,59,59,58,56,56,29,57,38,38,38,31,31,52,28,28,28,28,28,28,49,49,49,63,69,57,57,57,57,57,57,57,57,57,56,56,56,56,56,56,31,25],"gold":46,"neow_bonus":"THREE_ENEMY_KILL","is_prod":false,"is_daily":false,"chose_seed":false,"campfire_upgraded":9,"win_rate":0,"timestamp":1544447293,"path_taken":["M","?","?","M","?","R","E","R","T","$","?","R","M","M","R","BOSS","M","$","?","M","?","R","E","?","T","?","?","?","R","M","R","BOSS","M","?","M","?","$","R","M","R","T","M","?","R","?","?","R","BOSS","BOSS"],"build_version":"2018-12-06","purchased_purges":2,"victory":true,"max_hp_per_floor":[66,66,66,66,66,66,66,66,66,66,66,66,66,66,66,66,66,66,66,66,71,71,71,71,71,71,71,71,71,71,71,71,71,71,71,71,71,71,71,71,71,71,71,71,71,71,71,71,71,71,71],"card_choices":[{"not_picked":["Blade Dance","Quick Slash"],"picked":"Caltrops","floor":1.0},{"not_picked":["Underhanded Strike","Choke"],"picked":"Poisoned Stab","floor":4.0},{"not_picked":["Distraction","Dash","Acrobatics"],"picked":"SKIP","floor":7.0},{"not_picked":["Backflip+1","Noxious Fumes"],"picked":"Bouncing Flask+1","floor":13.0},{"not_picked":["Well Laid Plans","Finisher"],"picked":"Catalyst+1","floor":14.0},{"not_picked":["After Image","Grand Finale"],"picked":"Burst+1","floor":16.0},{"not_picked":["Cloak And Dagger+1","Blade Dance+1"],"picked":"Backflip+1","floor":18.0},{"not_picked":["Blade Dance+1","Dagger Spray"],"picked":"Deadly Poison+1","floor":21.0},{"not_picked":["Bullet Time+1","Acrobatics+1","Dagger Throw"],"picked":"SKIP","floor":24.0},{"not_picked":["Outmaneuver+1","All Out Attack"],"picked":"Backflip+1","floor":25.0},{"not_picked":["Dodge and Roll+1","Slice"],"picked":"Blur+1","floor":31.0},{"not_picked":["Bullet Time+1","Doppelganger+1"],"picked":"Burst+1","floor":33.0},{"not_picked":["Calculated Gamble+1","Quick Slash+1","Blade Dance+1"],"picked":"SKIP","floor":35.0},{"not_picked":["Underhanded Strike+1","Outmaneuver+1","Riddle With Holes"],"picked":"SKIP","floor":37.0},{"not_picked":["Deflect+1","Concentrate+1","Outmaneuver+1"],"picked":"SKIP","floor":38.0},{"not_picked":["Flying Knee","Sucker Punch"],"picked":"Catalyst+1","floor":41.0},{"not_picked":["Envenom","Heel Hook","Tactician+1"],"picked":"SKIP","floor":44.0}],"player_experience":805605,"relics_obtained":[{"floor":7.0,"key":"MawBank"},{"floor":9.0,"key":"Pantograph"},{"floor":24.0,"key":"Bronze Scales"},{"floor":26.0,"key":"Bottled Lightning"},{"floor":43.0,"key":"Sundial"}],"event_choices":[{"cards_removed":["Strike_G"],"damage_healed":0.0,"max_hp_gain":0.0,"max_hp_loss":0.0,"gold_gain":0.0,"event_name":"The Cleric","player_choice":"Card Removal","floor":2.0,"gold_loss":75.0,"damage_taken":0.0},{"cards_removed":["Strike_G"],"damage_healed":0.0,"max_hp_gain":0.0,"max_hp_loss":0.0,"gold_gain":0.0,"event_name":"Living Wall","player_choice":"Forget","floor":3.0,"gold_loss":0.0,"damage_taken":0.0},{"damage_healed":0.0,"max_hp_gain":0.0,"max_hp_loss":0.0,"gold_gain":150.0,"event_name":"Liars Game","player_choice":"AGREE","floor":5.0,"gold_loss":0.0,"damage_taken":0.0,"cards_obtained":["Doubt"]},{"damage_healed":0.0,"max_hp_gain":0.0,"max_hp_loss":0.0,"gold_gain":0.0,"event_name":"Accursed Blacksmith","player_choice":"Forge","floor":11.0,"gold_loss":0.0,"damage_taken":0.0,"cards_upgraded":["Neutralize"]},{"damage_healed":0.0,"max_hp_gain":0.0,"max_hp_loss":0.0,"gold_gain":0.0,"event_name":"Vampires","player_choice":"Ignored","floor":20.0,"gold_loss":0.0,"damage_taken":0.0},{"damage_healed":0.0,"max_hp_gain":0.0,"max_hp_loss":0.0,"gold_gain":0.0,"cards_transformed":["Strike_G","Strike_G"],"event_name":"Drug Dealer","player_choice":"Became Test Subject","floor":22.0,"gold_loss":0.0,"damage_taken":0.0,"cards_obtained":["Prepared","Well Laid Plans"]},{"damage_healed":0.0,"max_hp_gain":0.0,"max_hp_loss":0.0,"gold_gain":0.0,"event_name":"Cursed Tome","player_choice":"Ignored","floor":27.0,"gold_loss":0.0,"damage_taken":0.0},{"damage_healed":0.0,"max_hp_gain":0.0,"max_hp_loss":0.0,"gold_gain":0.0,"event_name":"The Mausoleum","player_choice":"Ignored","floor":28.0,"gold_loss":0.0,"damage_taken":0.0},{"damage_healed":0.0,"max_hp_gain":0.0,"max_hp_loss":0.0,"gold_gain":0.0,"event_name":"Addict","player_choice":"Obtained Relic","floor":29.0,"gold_loss":85.0,"damage_taken":0.0,"relics_obtained":["Snake Skull"]},{"damage_healed":0.0,"max_hp_gain":0.0,"max_hp_loss":0.0,"gold_gain":0.0,"event_name":"Duplicator","player_choice":"Copied","floor":36.0,"gold_loss":0.0,"damage_taken":0.0,"cards_obtained":["Catalyst"]},{"cards_removed":["Poisoned Stab"],"damage_healed":0.0,"max_hp_gain":0.0,"max_hp_loss":0.0,"gold_gain":0.0,"event_name":"Falling","player_choice":"Removed Attack","floor":47.0,"gold_loss":0.0,"damage_taken":0.0},{"damage_healed":0.0,"max_hp_gain":0.0,"max_hp_loss":0.0,"gold_gain":0.0,"event_name":"SecretPortal","player_choice":"Ignored","floor":48.0,"gold_loss":0.0,"damage_taken":0.0}],"is_beta":true,"boss_relics":[{"not_picked":["Tiny House","Ring of the Serpent"],"picked":"Philosopher\u0027s Stone"},{"not_picked":["Snecko Eye","Pandora\u0027s Box"],"picked":"WristBlade"}],"items_purged_floors":[19,39],"is_endless":false,"potions_floor_spawned":[1,13,21,25,38],"ascension_level":20}