{"gold_per_floor":[113,113,38,56,56,86,86,86,110,110,141,173,19,31,31,108,108,124,124,124,65,65,92,92,106,106,106,21,35,55,70,70,70],"floor_reached":33,"playtime":465,"items_purged":["Defend_R"],"score":646,"play_id":"293233be-9bd7-40de-a604-1e84215507e5","local_time":"20191007155419","is_ascension_mode":true,"campfire_choices":[{"data":"Flex","floor":8.0,"key":"SMITH"},{"data":"Bash","floor":10.0,"key":"SMITH"},{"data":"Limit Break","floor":15.0,"key":"SMITH"},{"floor":24.0,"key":"REST"},{"data":"Limit Break","floor":27.0,"key":"SMITH"},{"data":"Uppercut","floor":32.0,"key":"SMITH"}],"neow_cost":"NONE","seed_source_timestamp":186952009397047,"circlet_count":0,"master_deck":["AscendersBane","Strike_R+1","Strike_R+1","Strike_R+1","Strike_R+1","Strike_R+1","Defend_R+1","Defend_R+1","Defend_R+1","Bash+1","Heavy Blade+1","Flex+1","Limit Break+1","Twin Strike","Limit Break+1","Flex","Flex","Uppercut+1"],"special_seed":0,"relics":["Burning Blood","NeowsBlessing","Bottled Flame","Lantern","MawBank","Red Skull","Busted Crown","Smiling Mask","Bottled Lightning","Ancient Tea Set"],"potions_floor_usage":[],"damage_taken":[{"damage":0.0,"enemies":"Jaw Worm","floor":1.0,"turns":1.0},{"damage":0.0,"enemies":"Cultist","floor":4.0,"turns":1.0},{"damage":0.0,"enemies":"Lagavulin","floor":6.0,"turns":1.0},{"damage":3.0,"enemies":"Gremlin Nob","floor":11.0,"turns":3.0},{"damage":0.0,"enemies":"2 Louse","floor":12.0,"turns":2.0},{"damage":12.0,"enemies":"2 Fungi Beasts","floor":14.0,"turns":4.0},{"damage":48.0,"enemies":"Hexaghost","floor":16.0,"turns":5.0},{"damage":20.0,"enemies":"2 Thieves","floor":18.0,"turns":3.0},{"damage":42.0,"enemies":"Gremlin Leader","floor":23.0,"turns":6.0},{"damage":8.0,"enemies":"3 Byrds","floor":25.0,"turns":4.0},{"damage":0.0,"enemies":"Cultist and Chosen","floor":29.0,"turns":3.0},{"damage":8.0,"enemies":"Snake Plant","floor":30.0,"turns":2.0},{"damage":0.0,"enemies":"Shelled Parasite and Fungi","floor":31.0,"turns":2.0},{"damage":40,"enemies":"Automaton","floor":33,"turns":6}],"seed_played":"7285614264450420572","potions_obtained":[{"floor":12.0,"key":"Ancient Potion"},{"floor":14.0,"key":"GamblersBrew"},{"floor":18.0,"key":"Explosive Potion"},{"floor":25.0,"key":"DuplicationPotion"}],"is_trial":false,"path_per_floor":["M","?","$","M","?","E","?","R","T","R","E","M","$","M","R","B",null,"M","?","?","$","?","E","R","M","T","R","?","M","M","M","R","B"],"character_chosen":"IRONCLAD","items_purchased":["Red Skull","Flex"],"campfire_rested":1,"item_purchase_floors":[13,21],"current_hp_per_floor":[74,51,51,57,57,63,63,63,63,63,66,72,72,66,66,24,62,48,48,48,48,48,12,34,32,32,32,32,38,36,42,42,2],"gold":70,"neow_bonus":"THREE_ENEMY_KILL","is_prod":false,"is_daily":false,"chose_seed":false,"campfire_upgraded":5,"win_rate":0,"timestamp":1570456459,"path_taken":["M","?","$","M","?","E","?","R","T","R","E","?","?","M","R","BOSS","M","?","?","$","?","E","R","M","T","R","?","M","M","M","R","BOSS"],"build_version":"2019-10-04","purchased_purges":1,"victory":false,"max_hp_per_floor":[75,75,75,75,75,75,75,75,75,75,75,75,75,75,75,75,75,75,75,75,75,75,75,75,75,75,75,75,75,75,75,75,75],"card_choices":[{"not_picked":["Shrug It Off","Battle Trance"],"picked":"Heavy Blade","floor":1.0},{"not_picked":["Wild Strike","Seeing Red"],"picked":"Flex","floor":4.0},{"not_picked":["Second Wind","Entrench","Seeing Red"],"picked":"SKIP","floor":6.0},{"not_picked":["Hemokinesis","Double Tap"],"picked":"Limit Break","floor":11.0},{"not_picked":["Searing Blow","Havoc"],"picked":"Twin Strike","floor":12.0},{"not_picked":["Shrug It Off","Evolve","Ghostly Armor"],"picked":"SKIP","floor":14.0},{"not_picked":["Fiend Fire","Impervious"],"picked":"Limit Break","floor":16.0},{"not_picked":["Headbutt"],"picked":"SKIP","floor":18.0},{"not_picked":["Headbutt"],"picked":"SKIP","floor":23.0},{"not_picked":["Hemokinesis"],"picked":"SKIP","floor":25.0},{"not_picked":["Armaments"],"picked":"SKIP","floor":29.0},{"not_picked":["Thunderclap"],"picked":"SKIP","floor":30.0},{"not_picked":[],"picked":"Uppercut","floor":31.0}],"player_experience":837074,"relics_obtained":[{"floor":6.0,"key":"Bottled Flame"},{"floor":9.0,"key":"Lantern"},{"floor":11.0,"key":"MawBank"},{"floor":23.0,"key":"Smiling Mask"},{"floor":26.0,"key":"Bottled Lightning"}],"event_choices":[{"damage_healed":0.0,"max_hp_gain":0.0,"max_hp_loss":0.0,"gold_gain":0.0,"event_name":"Shining Light","player_choice":"Entered Light","floor":2.0,"gold_loss":0.0,"damage_taken":23.0,"cards_upgraded":["Defend_R","Defend_R"]},{"damage_healed":0.0,"max_hp_gain":0.0,"max_hp_loss":0.0,"gold_gain":0.0,"event_name":"Scrap Ooze","player_choice":"Fled","floor":5.0,"gold_loss":0.0,"damage_taken":0.0},{"damage_healed":0.0,"max_hp_gain":0.0,"max_hp_loss":0.0,"gold_gain":0.0,"event_name":"Accursed Blacksmith","player_choice":"Forge","floor":7.0,"gold_loss":0.0,"damage_taken":0.0,"cards_upgraded":["Heavy Blade"]},{"damage_healed":0.0,"max_hp_gain":0.0,"max_hp_loss":0.0,"gold_gain":0.0,"event_name":"The Library","player_choice":"Read","floor":19.0,"gold_loss":0.0,"damage_taken":0.0,"cards_obtained":["Flex"]},{"damage_healed":0.0,"max_hp_gain":0.0,"max_hp_loss":0.0,"gold_gain":0.0,"event_name":"Beggar","player_choice":"Ignored","floor":20.0,"gold_loss":0.0,"damage_taken":0.0},{"damage_healed":0.0,"max_hp_gain":0.0,"max_hp_loss":0.0,"gold_gain":0.0,"event_name":"Back to Basics","player_choice":"Simplicity","floor":22.0,"gold_loss":0.0,"damage_taken":0.0,"cards_upgraded":["Strike_R","Strike_R","Strike_R","Strike_R","Strike_R","Defend_R"]},{"damage_healed":0.0,"max_hp_gain":0.0,"max_hp_loss":0.0,"gold_gain":0.0,"event_name":"Addict","player_choice":"Obtained Relic","floor":28.0,"gold_loss":85.0,"damage_taken":0.0,"relics_obtained":["Ancient Tea Set"]}],"is_beta":true,"boss_relics":[{"not_picked":["Empty Cage","Velvet Choker"],"picked":"Busted Crown"}],"items_purged_floors":[3],"is_endless":false,"potions_floor_spawned":[12,14,18,25],"killed_by":"Automaton","ascension_level":20}