{"gold_per_floor":[109,109,20,20,33,58,58,88,134,134,134,147,168,191,191,263,263,281,44,54,54,73,73,73],"floor_reached":24,"playtime":456,"items_purged":[],"score":454,"play_id":"cea94137-8621-4c78-94c5-1660ce4c5775","local_time":"20181117183047","is_ascension_mode":true,"campfire_choices":[{"data":"Streamline","floor":7.0,"key":"SMITH"},{"floor":11.0,"key":"REST"},{"data":"Defragment","floor":15.0,"key":"SMITH"},{"floor":23,"key":"REST"}],"neow_cost":"NONE","seed_source_timestamp":87969180596005,"circlet_count":0,"master_deck":["AscendersBane","Strike_B","Strike_B","Strike_B","Strike_B","Defend_B","Defend_B","Defend_B","Defend_B","Zap","Dualcast","Streamline+1","Defragment+1","Conserve Battery","Gash","BootSequence","Gash","Conserve Battery","Echo Form","Defragment","Defragment+1","Cold Snap"],"special_seed":0,"relics":["Cracked Core","NeowsBlessing","Centennial Puzzle","Symbiotic Virus","Regal Pillow","Anchor","Potion Belt","Odd Mushroom","Dream Catcher","Sozu","PreservedInsect"],"potions_floor_usage":[],"damage_taken":[{"damage":0.0,"enemies":"2 Louse","floor":1.0,"turns":1.0},{"damage":0.0,"enemies":"Jaw Worm","floor":5.0,"turns":1.0},{"damage":0.0,"enemies":"3 Sentries","floor":6.0,"turns":1.0},{"damage":30.0,"enemies":"Gremlin Nob","floor":8.0,"turns":4.0},{"damage":0.0,"enemies":"Cultist","floor":12.0,"turns":3.0},{"damage":16.0,"enemies":"The Mushroom Lair","floor":13.0,"turns":4.0},{"damage":2.0,"enemies":"Hexaghost","floor":16.0,"turns":9.0},{"damage":0,"enemies":"Chosen","floor":18,"turns":5},{"damage":10,"enemies":"Spheric Guardian","floor":20,"turns":5},{"damage":50,"enemies":"Snake Plant","floor":22,"turns":6},{"damage":44,"enemies":"Book of Stabbing","floor":24,"turns":4}],"seed_played":"3038902740268724742","potions_obtained":[{"floor":5.0,"key":"Dexterity Potion"},{"floor":12.0,"key":"SteroidPotion"},{"floor":13.0,"key":"Dexterity Potion"}],"is_trial":false,"path_per_floor":["M","?","$","?","M","E","R","E","T","?","R","M","?","T","R","B",null,"M","$","M","?","M","R","E"],"character_chosen":"DEFECT","items_purchased":["Defragment","PreservedInsect","Defragment"],"campfire_rested":2,"item_purchase_floors":[3,19,19],"current_hp_per_floor":[64,46,46,46,46,46,46,16,16,21,58,58,42,42,42,40,67,67,67,57,57,7,44,0],"gold":73,"neow_bonus":"THREE_ENEMY_KILL","is_prod":false,"is_daily":false,"chose_seed":false,"campfire_upgraded":2,"win_rate":0,"timestamp":1542475847,"path_taken":["M","?","$","?","?","E","R","E","T","?","R","M","?","?","R","BOSS","M","?","?","?","?","R","E"],"build_version":"2018-11-15","purchased_purges":0,"victory":false,"max_hp_per_floor":[71,71,71,71,71,71,71,71,71,76,76,76,76,76,76,76,76,76,76,76,76,76,76,76],"card_choices":[{"not_picked":["Sweeping Beam","Turbo"],"picked":"Streamline","floor":1.0},{"not_picked":["Stack","Leap"],"picked":"Conserve Battery","floor":5.0},{"not_picked":["Hyperbeam","Turbo"],"picked":"Gash","floor":6.0},{"not_picked":["Steam Power","Compile Driver"],"picked":"BootSequence","floor":8.0},{"not_picked":["Streamline","Turbo"],"picked":"Gash","floor":12.0},{"not_picked":["FTL","Double Energy"],"picked":"Conserve Battery","floor":13.0},{"not_picked":["Biased Cognition","Amplify"],"picked":"Echo Form","floor":16.0},{"not_picked":["Go for the Eyes","Leap","Turbo+1"],"picked":"SKIP","floor":18},{"not_picked":["Rebound","Turbo","Ball Lightning"],"picked":"SKIP","floor":20},{"not_picked":["Tempest","Streamline+1"],"picked":"Cold Snap","floor":22}],"player_experience":769783,"relics_obtained":[{"floor":4.0,"key":"Symbiotic Virus"},{"floor":6.0,"key":"Regal Pillow"},{"floor":8.0,"key":"Anchor"},{"floor":9.0,"key":"Potion Belt"},{"floor":13.0,"key":"Odd Mushroom"},{"floor":14.0,"key":"Dream Catcher"}],"event_choices":[{"damage_healed":0.0,"max_hp_gain":0.0,"max_hp_loss":0.0,"gold_gain":0.0,"event_name":"Scrap Ooze","player_choice":"Success","floor":2.0,"gold_loss":0.0,"damage_taken":18.0,"relics_obtained":["Centennial Puzzle"]},{"damage_healed":0.0,"max_hp_gain":0.0,"max_hp_loss":0.0,"gold_gain":0.0,"event_name":"Wheel of Change","player_choice":"Relic","floor":4.0,"gold_loss":0.0,"damage_taken":0.0},{"damage_healed":0.0,"max_hp_gain":5.0,"max_hp_loss":0.0,"gold_gain":0.0,"event_name":"Big Fish","player_choice":"Donut","floor":10.0,"gold_loss":0.0,"damage_taken":0.0},{"damage_healed":0.0,"max_hp_gain":0.0,"max_hp_loss":0.0,"gold_gain":0.0,"event_name":"Mushrooms","player_choice":"Fought Mushrooms","floor":13.0,"gold_loss":0.0,"damage_taken":0.0},{"damage_healed":0,"gold_gain":0,"player_choice":"Copied","damage_taken":0,"max_hp_gain":0,"max_hp_loss":0,"event_name":"Duplicator","floor":21,"gold_loss":0,"cards_obtained":["Defragment"]}],"is_beta":true,"boss_relics":[{"not_picked":["Pandora\u0027s Box","Eternal Feather"],"picked":"Sozu"}],"items_purged_floors":[],"is_endless":false,"potions_floor_spawned":[5,12,13,18],"killed_by":"Book of Stabbing","ascension_level":20}