{"gold_per_floor":[116,58,76,76,87,87,58,69,139,169,180,206,226,245,245,323,323,335,64,84,1,1],"floor_reached":22,"playtime":577,"items_purged":["Defend_R"],"score":396,"play_id":"e493301c-9e3a-4cd4-8699-dcb656ec3d29","local_time":"20190522211045","is_ascension_mode":true,"campfire_choices":[{"data":"Armaments","floor":6.0,"key":"SMITH"},{"floor":15.0,"key":"REST"}],"neow_cost":"NONE","seed_source_timestamp":117052161614143,"circlet_count":0,"master_deck":["AscendersBane","Strike_R","Strike_R","Strike_R","Strike_R","Strike_R","Defend_R","Defend_R+1","Bash","Rampage","Flex+1","Armaments+1","Rampage","Fiend Fire","Sword Boomerang+1","Cleave+1","Flame Barrier","Flex","Twin Strike","Immolate","Flex","Thunderclap","Intimidate"],"special_seed":0,"relics":["Black Blood","Self Forming Clay","Whetstone","Charon\u0027s Ashes","War Paint"],"potions_floor_usage":[20],"damage_taken":[{"damage":6.0,"enemies":"Cultist","floor":1.0,"turns":3.0},{"damage":14.0,"enemies":"Jaw Worm","floor":3.0,"turns":4.0},{"damage":4.0,"enemies":"Small Slimes","floor":5.0,"turns":4.0},{"damage":16.0,"enemies":"Blue Slaver","floor":8.0,"turns":3.0},{"damage":34.0,"enemies":"Gremlin Nob","floor":10.0,"turns":4.0},{"damage":6.0,"enemies":"Looter","floor":11.0,"turns":3.0},{"damage":14.0,"enemies":"3 Sentries","floor":12.0,"turns":5.0},{"damage":9.0,"enemies":"Red Slaver","floor":13.0,"turns":2.0},{"damage":12.0,"enemies":"Exordium Wildlife","floor":14.0,"turns":3.0},{"damage":32.0,"enemies":"The Guardian","floor":16.0,"turns":8.0},{"damage":32.0,"enemies":"Shell Parasite","floor":18.0,"turns":4.0},{"damage":22,"enemies":"2 Thieves","floor":20,"turns":3},{"damage":31,"enemies":"Colosseum Slavers","floor":22,"turns":4},{"damage":19,"enemies":"Colosseum Nobs","floor":22,"turns":2}],"seed_played":"-4557672279031018284","potions_obtained":[{"floor":3.0,"key":"BloodPotion"},{"floor":8.0,"key":"Energy Potion"},{"floor":10.0,"key":"FearPotion"},{"floor":11.0,"key":"AttackPotion"},{"floor":13.0,"key":"Explosive Potion"},{"floor":14.0,"key":"Ancient Potion"},{"floor":18.0,"key":"SteroidPotion"}],"is_trial":false,"path_per_floor":["M","$","M","?","M","R","$","M","T","E","M","E","M","M","R","B",null,"M","$","M","$","?"],"character_chosen":"IRONCLAD","items_purchased":["Flex","Sword Boomerang","War Paint","Thunderclap","Intimidate"],"campfire_rested":1,"item_purchase_floors":[2,7,19,19,21],"current_hp_per_floor":[75,75,67,67,69,69,69,59,59,39,39,31,28,22,46,20,67,45,45,33,33,0],"gold":1,"neow_bonus":"TEN_PERCENT_HP_BONUS","is_prod":false,"is_daily":false,"chose_seed":false,"campfire_upgraded":1,"win_rate":0,"timestamp":1558552245,"path_taken":["M","$","?","?","M","R","$","M","T","E","M","E","M","?","R","BOSS","M","$","M","$","?"],"build_version":"2019-01-23","purchased_purges":1,"victory":false,"max_hp_per_floor":[82,82,82,82,82,82,82,82,82,82,82,82,82,82,82,82,82,82,82,82,82,82],"card_choices":[{"not_picked":["Havoc","Iron Wave"],"picked":"Rampage","floor":1.0},{"not_picked":["Iron Wave","Body Slam"],"picked":"Armaments","floor":3.0},{"not_picked":["Bloodletting","True Grit"],"picked":"Fiend Fire","floor":5.0},{"not_picked":["Pommel Strike","Heavy Blade"],"picked":"Cleave","floor":8.0},{"not_picked":["Wild Strike","Combust"],"picked":"Flame Barrier","floor":10.0},{"not_picked":["Thunderclap","Havoc"],"picked":"Flex","floor":11.0},{"not_picked":["Shrug It Off","Iron Wave","Burning Pact"],"picked":"SKIP","floor":12.0},{"not_picked":["Berserk","Twin Strike","Perfected Strike"],"picked":"SKIP","floor":13.0},{"not_picked":["Feel No Pain","Perfected Strike"],"picked":"Twin Strike","floor":14.0},{"not_picked":["Exhume","Impervious"],"picked":"Immolate","floor":16.0},{"not_picked":["Armaments","Metallicize"],"picked":"Flex","floor":18.0},{"not_picked":["Armaments","Dual Wield","Uppercut"],"picked":"SKIP","floor":20}],"player_experience":893967,"relics_obtained":[{"floor":9.0,"key":"Self Forming Clay"},{"floor":10.0,"key":"Whetstone"},{"floor":12.0,"key":"Charon\u0027s Ashes"}],"event_choices":[{"damage_healed":0.0,"max_hp_gain":0.0,"max_hp_loss":0.0,"gold_gain":0.0,"cards_transformed":["Defend_R"],"event_name":"Transmorgrifier","player_choice":"Transformed","floor":4.0,"gold_loss":0.0,"damage_taken":0.0,"cards_obtained":["Rampage"]},{"damage_healed":0,"gold_gain":0,"player_choice":"Fight","damage_taken":0,"max_hp_gain":0,"max_hp_loss":0,"event_name":"Colosseum","floor":22,"gold_loss":0},{"damage_healed":0,"gold_gain":0,"player_choice":"Fought Nobs","damage_taken":0,"max_hp_gain":0,"max_hp_loss":0,"event_name":"Colosseum","floor":22,"gold_loss":0}],"is_beta":false,"boss_relics":[{"not_picked":["Runic Cube","Black Star"],"picked":"Black Blood"}],"items_purged_floors":[19],"is_endless":false,"potions_floor_spawned":[3,8,10,11,13,14,18],"killed_by":"Colosseum Nobs","ascension_level":20}