{"gold_per_floor":[119,44,44,54,31,58,58,21,93,109,126,126,10,10,10,105,155,171,187,112,112,112,142,156,191,216,216,34,34,68,85,85,185,185,201,218,231,106,106,132,132,92,92,106,125,138,138,155,155,155],"floor_reached":51,"playtime":3113,"items_purged":["Defend_G","Strike_G","Writhe"],"score":1010,"play_id":"16552b69-b060-4a58-8ba9-c79bfeab69f9","local_time":"20181116115032","is_ascension_mode":false,"campfire_choices":[{"data":"Cloak And Dagger","floor":7.0,"key":"SMITH"},{"data":"Blade Dance","floor":12.0,"key":"SMITH"},{"data":"Prepared","floor":15.0,"key":"SMITH"},{"data":"Infinite Blades","floor":29.0,"key":"SMITH"},{"data":"Tools of the Trade","floor":32.0,"key":"SMITH"},{"data":"After Image","floor":41.0,"key":"SMITH"},{"data":"Accuracy","floor":47.0,"key":"SMITH"},{"data":"Cloak And Dagger","floor":49.0,"key":"SMITH"}],"neow_cost":"NONE","seed_source_timestamp":6129866294136,"circlet_count":0,"master_deck":["Defend_G","Defend_G","Defend_G","Defend_G","Strike_G","Strike_G","Survivor","Neutralize+1","Cloak And Dagger+1","Prepared+1","Backflip","Reflex","Blade Dance+1","Accuracy+1","Backstab","Tools of the Trade+1","Backflip","Blade Dance+1","Concentrate","Prepared+1","Corpse Explosion","Cloak And Dagger","Infinite Blades+1","Acrobatics+1","After Image+1","Expertise","Cloak And Dagger+1","Acrobatics+1","Infinite Blades"],"special_seed":0,"relics":["WristBlade","Ornamental Fan","Paper Crane","Meat on the Bone","Tiny House","Bag of Preparation","Ice Cream","Bag of Marbles","Ancient Tea Set","Blood Vial","Busted Crown","Ninja Scroll","Bottled Flame"],"potions_floor_usage":[50,50,50],"damage_taken":[{"damage":2.0,"enemies":"Small Slimes","floor":1.0,"turns":4.0},{"damage":0.0,"enemies":"Cultist","floor":4.0,"turns":3.0},{"damage":42.0,"enemies":"Gremlin Nob","floor":6.0,"turns":6.0},{"damage":1.0,"enemies":"Jaw Worm","floor":10.0,"turns":4.0},{"damage":0.0,"enemies":"Blue Slaver","floor":11.0,"turns":3.0},{"damage":0.0,"enemies":"The Guardian","floor":16.0,"turns":12.0},{"damage":0.0,"enemies":"3 Byrds","floor":18.0,"turns":5.0},{"damage":1.0,"enemies":"Chosen","floor":19.0,"turns":3.0},{"damage":4.0,"enemies":"Book of Stabbing","floor":23.0,"turns":4.0},{"damage":3.0,"enemies":"Centurion and Healer","floor":24.0,"turns":5.0},{"damage":0.0,"enemies":"Slavers","floor":25.0,"turns":4.0},{"damage":0.0,"enemies":"Gremlin Leader","floor":30.0,"turns":5.0},{"damage":0.0,"enemies":"Cultist and Chosen","floor":31.0,"turns":4.0},{"damage":0.0,"enemies":"Collector","floor":33.0,"turns":6.0},{"damage":2.0,"enemies":"Orb Walker","floor":35.0,"turns":3.0},{"damage":0.0,"enemies":"3 Shapes","floor":36.0,"turns":2.0},{"damage":0.0,"enemies":"Transient","floor":37.0,"turns":5.0},{"damage":5.0,"enemies":"Nemesis","floor":40.0,"turns":5.0},{"damage":0.0,"enemies":"Sphere and 2 Shapes","floor":44.0,"turns":3.0},{"damage":0.0,"enemies":"Jaw Worm Horde","floor":45.0,"turns":3.0},{"damage":0.0,"enemies":"Transient","floor":46.0,"turns":5.0},{"damage":0.0,"enemies":"4 Shapes","floor":48.0,"turns":1.0},{"damage":0,"enemies":"Donu and Deca","floor":50,"turns":7}],"seed_played":"-623064394849733281","potions_obtained":[{"floor":4.0,"key":"Dexterity Potion"},{"floor":6.0,"key":"GamblersBrew"},{"floor":10.0,"key":"SneckoOil"},{"floor":17.0,"key":"SmokeBomb"},{"floor":19.0,"key":"SkillPotion"},{"floor":23.0,"key":"PowerPotion"},{"floor":30.0,"key":"GamblersBrew"},{"floor":37.0,"key":"Ancient Potion"},{"floor":44.0,"key":"EssenceOfSteel"},{"floor":46.0,"key":"Energy Potion"},{"floor":48.0,"key":"SteroidPotion"}],"is_trial":false,"path_per_floor":["M","$","?","M","$","E","R","$","T","M","M","R","$","?","R","B",null,"M","M","?","?","?","E","M","E","T","?","$","R","E","M","R","B",null,"M","M","M","$","?","E","R","$","T","M","M","M","R","M","R","B",null],"character_chosen":"THE_SILENT","items_purchased":["Prepared","Reflex","Accuracy","Backstab","Infinite Blades","Infinite Blades"],"campfire_rested":0,"item_purchase_floors":[5,8,13,13,28,42],"current_hp_per_floor":[68,68,68,68,68,26,26,26,26,37,37,37,37,37,37,37,75,75,74,74,74,74,70,67,67,67,67,67,67,67,69,69,71,75,73,75,75,75,75,70,70,70,70,72,74,75,75,75,75,75],"gold":155,"neow_bonus":"BOSS_RELIC","is_prod":false,"is_daily":false,"chose_seed":false,"campfire_upgraded":8,"win_rate":0,"timestamp":1542340232,"path_taken":["M","$","?","M","?","E","R","$","T","?","M","R","$","?","R","BOSS","M","?","?","?","?","E","M","E","T","?","$","R","E","M","R","BOSS","M","M","M","$","?","E","R","$","T","M","M","M","R","M","R","BOSS"],"build_version":"2018-11-15","purchased_purges":3,"victory":true,"max_hp_per_floor":[70,70,70,70,70,70,70,70,70,70,70,70,70,70,70,70,75,75,75,75,75,75,75,75,75,75,75,75,75,75,75,75,75,75,75,75,75,75,75,75,75,75,75,75,75,75,75,75,75,75],"card_choices":[{"not_picked":["Deflect","All Out Attack"],"picked":"Backflip","floor":1.0},{"not_picked":["Bane","Finisher"],"picked":"Cloak And Dagger","floor":4.0},{"not_picked":["Dash","Deflect"],"picked":"Backflip","floor":6.0},{"not_picked":["Flying Knee","Sucker Punch","Dodge and Roll"],"picked":"SKIP","floor":10.0},{"not_picked":["Reflex","Dodge and Roll"],"picked":"Blade Dance","floor":11.0},{"not_picked":["Doppelganger","Die Die Die"],"picked":"Tools of the Trade","floor":16.0},{"not_picked":["Deadly Poison","Sucker Punch"],"picked":"Backflip","floor":17.0},{"not_picked":["Noxious Fumes","Dagger Throw"],"picked":"Blade Dance+1","floor":18.0},{"not_picked":["Dagger Spray","Choke+1"],"picked":"Finisher","floor":19.0},{"not_picked":["Finisher","Tools of the Trade"],"picked":"Concentrate","floor":23.0},{"not_picked":["Choke","Dodge and Roll"],"picked":"Prepared+1","floor":24.0},{"not_picked":["Grand Finale","Caltrops"],"picked":"Corpse Explosion","floor":25.0},{"not_picked":["Slice","Noxious Fumes+1"],"picked":"Acrobatics+1","floor":30.0},{"not_picked":["Crippling Poison","Flechettes","Catalyst"],"picked":"SKIP","floor":31.0},{"not_picked":["Glass Knife","Tools of the Trade"],"picked":"After Image","floor":33.0},{"not_picked":[],"picked":"Expertise","floor":35.0},{"not_picked":[],"picked":"Cloak And Dagger","floor":36.0},{"not_picked":["Quick Slash+1"],"picked":"SKIP","floor":37.0},{"not_picked":[],"picked":"Acrobatics+1","floor":40.0},{"not_picked":["Skewer"],"picked":"SKIP","floor":44.0},{"not_picked":["Quick Slash"],"picked":"SKIP","floor":45.0},{"not_picked":["Setup+1"],"picked":"SKIP","floor":46.0},{"not_picked":["Quick Slash+1"],"picked":"SKIP","floor":48.0}],"player_experience":444425,"relics_obtained":[{"floor":6.0,"key":"Paper Crane"},{"floor":9.0,"key":"Meat on the Bone"},{"floor":23.0,"key":"Ice Cream"},{"floor":25.0,"key":"Bag of Marbles"},{"floor":26.0,"key":"Ancient Tea Set"},{"floor":30.0,"key":"Blood Vial"},{"floor":40.0,"key":"Ninja Scroll"},{"floor":43.0,"key":"Bottled Flame"}],"event_choices":[{"cards_removed":["Backflip"],"damage_healed":0.0,"max_hp_gain":0.0,"max_hp_loss":0.0,"gold_gain":0.0,"event_name":"WeMeetAgain","player_choice":"Gave Card","floor":3.0,"gold_loss":0.0,"damage_taken":0.0,"relics_obtained":["Ornamental Fan"]},{"cards_removed":["Strike_G"],"damage_healed":0.0,"max_hp_gain":0.0,"max_hp_loss":0.0,"gold_gain":0.0,"event_name":"Bonfire Elementals","player_choice":"Offered Basic","floor":14.0,"gold_loss":0.0,"damage_taken":0.0},{"cards_removed":["Strike_G"],"damage_healed":0.0,"max_hp_gain":0.0,"max_hp_loss":0.0,"gold_gain":0.0,"event_name":"Beggar","player_choice":"Gave Gold","floor":20.0,"gold_loss":75.0,"damage_taken":0.0},{"damage_healed":0.0,"max_hp_gain":0.0,"max_hp_loss":0.0,"gold_gain":0.0,"event_name":"The Mausoleum","player_choice":"Opened","floor":21.0,"gold_loss":0.0,"damage_taken":0.0,"relics_obtained":["Bag of Preparation"],"cards_obtained":["Writhe"]},{"damage_healed":0.0,"max_hp_gain":0.0,"max_hp_loss":0.0,"gold_gain":0.0,"event_name":"Ghosts","player_choice":"Ignored","floor":22.0,"gold_loss":0.0,"damage_taken":0.0},{"damage_healed":0.0,"max_hp_gain":0.0,"max_hp_loss":0.0,"gold_gain":0.0,"event_name":"The Library","player_choice":"Read","floor":27.0,"gold_loss":0.0,"damage_taken":0.0,"cards_obtained":["Cloak And Dagger"]},{"cards_removed":["Finisher"],"damage_healed":0.0,"max_hp_gain":0.0,"max_hp_loss":0.0,"gold_gain":0.0,"event_name":"Falling","player_choice":"Removed Attack","floor":39.0,"gold_loss":0.0,"damage_taken":0.0}],"is_beta":false,"boss_relics":[{"not_picked":["Snecko Eye","Velvet Choker"],"picked":"Tiny House"},{"not_picked":["Black Star","White Beast Statue"],"picked":"Busted Crown"}],"items_purged_floors":[2,28,38],"is_endless":false,"potions_floor_spawned":[4,6,10,19,23,30,37,44,46,48],"ascension_level":0}