{"gold_per_floor":[119,137,157,168,41,41,59,59,115,129,129,164,89,124,124,197,197,211,49,66,66],"floor_reached":21,"playtime":660,"items_purged":["Defend_R","Defend_R"],"score":389,"play_id":"14c5e811-144f-4b46-827e-985520e957a0","local_time":"20181003002511","is_ascension_mode":true,"campfire_choices":[{"data":"Flex","floor":6.0,"key":"SMITH"},{"data":"Flex","floor":8.0,"key":"SMITH"},{"data":"Flex","floor":11.0,"key":"SMITH"},{"data":"Sword Boomerang","floor":15.0,"key":"SMITH"}],"neow_cost":"","seed_source_timestamp":0,"circlet_count":0,"master_deck":["Strike_R","Strike_R","Strike_R","Strike_R","Strike_R","Defend_R","Bash","AscendersBane","Flex+1","Headbutt","Flex+1","Sword Boomerang+1","Flex+1","Disarm","Bludgeon","Reaper","Pommel Strike","Sword Boomerang"],"special_seed":0,"relics":["Burning Blood","Tiny Chest","Juzu Bracelet","Oddly Smooth Stone","Philosopher\u0027s Stone"],"potions_floor_usage":[],"damage_taken":[{"damage":1.0,"enemies":"Cultist","floor":1.0,"turns":3.0},{"damage":3.0,"enemies":"2 Louse","floor":2.0,"turns":3.0},{"damage":3.0,"enemies":"Small Slimes","floor":3.0,"turns":4.0},{"damage":16.0,"enemies":"Blue Slaver","floor":4.0,"turns":4.0},{"damage":6.0,"enemies":"Looter","floor":7.0,"turns":2.0},{"damage":13.0,"enemies":"Large Slime","floor":10.0,"turns":5.0},{"damage":21.0,"enemies":"3 Sentries","floor":12.0,"turns":6.0},{"damage":0.0,"enemies":"Gremlin Nob","floor":14.0,"turns":2.0},{"damage":43.0,"enemies":"The Guardian","floor":16.0,"turns":8.0},{"damage":34.0,"enemies":"2 Thieves","floor":18.0,"turns":4.0},{"damage":40.0,"enemies":"Shell Parasite","floor":20.0,"turns":4.0},{"damage":0,"enemies":"Centurion and Healer","floor":21,"turns":1}],"seed_played":"-961090030968532521","potions_obtained":[{"floor":2.0,"key":"Fire Potion"},{"floor":3.0,"key":"PowerPotion"},{"floor":18.0,"key":"Dexterity Potion"}],"is_trial":false,"path_per_floor":["M","M","M","M","$","R","M","R","T","M","R","E","?","E","R","B",null,"M","$","M"],"character_chosen":"IRONCLAD","items_purchased":["Sword Boomerang","Pommel Strike"],"campfire_rested":0,"item_purchase_floors":[5,19],"current_hp_per_floor":[73,75,75,65,65,65,65,65,65,58,58,43,43,49,49,12,59,37,37,11,11],"gold":66,"neow_bonus":"","is_prod":false,"is_daily":false,"chose_seed":false,"campfire_upgraded":4,"win_rate":0,"timestamp":1538519111,"path_taken":["M","M","M","M","$","R","M","R","T","?","R","E","?","E","R","BOSS","M","$","M","M"],"build_version":"2018-10-01","purchased_purges":2,"victory":false,"max_hp_per_floor":[75,75,75,75,75,75,75,75,75,75,75,75,75,75,75,75,75,75,75,75,75],"card_choices":[{"not_picked":["Clash","Anger"],"picked":"Flex","floor":1.0},{"not_picked":["Warcry","Clash"],"picked":"Headbutt","floor":2.0},{"not_picked":["Shockwave","Evolve"],"picked":"Flex","floor":3.0},{"not_picked":["Wild Strike","Armaments","Clash"],"picked":"SKIP","floor":4.0},{"not_picked":["Clash","Thunderclap"],"picked":"Flex","floor":7.0},{"not_picked":["Sentinel","Feel No Pain"],"picked":"Disarm","floor":10.0},{"not_picked":["Dropkick","Burning Pact"],"picked":"Bludgeon","floor":12.0},{"not_picked":["Feel No Pain","Carnage","Iron Wave"],"picked":"SKIP","floor":14.0},{"not_picked":["Berserk","Barricade"],"picked":"Reaper","floor":16.0},{"not_picked":["Flex","Iron Wave","Burning Pact"],"picked":"SKIP","floor":18.0},{"not_picked":["Havoc","Thunderclap"],"picked":"Sword Boomerang","floor":20}],"player_experience":662662,"relics_obtained":[{"floor":9.0,"key":"Tiny Chest"},{"floor":12.0,"key":"Juzu Bracelet"},{"floor":14.0,"key":"Oddly Smooth Stone"}],"event_choices":[{"event_name":"The Cleric","player_choice":"Card Removal","floor":13.0,"damage_taken":0.0}],"is_beta":true,"boss_relics":[{"not_picked":["Runic Dome","Orrery"],"picked":"Philosopher\u0027s Stone"}],"items_purged_floors":[5,19],"is_endless":false,"potions_floor_spawned":[2,3,10,18],"killed_by":"Centurion and Healer","ascension_level":16}