{"gold_per_floor":[118,118,43,53,3,28,28,43,43,43,56,66,66,86,86,185,185,195,48,58,58,68,68,101,101,101,101,2,2,2,2,2,106,106,117,117,135,185,185,185,218,218,218,230,230,276,276,276,276,276],"floor_reached":51,"playtime":2036,"items_purged":["Doubt","Strike_B"],"score":1076,"play_id":"f3cf6bf4-33a1-4f1d-98ab-0bb867953839","local_time":"20191023224424","is_ascension_mode":true,"campfire_choices":[{"data":"Zap","floor":7.0,"key":"SMITH"},{"data":"Genetic Algorithm","floor":10.0,"key":"SMITH"},{"data":"1","floor":15.0,"key":"LIFT"},{"data":"2","floor":23.0,"key":"LIFT"},{"data":"3","floor":27.0,"key":"LIFT"},{"data":"Machine Learning","floor":29.0,"key":"SMITH"},{"floor":32.0,"key":"REST"},{"data":"Reboot","floor":40.0,"key":"SMITH"},{"data":"Sunder","floor":42.0,"key":"SMITH"},{"data":"Dualcast","floor":45.0,"key":"SMITH"},{"data":"Rip and Tear","floor":49.0,"key":"SMITH"}],"neow_cost":"CURSE","seed_source_timestamp":11557855711374,"circlet_count":0,"master_deck":["AscendersBane","Strike_B","Strike_B","Defend_B","Defend_B","Defend_B","Zap+1","Dualcast+1","Gash","FTL","Genetic Algorithm+1","Compile Driver","Rebound","Machine Learning+1","Gash","Cold Snap+1","Gash","Stack","Rip and Tear+1","Reboot+1","Compile Driver","Sunder+1"],"special_seed":0,"relics":["Cracked Core","Nunchaku","Symbiotic Virus","Girya","HornCleat","Odd Mushroom","Inserter","Red Mask","Ornamental Fan","MutagenicStrength","Runic Pyramid","Du-Vu Doll","Shuriken","Gremlin Horn","Bird Faced Urn"],"potions_floor_usage":[50,50,50,50,50,50],"damage_taken":[{"damage":6.0,"enemies":"Cultist","floor":1.0,"turns":4.0},{"damage":11.0,"enemies":"Small Slimes","floor":4.0,"turns":3.0},{"damage":16.0,"enemies":"Gremlin Nob","floor":6.0,"turns":3.0},{"damage":12.0,"enemies":"Jaw Worm","floor":8.0,"turns":2.0},{"damage":2.0,"enemies":"3 Louse","floor":11.0,"turns":3.0},{"damage":7.0,"enemies":"2 Fungi Beasts","floor":12.0,"turns":3.0},{"damage":0.0,"enemies":"The Mushroom Lair","floor":14.0,"turns":3.0},{"damage":0.0,"enemies":"Slime Boss","floor":16.0,"turns":6.0},{"damage":13.0,"enemies":"Spheric Guardian","floor":18.0,"turns":4.0},{"damage":7.0,"enemies":"Shell Parasite","floor":20.0,"turns":4.0},{"damage":14.0,"enemies":"Centurion and Healer","floor":22.0,"turns":3.0},{"damage":21.0,"enemies":"Masked Bandits","floor":24.0,"turns":4.0},{"damage":35.0,"enemies":"Collector","floor":33.0,"turns":8.0},{"damage":3.0,"enemies":"3 Shapes","floor":35.0,"turns":3.0},{"damage":1.0,"enemies":"Orb Walker","floor":37.0,"turns":3.0},{"damage":0.0,"enemies":"Mind Bloom Boss Battle","floor":38.0,"turns":5.0},{"damage":26.0,"enemies":"Reptomancer","floor":41.0,"turns":5.0},{"damage":0.0,"enemies":"3 Darklings","floor":44.0,"turns":3.0},{"damage":7.0,"enemies":"2 Orb Walkers","floor":46.0,"turns":2.0},{"damage":41,"enemies":"Awakened One","floor":50,"turns":7}],"seed_played":"8012552556090084306","potions_obtained":[{"floor":4.0,"key":"EssenceOfDarkness"},{"floor":11.0,"key":"Explosive Potion"},{"floor":12.0,"key":"SkillPotion"},{"floor":14.0,"key":"PowerPotion"},{"floor":18.0,"key":"DistilledChaos"},{"floor":37.0,"key":"Fire Potion"},{"floor":41.0,"key":"EntropicBrew"},{"floor":46.0,"key":"LiquidMemories"}],"is_trial":false,"path_per_floor":["M","T","$","M","?","E","R","M","T","R","M","M","?","?","R","B",null,"M","$","M","?","M","R","?","?","T","R","$","R","?","?","R","B",null,"M","?","M","?","?","R","E","R","T","M","R","?","?","?","R","B",null],"character_chosen":"DEFECT","items_purchased":["Gash","Stack","Rip and Tear"],"campfire_rested":1,"item_purchase_floors":[19,28,28],"current_hp_per_floor":[62,62,62,51,51,35,35,23,23,23,21,14,39,39,39,39,66,53,53,46,71,57,57,36,36,36,36,36,36,36,36,58,23,62,59,59,58,58,58,58,32,32,32,32,32,25,44,44,44,5],"gold":276,"neow_bonus":"ONE_RARE_RELIC","is_prod":false,"is_daily":false,"chose_seed":false,"campfire_upgraded":7,"win_rate":0,"timestamp":1571838264,"path_taken":["M","?","$","M","?","E","R","M","T","R","M","M","?","?","R","BOSS","M","$","M","?","M","R","?","?","T","R","?","R","?","?","R","BOSS","M","?","M","?","?","R","E","R","T","?","R","?","?","?","R","BOSS"],"build_version":"2019-10-22","purchased_purges":2,"victory":true,"max_hp_per_floor":[75,75,75,75,75,75,75,75,75,75,75,75,75,75,75,75,75,75,75,75,75,75,75,75,75,75,75,75,75,75,75,75,75,75,75,75,75,75,75,75,75,75,75,75,75,75,75,75,75,75],"card_choices":[{"not_picked":["Chill","Conserve Battery"],"picked":"Gash","floor":1.0},{"not_picked":["Barrage","Force Field"],"picked":"FTL","floor":4.0},{"not_picked":["Consume","Melter","Steam"],"picked":"SKIP","floor":6.0},{"not_picked":["Double Energy","Compile Driver"],"picked":"Genetic Algorithm","floor":8.0},{"not_picked":["White Noise","Chill"],"picked":"Compile Driver","floor":11.0},{"not_picked":["Stack","Redo","Steam Power"],"picked":"SKIP","floor":12.0},{"not_picked":["Barrage","Cold Snap"],"picked":"Rebound","floor":14.0},{"not_picked":["Creative AI","Multi-Cast"],"picked":"Machine Learning","floor":16.0},{"not_picked":["Double Energy","Steam+1","Reprogram"],"picked":"SKIP","floor":18.0},{"not_picked":["Fusion","Conserve Battery"],"picked":"Cold Snap+1","floor":20.0},{"not_picked":["Ball Lightning","Barrage"],"picked":"Coolheaded+1","floor":22.0},{"not_picked":["Consume","Coolheaded"],"picked":"Gash","floor":24.0},{"not_picked":["Creative AI","Multi-Cast"],"picked":"Reboot","floor":33.0},{"not_picked":["Melter+1","Streamline+1"],"picked":"Compile Driver","floor":35.0},{"not_picked":["Force Field+1","Hologram","Conserve Battery+1"],"picked":"SKIP","floor":37.0},{"not_picked":["Buffer","Redo"],"picked":"Sunder","floor":41.0},{"not_picked":["Ball Lightning","Chill","Redo"],"picked":"SKIP","floor":44.0}],"player_experience":635586,"relics_obtained":[{"floor":2.0,"key":"Symbiotic Virus"},{"floor":6.0,"key":"Girya"},{"floor":9.0,"key":"HornCleat"},{"floor":14.0,"key":"Odd Mushroom"},{"floor":24.0,"key":"Red Mask"},{"floor":26.0,"key":"Ornamental Fan"},{"floor":38.0,"key":"Du-Vu Doll"},{"floor":41.0,"key":"Shuriken"},{"floor":43.0,"key":"Gremlin Horn"},{"floor":46.0,"key":"Bird Faced Urn"}],"event_choices":[{"cards_removed":["Defend_B"],"damage_healed":0.0,"max_hp_gain":0.0,"max_hp_loss":0.0,"gold_gain":0.0,"event_name":"The Cleric","player_choice":"Card Removal","floor":5.0,"gold_loss":50.0,"damage_taken":0.0},{"damage_healed":25.0,"max_hp_gain":0.0,"max_hp_loss":0.0,"gold_gain":0.0,"event_name":"Big Fish","player_choice":"Banana","floor":13.0,"gold_loss":0.0,"damage_taken":0.0},{"damage_healed":0.0,"max_hp_gain":0.0,"max_hp_loss":0.0,"gold_gain":0.0,"event_name":"Mushrooms","player_choice":"Fought Mushrooms","floor":14.0,"gold_loss":0.0,"damage_taken":0.0},{"damage_healed":25.0,"max_hp_gain":0.0,"max_hp_loss":0.0,"gold_gain":0.0,"event_name":"The Library","player_choice":"Heal","floor":21.0,"gold_loss":0.0,"damage_taken":0.0},{"damage_healed":0.0,"max_hp_gain":0.0,"max_hp_loss":0.0,"gold_gain":0.0,"event_name":"Masked Bandits","player_choice":"Fought Bandits","floor":24.0,"gold_loss":0.0,"damage_taken":0.0},{"damage_healed":0.0,"max_hp_gain":0.0,"max_hp_loss":0.0,"gold_gain":0.0,"event_name":"Ghosts","player_choice":"Ignored","floor":25.0,"gold_loss":0.0,"damage_taken":0.0},{"cards_removed":["Strike_B"],"damage_healed":0.0,"max_hp_gain":0.0,"max_hp_loss":0.0,"gold_gain":0.0,"event_name":"Back to Basics","player_choice":"Elegance","floor":30.0,"gold_loss":0.0,"damage_taken":0.0},{"damage_healed":0.0,"max_hp_gain":0.0,"max_hp_loss":0.0,"gold_gain":0.0,"event_name":"Drug Dealer","player_choice":"Inject Mutagens","floor":31.0,"gold_loss":0.0,"damage_taken":0.0,"relics_obtained":["MutagenicStrength"]},{"cards_removed":["Coolheaded"],"damage_healed":0.0,"max_hp_gain":0.0,"max_hp_loss":0.0,"gold_gain":0.0,"event_name":"Falling","player_choice":"Removed Skill","floor":36.0,"gold_loss":0.0,"damage_taken":0.0},{"damage_healed":0.0,"max_hp_gain":0.0,"max_hp_loss":0.0,"gold_gain":0.0,"event_name":"MindBloom","player_choice":"Fight","floor":38.0,"gold_loss":0.0,"damage_taken":0.0},{"damage_healed":0.0,"max_hp_gain":0.0,"max_hp_loss":0.0,"gold_gain":0.0,"event_name":"Match and Keep!","player_choice":"0 cards matched","floor":39.0,"gold_loss":0.0,"damage_taken":0.0,"cards_obtained":[]},{"damage_healed":0.0,"max_hp_gain":0.0,"max_hp_loss":0.0,"gold_gain":0.0,"event_name":"Match and Keep!","player_choice":"0 cards matched","floor":39.0,"gold_loss":0.0,"damage_taken":0.0,"cards_obtained":[]},{"damage_healed":0.0,"max_hp_gain":0.0,"max_hp_loss":0.0,"gold_gain":0.0,"event_name":"Mysterious Sphere","player_choice":"Fight","floor":46.0,"gold_loss":0.0,"damage_taken":0.0},{"damage_healed":19.0,"max_hp_gain":0.0,"max_hp_loss":0.0,"gold_gain":0.0,"event_name":"Winding Halls","player_choice":"Writhe","floor":47.0,"gold_loss":0.0,"damage_taken":0.0,"cards_obtained":["Writhe"]},{"cards_removed":["Writhe"],"damage_healed":0.0,"max_hp_gain":0.0,"max_hp_loss":0.0,"gold_gain":0.0,"event_name":"Purifier","player_choice":"Purged","floor":48.0,"gold_loss":0.0,"damage_taken":0.0}],"is_beta":true,"boss_relics":[{"not_picked":["Runic Dome","Snecko Eye"],"picked":"Inserter"},{"not_picked":["Sozu","Coffee Dripper"],"picked":"Runic Pyramid"}],"items_purged_floors":[3,19],"is_endless":false,"potions_floor_spawned":[4,11,12,14,18,37,41,46],"ascension_level":10}