{"gold_per_floor":[109,122,122,141,44,103,117,146,146,162,179,179,179,191,191,191],"floor_reached":16,"playtime":1076,"items_purged":["Strike_R"],"score":114,"play_id":"68c8ab65-3732-482c-b01b-863d5030fd93","local_time":"20190124020513","is_ascension_mode":false,"campfire_choices":[{"floor":12,"key":"RECALL"},{"data":"Corruption","floor":15,"key":"SMITH"}],"neow_cost":"NONE","seed_source_timestamp":15667761969553,"circlet_count":0,"master_deck":["Strike_R","Strike_R","Strike_R","Strike_R","Defend_R","Defend_R","Defend_R","Defend_R","Bash","Corruption+1","Infernal Blade","Thunderclap","Clash","Flame Barrier","Warcry"],"relics":["Burning Blood","Centennial Puzzle","NlothsMask","Tiny Chest","Mercury Hourglass"],"potions_floor_usage":[6,6,14,16],"damage_taken":[{"damage":9,"enemies":"Small Slimes","floor":1,"turns":4},{"damage":1,"enemies":"Cultist","floor":2,"turns":3},{"damage":6,"enemies":"Jaw Worm","floor":4,"turns":4},{"damage":9,"enemies":"3 Sentries","floor":6,"turns":6},{"damage":18,"enemies":"Large Slime","floor":7,"turns":7},{"damage":28,"enemies":"Gremlin Nob","floor":8,"turns":4},{"damage":3,"enemies":"Gremlin Gang","floor":10,"turns":3},{"damage":2,"enemies":"Blue Slaver","floor":11,"turns":3},{"damage":6,"enemies":"Large Slime","floor":14,"turns":4},{"damage":50,"enemies":"The Guardian","floor":16,"turns":14}],"seed_played":"6492915118873630986","potions_obtained":[{"floor":1,"key":"SkillPotion"},{"floor":2,"key":"Block Potion"},{"floor":4,"key":"AttackPotion"},{"floor":10,"key":"Swift Potion"},{"floor":11,"key":"Ancient Potion"}],"is_trial":false,"path_per_floor":["M","M","?","M","$","E","M","E","T","M","M","R","$","M","R","B"],"character_chosen":"IRONCLAD","items_purchased":["Thunderclap"],"campfire_rested":0,"item_purchase_floors":[5],"current_hp_per_floor":[77,80,80,80,80,77,65,43,43,46,50,50,50,50,50,0],"gold":191,"neow_bonus":"RANDOM_COMMON_RELIC","is_prod":false,"is_daily":false,"chose_seed":false,"campfire_upgraded":1,"win_rate":0,"timestamp":1548266713,"path_taken":["M","M","?","M","$","E","M","E","T","M","?","R","$","M","R","BOSS"],"build_version":"2019-01-17v2","purchased_purges":1,"victory":false,"max_hp_per_floor":[80,80,80,80,80,80,80,80,80,80,80,80,80,80,80,80],"card_choices":[{"not_picked":["Ghostly Armor","Dual Wield"],"picked":"Corruption","floor":1},{"not_picked":["Rupture","Sword Boomerang"],"picked":"Infernal Blade","floor":2},{"not_picked":["Inflame","Heavy Blade","Entrench"],"picked":"SKIP","floor":4},{"not_picked":["Uppercut","Dropkick","Anger"],"picked":"SKIP","floor":6},{"not_picked":["Body Slam","Inflame"],"picked":"Clash","floor":7},{"not_picked":["Immolate","Fire Breathing","Reckless Charge"],"picked":"SKIP","floor":8},{"not_picked":["Headbutt","Carnage","Rupture"],"picked":"SKIP","floor":10},{"not_picked":["Headbutt","Carnage","Rupture"],"picked":"SKIP","floor":10},{"not_picked":["Pommel Strike","Anger"],"picked":"Flame Barrier","floor":11},{"not_picked":["Sword Boomerang","Perfected Strike"],"picked":"Warcry","floor":14}],"player_experience":460818,"relics_obtained":[{"floor":6,"key":"Tiny Chest"},{"floor":8,"key":"Mercury Hourglass"}],"event_choices":[{"damage_healed":0,"gold_gain":0,"player_choice":"Trade","damage_taken":0,"relics_obtained":["NlothsMask"],"max_hp_gain":0,"max_hp_loss":0,"event_name":"FaceTrader","floor":3,"gold_loss":0}],"is_beta":false,"boss_relics":[],"items_purged_floors":[5],"is_endless":false,"potions_floor_spawned":[1,2,4,10,11],"killed_by":"The Guardian","ascension_level":0}