{"gold_per_floor":[111,111,111,128,142,142,168,188,188,188,113,113,113,133,133,238,238,257,268,193,193,108,108,108,108,108,126,155,155,174,25,25,25],"floor_reached":33,"playtime":1118,"items_purged":["Defend_G"],"score":395,"play_id":"74d3ad84-22c9-4d90-ab46-48030174e5da","local_time":"20191020202822","is_ascension_mode":true,"campfire_choices":[{"data":"Dagger Spray","floor":6.0,"key":"SMITH"},{"data":"Dagger Spray","floor":13.0,"key":"SMITH"},{"floor":15.0,"key":"REST"},{"data":"Riddle With Holes","floor":23.0,"key":"SMITH"},{"floor":29,"key":"REST"},{"floor":32,"key":"REST"}],"neow_cost":"NONE","seed_source_timestamp":26668923506891,"circlet_count":0,"master_deck":["AscendersBane","Defend_G","Defend_G","Defend_G","Defend_G+1","Survivor+1","Neutralize+1","Dagger Spray+1","Prepared","Dagger Spray+1","Deadly Poison","Riddle With Holes+1","Well Laid Plans","Deadly Poison","Crippling Poison","Quick Slash+1","Bouncing Flask"],"special_seed":0,"relics":["Busted Crown","Toy Ornithopter","Bronze Scales","Empty Cage","Darkstone Periapt","Sundial","Molten Egg 2","TwistedFunnel"],"potions_floor_usage":[28,30],"damage_taken":[{"damage":0.0,"enemies":"Jaw Worm","floor":1.0,"turns":5.0},{"damage":0.0,"enemies":"Cultist","floor":4.0,"turns":5.0},{"damage":1.0,"enemies":"Small Slimes","floor":5.0,"turns":3.0},{"damage":10.0,"enemies":"3 Sentries","floor":7.0,"turns":5.0},{"damage":0.0,"enemies":"Blue Slaver","floor":8.0,"turns":3.0},{"damage":11.0,"enemies":"Looter","floor":14.0,"turns":2.0},{"damage":14.0,"enemies":"The Guardian","floor":16.0,"turns":11.0},{"damage":22.0,"enemies":"2 Thieves","floor":18.0,"turns":4.0},{"damage":0.0,"enemies":"3 Byrds","floor":19.0,"turns":4.0},{"damage":21.0,"enemies":"3 Cultists","floor":27.0,"turns":4.0},{"damage":6,"enemies":"Gremlin Leader","floor":28,"turns":6},{"damage":11,"enemies":"Sentry and Sphere","floor":30,"turns":3},{"damage":58,"enemies":"Automaton","floor":33,"turns":6}],"seed_played":"-5683766789898480088","potions_obtained":[{"floor":5.0,"key":"AttackPotion"},{"floor":8.0,"key":"Weak Potion"},{"floor":14.0,"key":"LiquidBronze"},{"floor":19.0,"key":"FearPotion"},{"floor":28,"key":"Explosive Potion"}],"is_trial":false,"path_per_floor":["M","?","?","M","M","R","E","M","T","?","$","?","R","M","R","B",null,"M","M","?","?","?","R","?","?","T","M","E","R","M","$","R","B"],"character_chosen":"THE_SILENT","items_purchased":["TwistedFunnel"],"campfire_rested":3,"item_purchase_floors":[31],"current_hp_per_floor":[63,63,63,63,62,62,52,52,52,38,38,38,38,27,48,39,62,40,40,40,40,40,40,40,40,40,19,18,39,33,33,54,0],"gold":25,"neow_bonus":"BOSS_RELIC","is_prod":false,"is_daily":false,"chose_seed":false,"campfire_upgraded":3,"win_rate":0,"timestamp":1571570902,"path_taken":["M","?","?","M","M","R","E","?","T","?","?","?","R","?","R","BOSS","M","M","?","?","?","R","?","?","T","M","E","R","?","?","R","BOSS"],"build_version":"2019-10-18","purchased_purges":1,"victory":false,"max_hp_per_floor":[70,70,70,70,70,70,70,70,70,70,70,70,70,70,70,70,70,70,70,70,70,70,70,70,70,70,70,70,70,70,70,70,70],"card_choices":[{"not_picked":[],"picked":"Dagger Spray","floor":1.0},{"not_picked":[],"picked":"Dagger Spray","floor":4.0},{"not_picked":[],"picked":"Deadly Poison","floor":5.0},{"not_picked":[],"picked":"Riddle With Holes","floor":7.0},{"not_picked":["Well Laid Plans"],"picked":"SKIP","floor":8.0},{"not_picked":["Well Laid Plans"],"picked":"SKIP","floor":8.0},{"not_picked":[],"picked":"Well Laid Plans","floor":8.0},{"not_picked":["Flying Knee"],"picked":"SKIP","floor":14.0},{"not_picked":[],"picked":"Deadly Poison","floor":18.0},{"not_picked":["Endless Agony"],"picked":"SKIP","floor":19.0},{"not_picked":["PiercingWail"],"picked":"SKIP","floor":27.0},{"not_picked":[],"picked":"Quick Slash+1","floor":28},{"not_picked":[],"picked":"Bouncing Flask","floor":30}],"player_experience":613170,"relics_obtained":[{"floor":7.0,"key":"Toy Ornithopter"},{"floor":9.0,"key":"Bronze Scales"},{"floor":26.0,"key":"Sundial"},{"floor":28,"key":"Molten Egg 2"}],"event_choices":[{"damage_healed":0.0,"max_hp_gain":0.0,"max_hp_loss":0.0,"gold_gain":0.0,"event_name":"Living Wall","player_choice":"Grow","floor":2.0,"gold_loss":0.0,"damage_taken":0.0,"cards_upgraded":["Neutralize"]},{"damage_healed":0.0,"max_hp_gain":0.0,"max_hp_loss":0.0,"gold_gain":0.0,"cards_transformed":["Strike_G"],"event_name":"Transmorgrifier","player_choice":"Transformed","floor":3.0,"gold_loss":0.0,"damage_taken":0.0,"cards_obtained":["Prepared"]},{"damage_healed":0.0,"max_hp_gain":0.0,"max_hp_loss":0.0,"gold_gain":0.0,"event_name":"Shining Light","player_choice":"Entered Light","floor":10.0,"gold_loss":0.0,"damage_taken":14.0,"cards_upgraded":["Survivor","Defend_G"]},{"damage_healed":0.0,"max_hp_gain":0.0,"max_hp_loss":0.0,"gold_gain":0.0,"event_name":"The Woman in Blue","player_choice":"Bought 0 Potions","floor":12.0,"gold_loss":0.0,"damage_taken":0.0},{"cards_removed":["Strike_G"],"damage_healed":0.0,"max_hp_gain":0.0,"max_hp_loss":0.0,"gold_gain":0.0,"event_name":"Beggar","player_choice":"Gave Gold","floor":20.0,"gold_loss":75.0,"damage_taken":0.0},{"damage_healed":0.0,"max_hp_gain":0.0,"max_hp_loss":0.0,"gold_gain":0.0,"event_name":"Vampires","player_choice":"Ignored","floor":21.0,"gold_loss":0.0,"damage_taken":0.0},{"damage_healed":0.0,"max_hp_gain":0.0,"max_hp_loss":0.0,"gold_gain":0.0,"event_name":"Addict","player_choice":"Obtained Relic","floor":22.0,"gold_loss":85.0,"damage_taken":0.0,"relics_obtained":["Darkstone Periapt"]},{"damage_healed":0.0,"max_hp_gain":0.0,"max_hp_loss":0.0,"gold_gain":0.0,"event_name":"The Library","player_choice":"Read","floor":24.0,"gold_loss":0.0,"damage_taken":0.0,"cards_obtained":["Crippling Poison"]},{"cards_removed":["Strike_G"],"damage_healed":0.0,"max_hp_gain":0.0,"max_hp_loss":0.0,"gold_gain":0.0,"event_name":"Purifier","player_choice":"Purged","floor":25.0,"gold_loss":0.0,"damage_taken":0.0}],"is_beta":true,"boss_relics":[{"not_picked":["Snecko Eye","SacredBark"],"picked":"Empty Cage"}],"items_purged_floors":[11],"is_endless":false,"potions_floor_spawned":[5,8,14,19,28],"killed_by":"Automaton","ascension_level":10}