{"gold_per_floor":[109,109,184,197,197,197,70,132,155,167,233,9,9,26,26,103,103,103,103,103,20,20,20],"floor_reached":23,"playtime":525,"items_purged":["Strike_R"],"score":432,"play_id":"dead2fc7-7534-493c-bfab-81be1d65af41","local_time":"20190510213116","is_ascension_mode":true,"campfire_choices":[{"data":"Bash","floor":6,"key":"SMITH"},{"data":"Body Slam","floor":15,"key":"SMITH"}],"neow_cost":"NONE","seed_source_timestamp":19075794465609,"circlet_count":0,"master_deck":["AscendersBane","Strike_R","Strike_R+1","Strike_R+1","Strike_R","Defend_R","Defend_R","Defend_R","Defend_R","Bash+1","Armaments","Dual Wield","Body Slam+1","Reaper","Entrench","Body Slam","Entrench","Power Through"],"special_seed":0,"relics":["Burning Blood","NeowsBlessing","Singing Bowl","Tiny Chest","Bag of Marbles","Lee\u0027s Waffle","Pocketwatch","Ectoplasm"],"potions_floor_usage":[16,16,18,23],"damage_taken":[{"damage":0.0,"enemies":"Jaw Worm","floor":1.0,"turns":1.0},{"damage":0,"enemies":"Small Slimes","floor":4,"turns":1},{"damage":0,"enemies":"3 Sentries","floor":8,"turns":2},{"damage":0,"enemies":"2 Louse","floor":10,"turns":1},{"damage":17,"enemies":"Exordium Wildlife","floor":14,"turns":4},{"damage":33,"enemies":"Hexaghost","floor":16,"turns":9},{"damage":24,"enemies":"3 Byrds","floor":18,"turns":4},{"damage":25,"enemies":"Shell Parasite","floor":19,"turns":5},{"damage":28,"enemies":"Snecko","floor":20,"turns":5},{"damage":18,"enemies":"Centurion and Healer","floor":22,"turns":7},{"damage":24,"enemies":"Slavers","floor":23,"turns":1}],"seed_played":"-561361058530758029","potions_obtained":[{"floor":1.0,"key":"Swift Potion"},{"floor":4,"key":"Weak Potion"},{"floor":10,"key":"PowerPotion"},{"floor":16,"key":"AttackPotion"},{"floor":22,"key":"AttackPotion"}],"is_trial":false,"path_per_floor":["M","?","?","M","T","R","$","E","T","M","?","$","T","M","R","B",null,"M","M","M","$","M","E"],"character_chosen":"IRONCLAD","items_purchased":["Armaments","Lee\u0027s Waffle","Entrench"],"campfire_rested":0,"item_purchase_floors":[7,12,21],"current_hp_per_floor":[74,51,40,46,46,46,46,52,52,60,60,84,84,73,73,46,75,61,44,28,28,16,0],"gold":20,"neow_bonus":"THREE_ENEMY_KILL","is_prod":false,"is_daily":false,"chose_seed":false,"campfire_upgraded":2,"win_rate":0,"timestamp":1557516676,"path_taken":["M","?","?","?","?","R","$","E","T","M","?","$","?","M","R","BOSS","M","M","M","$","M","E"],"build_version":"2019-01-23","purchased_purges":1,"victory":false,"max_hp_per_floor":[75,75,75,75,75,75,75,75,75,77,77,84,84,84,84,84,84,84,86,86,86,86,86],"card_choices":[{"not_picked":["Dropkick","Clash","Sword Boomerang"],"picked":"SKIP","floor":1.0},{"not_picked":["Sword Boomerang","Sentinel","Feel No Pain"],"picked":"SKIP","floor":4},{"not_picked":["Perfected Strike","Flex"],"picked":"Dual Wield","floor":8},{"not_picked":["Warcry","Uppercut","Sentinel"],"picked":"Singing Bowl","floor":10},{"not_picked":["Cleave","Limit Break"],"picked":"Body Slam","floor":14},{"not_picked":["Dark Embrace","Brutality"],"picked":"Reaper","floor":16},{"not_picked":["Perfected Strike","Twin Strike"],"picked":"Entrench","floor":18},{"not_picked":["Headbutt","Havoc","Thunderclap"],"picked":"Singing Bowl","floor":19},{"not_picked":["Clash","Pummel"],"picked":"Body Slam","floor":20},{"not_picked":["Shockwave","Pommel Strike"],"picked":"Power Through","floor":22}],"player_experience":875863,"relics_obtained":[{"floor":5,"key":"Singing Bowl"},{"floor":8,"key":"Tiny Chest"},{"floor":9,"key":"Bag of Marbles"},{"floor":13,"key":"Pocketwatch"}],"event_choices":[{"damage_healed":0,"gold_gain":0,"player_choice":"Entered Light","damage_taken":23,"max_hp_gain":0,"max_hp_loss":0,"event_name":"Shining Light","floor":2,"gold_loss":0,"cards_upgraded":["Strike_R","Strike_R"]},{"damage_healed":0,"gold_gain":75,"player_choice":"Gather Gold","damage_taken":11,"max_hp_gain":0,"max_hp_loss":0,"event_name":"World of Goop","floor":3,"gold_loss":0},{"damage_healed":0,"gold_gain":66,"player_choice":"Gained Gold","damage_taken":0,"max_hp_gain":0,"max_hp_loss":0,"event_name":"Golden Wing","floor":11,"gold_loss":0}],"is_beta":false,"boss_relics":[{"not_picked":["Snecko Eye","Black Star"],"picked":"Ectoplasm"}],"items_purged_floors":[7],"is_endless":false,"potions_floor_spawned":[1,4,10,16,22],"killed_by":"Slavers","ascension_level":20}