{"gold_per_floor":[114,114,125,145,164,164,176,176,176,101,113,13,13,88,88,189,189,205,216,91,108,108],"floor_reached":22,"playtime":1212,"items_purged":["Parasite","Strike_R","Strike_R"],"score":178,"play_id":"36dc4924-3a6a-4a3e-b883-48024c0fe588","local_time":"20180728230344","is_ascension_mode":false,"campfire_choices":[{"data":"Offering","floor":6,"key":"SMITH"},{"data":"Pommel Strike","floor":13,"key":"SMITH"},{"data":"Bash","floor":15,"key":"SMITH"}],"neow_cost":"NONE","seed_source_timestamp":5832096771287,"circlet_count":0,"master_deck":["Strike_R","Strike_R","Strike_R","Defend_R","Defend_R","Defend_R","Bash+1","Offering+1","Pommel Strike+1","Battle Trance","Offering","Seeing Red"],"relics":["Burning Blood"],"potions_floor_usage":[16,16,19],"damage_taken":[{"damage":6,"enemies":"Jaw Worm","floor":1,"turns":4},{"damage":5,"enemies":"Cultist","floor":3,"turns":2},{"damage":5,"enemies":"Small Slimes","floor":4,"turns":2},{"damage":8,"enemies":"Red Slaver","floor":5,"turns":4},{"damage":14,"enemies":"Blue Slaver","floor":7,"turns":4},{"damage":5,"enemies":"Looter","floor":11,"turns":2},{"damage":65,"enemies":"The Guardian","floor":16,"turns":18},{"damage":28,"enemies":"3 Byrds","floor":18,"turns":5},{"damage":10,"enemies":"Spheric Guardian","floor":19,"turns":3},{"damage":40,"enemies":"Snecko","floor":21,"turns":5},{"damage":27,"enemies":"Cultist and Chosen","floor":22,"turns":6}],"seed_played":"6953882083456298065","potions_obtained":[{"floor":1,"key":"Ancient Potion"},{"floor":4,"key":"SpeedPotion"},{"floor":5,"key":"SkillPotion"},{"floor":18,"key":"AttackPotion"}],"is_trial":false,"path_per_floor":["M","?","M","M","M","R","M","?","T","$","M","$","R","?","R","B",null,"M","M","$","M"],"character_chosen":"IRONCLAD","items_purchased":[],"campfire_rested":0,"item_purchase_floors":[],"current_hp_per_floor":[80,73,74,75,73,73,65,80,80,77,77,77,77,66,66,7,77,55,51,51,17,0],"gold":108,"neow_bonus":"ONE_RANDOM_RARE_CARD","is_prod":false,"is_daily":false,"chose_seed":false,"campfire_upgraded":3,"win_rate":0,"timestamp":1532790224,"path_taken":["M","?","M","?","?","R","M","?","T","$","M","?","R","?","R","BOSS","M","M","$","M","M"],"build_version":"2018-07-26","purchased_purges":3,"victory":false,"max_hp_per_floor":[80,80,80,80,80,80,80,80,80,77,77,77,77,77,77,77,77,77,77,77,77,77],"card_choices":[{"not_picked":["Flame Barrier","Reckless Charge","Power Through"],"picked":"SKIP","floor":1},{"not_picked":["Power Through","Inflame"],"picked":"Pommel Strike","floor":3},{"not_picked":["Intimidate","Flex"],"picked":"Battle Trance","floor":4},{"not_picked":["Shrug It Off","Anger","Sword Boomerang"],"picked":"SKIP","floor":5},{"not_picked":["Body Slam","Dual Wield","Spot Weakness"],"picked":"SKIP","floor":7},{"not_picked":["Rupture","Pommel Strike","Shockwave"],"picked":"SKIP","floor":11},{"not_picked":["Demon Form","Bludgeon"],"picked":"Offering","floor":16},{"not_picked":["Wild Strike+1","Clash","Twin Strike"],"picked":"SKIP","floor":18},{"not_picked":["Evolve+1","Clothesline"],"picked":"Seeing Red","floor":19},{"not_picked":["Feel No Pain+1","Sentinel","Sword Boomerang+1"],"picked":"SKIP","floor":21}],"player_experience":234522,"relics_obtained":[],"event_choices":[{"event_name":"Golden Wing","player_choice":"Card Removal","floor":2,"damage_taken":0},{"event_name":"Mushrooms","player_choice":"Healed and dodged fight","floor":8,"damage_taken":0},{"event_name":"World of Goop","player_choice":"Gather Gold","floor":14,"damage_taken":0}],"is_beta":false,"boss_relics":[{"not_picked":["Fusion Hammer","Tiny House","Snecko Eye"]}],"items_purged_floors":[10,12,20],"is_endless":false,"potions_floor_spawned":[1,4,5,18],"killed_by":"Cultist and Chosen","ascension_level":0}