{"gold_per_floor":[113,113,131,20,20,48,48,48,74,92,112,130,130,145,145,145],"floor_reached":16,"playtime":318,"items_purged":[],"score":254,"play_id":"f77c529e-0da8-4e9d-ab12-7afe4cc0de47","local_time":"20190628152123","is_ascension_mode":true,"campfire_choices":[{"data":"Deadly Poison","floor":7,"key":"SMITH"},{"data":"Deadly Poison","floor":13,"key":"SMITH"},{"data":"Footwork","floor":15,"key":"SMITH"}],"neow_cost":"NONE","seed_source_timestamp":190740044572695,"circlet_count":0,"master_deck":["AscendersBane","Defend_G","Defend_G","Defend_G","Defend_G","Defend_G","Strike_G","Strike_G","Strike_G","Strike_G","Strike_G","Survivor","Neutralize","Deadly Poison+1","Deadly Poison+1","Footwork+1","Well Laid Plans","Dodge and Roll"],"special_seed":0,"relics":["Ring of the Snake","NeowsBlessing","Bottled Flame","Pen Nib"],"potions_floor_usage":[],"damage_taken":[{"damage":0.0,"enemies":"2 Louse","floor":1.0,"turns":1.0},{"damage":0.0,"enemies":"Jaw Worm","floor":3.0,"turns":1.0},{"damage":0.0,"enemies":"3 Sentries","floor":6.0,"turns":1.0},{"damage":0,"enemies":"Cultist","floor":10,"turns":3},{"damage":3,"enemies":"3 Louse","floor":11,"turns":4},{"damage":6,"enemies":"Large Slime","floor":12,"turns":6},{"damage":3,"enemies":"Looter","floor":14,"turns":3},{"damage":20,"enemies":"Slime Boss","floor":16,"turns":8}],"seed_played":"-5123043440513831382","potions_obtained":[{"floor":1.0,"key":"GhostInAJar"},{"floor":3.0,"key":"SpeedPotion"},{"floor":10,"key":"Block Potion"}],"is_trial":false,"path_per_floor":["M","?","M","$","$","E","R","$","T","M","M","M","R","M","R","B"],"character_chosen":"THE_SILENT","items_purchased":["Deadly Poison","Footwork"],"campfire_rested":0,"item_purchase_floors":[4,4],"current_hp_per_floor":[59,64,64,64,64,64,64,64,64,64,61,55,55,52,52,32],"gold":145,"neow_bonus":"THREE_ENEMY_KILL","is_prod":false,"is_daily":false,"chose_seed":false,"campfire_upgraded":3,"win_rate":0,"timestamp":1561728083,"path_taken":["M","?","M","?","$","E","R","?","T","M","M","M","R","M","R","BOSS"],"build_version":"2019-01-23","purchased_purges":0,"victory":false,"max_hp_per_floor":[66,71,71,71,71,71,71,71,71,71,71,71,71,71,71,71],"card_choices":[{"not_picked":["Setup","PiercingWail","Expertise"],"picked":"SKIP","floor":1.0},{"not_picked":["Heel Hook","Crippling Poison"],"picked":"Deadly Poison","floor":3.0},{"not_picked":["Finisher","Deflect","Dagger Spray"],"picked":"SKIP","floor":6},{"not_picked":["Reflex","Blade Dance","Setup"],"picked":"SKIP","floor":10},{"not_picked":["Endless Agony","Cloak And Dagger"],"picked":"Well Laid Plans","floor":11},{"not_picked":["Underhanded Strike","Setup"],"picked":"Dodge and Roll","floor":12},{"not_picked":["Acrobatics","Sucker Punch","Dagger Spray"],"picked":"SKIP","floor":14}],"player_experience":899917,"relics_obtained":[{"floor":6,"key":"Bottled Flame"},{"floor":9,"key":"Pen Nib"}],"event_choices":[{"damage_healed":0.0,"max_hp_gain":5.0,"max_hp_loss":0.0,"gold_gain":0.0,"event_name":"Big Fish","player_choice":"Donut","floor":2.0,"gold_loss":0.0,"damage_taken":0.0}],"is_beta":false,"boss_relics":[],"items_purged_floors":[],"is_endless":false,"potions_floor_spawned":[1,3,10,11],"killed_by":"Slime Boss","ascension_level":20}