{"gold_per_floor":[111,111,66,66,66,95,95,109,109,121,121,46,66,82,82,153,153,173,173,188,204,217,217,249,258,258,38,57,83,97,116,116,202,202,202],"floor_reached":35,"playtime":1161,"items_purged":["Strike_G"],"score":812,"play_id":"bc928cbf-acf1-437b-9009-501dc48b3552","local_time":"20191014151402","is_ascension_mode":true,"campfire_choices":[{"data":"Well Laid Plans","floor":7.0,"key":"SMITH"},{"data":"Backflip","floor":11.0,"key":"SMITH"},{"data":"Noxious Fumes","floor":15.0,"key":"SMITH"},{"data":"Crippling Poison","floor":23.0,"key":"SMITH"},{"floor":32,"key":"REST"}],"neow_cost":"NONE","seed_source_timestamp":15285775261771,"circlet_count":0,"master_deck":["AscendersBane","Strike_G","Strike_G+1","Strike_G","Strike_G+1","Defend_G","Defend_G","Defend_G","Defend_G","Defend_G","Survivor","Neutralize","Well Laid Plans+1","Bouncing Flask+1","Backflip+1","Noxious Fumes+1","Poisoned Stab","After Image+1","Backflip+1","Crippling Poison+1","Bouncing Flask","Deadly Poison","Deadly Poison","Deadly Poison+1","Adrenaline"],"special_seed":0,"relics":["Ring of the Snake","NeowsBlessing","CaptainsWheel","White Beast Statue","Black Star","CeramicFish","Whetstone","Pantograph","TwistedFunnel","Coffee Dripper"],"potions_floor_usage":[24,24,28,29,30,33,33],"damage_taken":[{"damage":0.0,"enemies":"Small Slimes","floor":1.0,"turns":1.0},{"damage":0.0,"enemies":"3 Sentries","floor":6.0,"turns":1.0},{"damage":0.0,"enemies":"2 Louse","floor":8.0,"turns":1.0},{"damage":1.0,"enemies":"Cultist","floor":10.0,"turns":3.0},{"damage":3.0,"enemies":"Looter","floor":13.0,"turns":3.0},{"damage":0.0,"enemies":"Exordium Wildlife","floor":14.0,"turns":3.0},{"damage":10.0,"enemies":"The Guardian","floor":16.0,"turns":8.0},{"damage":2.0,"enemies":"3 Byrds","floor":18.0,"turns":5.0},{"damage":9.0,"enemies":"Chosen","floor":20.0,"turns":4.0},{"damage":1.0,"enemies":"Snecko","floor":21.0,"turns":6.0},{"damage":2.0,"enemies":"Snake Plant","floor":22.0,"turns":5.0},{"damage":34,"enemies":"Gremlin Leader","floor":24,"turns":6},{"damage":11,"enemies":"Centurion and Healer","floor":28,"turns":7},{"damage":0,"enemies":"Snecko","floor":29,"turns":4},{"damage":6,"enemies":"Snake Plant","floor":30,"turns":5},{"damage":8,"enemies":"Centurion and Healer","floor":31,"turns":7},{"damage":45,"enemies":"Collector","floor":33,"turns":9},{"damage":0,"enemies":"3 Darklings","floor":35,"turns":2}],"seed_played":"1719333327010300668","potions_obtained":[{"floor":1.0,"key":"FearPotion"},{"floor":10.0,"key":"Fire Potion"},{"floor":13.0,"key":"Strength Potion"},{"floor":16.0,"key":"SneckoOil"},{"floor":18.0,"key":"EntropicBrew"},{"floor":20.0,"key":"Energy Potion"},{"floor":21.0,"key":"DuplicationPotion"},{"floor":22.0,"key":"Swift Potion"},{"floor":24,"key":"Fire Potion"},{"floor":28,"key":"Poison Potion"},{"floor":29,"key":"Regen Potion"},{"floor":30,"key":"SteroidPotion"},{"floor":31,"key":"Swift Potion"},{"floor":33,"key":"SpeedPotion"}],"is_trial":false,"path_per_floor":["M","?","$","?","?","E","R","M","T","M","R","$","M","M","R","B",null,"M","?","M","M","M","R","E","?","T","$","M","M","M","M","R","B",null,"M"],"character_chosen":"THE_SILENT","items_purchased":["Bouncing Flask","TwistedFunnel","Deadly Poison"],"campfire_rested":1,"item_purchase_floors":[3,27,27],"current_hp_per_floor":[59,59,59,59,59,59,59,59,59,58,58,58,55,55,55,45,61,59,59,50,49,47,47,13,13,13,13,2,2,11,3,22,2,50,50],"gold":202,"neow_bonus":"THREE_ENEMY_KILL","is_prod":false,"is_daily":false,"chose_seed":false,"campfire_upgraded":4,"win_rate":0,"timestamp":1571058842,"path_taken":["M","?","$","?","?","E","R","M","T","M","R","$","M","M","R","BOSS","M","?","?","M","M","R","E","?","T","?","?","M","M","M","R","BOSS","M"],"build_version":"2019-10-11","purchased_purges":1,"victory":false,"max_hp_per_floor":[66,66,66,66,66,66,66,66,66,66,66,66,66,66,66,66,66,66,66,66,66,66,66,66,66,66,66,66,66,66,66,66,66,66,66],"card_choices":[{"not_picked":["Dagger Spray","Bane"],"picked":"Well Laid Plans","floor":1.0},{"not_picked":["Dagger Throw","Prepared","Tactician"],"picked":"SKIP","floor":6.0},{"not_picked":["Acrobatics","Underhanded Strike","Flying Knee"],"picked":"SKIP","floor":8.0},{"not_picked":["Skewer","Underhanded Strike"],"picked":"Backflip","floor":10.0},{"not_picked":["PiercingWail","Dodge and Roll"],"picked":"Noxious Fumes","floor":13.0},{"not_picked":["Flying Knee","Glass Knife"],"picked":"Poisoned Stab","floor":14.0},{"not_picked":["Doppelganger","Malaise"],"picked":"After Image","floor":16.0},{"not_picked":["Deflect","Dagger Spray"],"picked":"Backflip+1","floor":18.0},{"not_picked":["Heel Hook","Poisoned Stab"],"picked":"Crippling Poison","floor":20.0},{"not_picked":["Wraith Form v2","Outmaneuver","Prepared"],"picked":"SKIP","floor":21.0},{"not_picked":["Expertise","Dagger Spray","Flechettes+1"],"picked":"SKIP","floor":22.0},{"not_picked":["Sucker Punch","Predator","Outmaneuver"],"picked":"SKIP","floor":24},{"not_picked":["Dagger Throw","Sucker Punch","Cloak And Dagger"],"picked":"SKIP","floor":28},{"not_picked":["Bane","Slice"],"picked":"Deadly Poison","floor":29},{"not_picked":["Outmaneuver","Die Die Die","Acrobatics"],"picked":"SKIP","floor":30},{"not_picked":["Distraction","Blade Dance"],"picked":"Deadly Poison+1","floor":31},{"not_picked":["A Thousand Cuts","Envenom"],"picked":"Adrenaline","floor":33}],"player_experience":844587,"relics_obtained":[{"floor":6.0,"key":"CaptainsWheel"},{"floor":9.0,"key":"White Beast Statue"},{"floor":24,"key":"CeramicFish"},{"floor":24,"key":"Whetstone"},{"floor":26,"key":"Pantograph"}],"event_choices":[{"damage_healed":0.0,"max_hp_gain":0.0,"max_hp_loss":0.0,"gold_gain":0.0,"event_name":"The Cleric","player_choice":"Leave","floor":2.0,"gold_loss":0.0,"damage_taken":0.0},{"damage_healed":0.0,"max_hp_gain":0.0,"max_hp_loss":0.0,"gold_gain":0.0,"event_name":"Shining Light","player_choice":"Ignored","floor":4.0,"gold_loss":0.0,"damage_taken":0.0},{"damage_healed":0.0,"max_hp_gain":0.0,"max_hp_loss":0.0,"gold_gain":0.0,"event_name":"Living Wall","player_choice":"Grow","floor":5.0,"gold_loss":0.0,"damage_taken":0.0,"cards_upgraded":["Bouncing Flask"]},{"damage_healed":0.0,"max_hp_gain":0.0,"max_hp_loss":0.0,"gold_gain":0.0,"event_name":"Accursed Blacksmith","player_choice":"Forge","floor":19.0,"gold_loss":0.0,"damage_taken":0.0,"cards_upgraded":["After Image"]},{"damage_healed":0,"gold_gain":0,"player_choice":"Read","damage_taken":0,"max_hp_gain":0,"max_hp_loss":0,"event_name":"The Library","floor":25,"gold_loss":0,"cards_obtained":["Bouncing Flask"]}],"is_beta":true,"boss_relics":[{"not_picked":["Pandora\u0027s Box","WristBlade"],"picked":"Black Star"},{"not_picked":["HoveringKite","Sozu"],"picked":"Coffee Dripper"}],"items_purged_floors":[12],"is_endless":false,"potions_floor_spawned":[1,10,13,14,16,18,20,21,22,24,28,29,30,31,33],"killed_by":"3 Darklings","ascension_level":20}