{"gold_per_floor":[110,110,110,135,135,135,176,9,9,43,68,68,86,136,136,229,229,253,267,105,105,27,61,61,75,75,93,93,93,93,116,116,212,212,226,251,274,292,192,228,228,228],"floor_reached":42,"playtime":1424,"items_purged":["Strike_G","Strike_G"],"score":1183,"play_id":"660c48d0-024d-4ba9-857e-318eb762b8ab","local_time":"20190822172601","is_ascension_mode":true,"campfire_choices":[{"floor":6.0,"key":"REST"},{"data":"Dodge and Roll","floor":12.0,"key":"SMITH"},{"data":"Neutralize","floor":15.0,"key":"SMITH"},{"floor":28.0,"key":"REST"},{"data":"Footwork","floor":32.0,"key":"SMITH"},{"floor":41.0,"key":"RECALL"}],"neow_cost":"NONE","seed_source_timestamp":108835816276639,"circlet_count":0,"master_deck":["AscendersBane","Strike_G","Strike_G","Strike_G","Defend_G","Defend_G","Defend_G","Defend_G","Defend_G","Survivor","Neutralize+1","Dodge and Roll+1","Deadly Poison+1","Dodge and Roll+1","Corpse Explosion+1","Deadly Poison+1","Well Laid Plans","Venomology+1","Catalyst+1","Deadly Poison+1","Footwork+1","Footwork","Blur+1","Blur+1","Night Terror+1","Catalyst+1","Deadly Poison+1"],"special_seed":0,"relics":["Ring of the Snake","NeowsBlessing","Golden Idol","FossilizedHelix","Toxic Egg 2","Oddly Smooth Stone","Question Card","Bird Faced Urn","Orrery","Paper Crane","Art of War","Regal Pillow","Fusion Hammer","Singing Bowl"],"potions_floor_usage":[42],"damage_taken":[{"damage":0.0,"enemies":"Jaw Worm","floor":1.0,"turns":1.0},{"damage":0.0,"enemies":"Gremlin Nob","floor":7.0,"turns":1.0},{"damage":0.0,"enemies":"Lagavulin","floor":10.0,"turns":1.0},{"damage":0.0,"enemies":"Small Slimes","floor":11.0,"turns":3.0},{"damage":0.0,"enemies":"Cultist","floor":13.0,"turns":4.0},{"damage":0.0,"enemies":"The Guardian","floor":16.0,"turns":16.0},{"damage":0.0,"enemies":"Shell Parasite","floor":18.0,"turns":4.0},{"damage":31.0,"enemies":"3 Byrds","floor":19.0,"turns":4.0},{"damage":24.0,"enemies":"Book of Stabbing","floor":23.0,"turns":5.0},{"damage":0.0,"enemies":"3 Cultists","floor":25.0,"turns":2.0},{"damage":0.0,"enemies":"Centurion and Healer","floor":27.0,"turns":8.0},{"damage":0.0,"enemies":"Snecko","floor":31.0,"turns":4.0},{"damage":19.0,"enemies":"Collector","floor":33.0,"turns":11.0},{"damage":8.0,"enemies":"3 Darklings","floor":35.0,"turns":6.0},{"damage":2.0,"enemies":"Orb Walker","floor":36.0,"turns":5.0},{"damage":0.0,"enemies":"Sphere and 2 Shapes","floor":37.0,"turns":8.0},{"damage":0.0,"enemies":"3 Darklings","floor":38.0,"turns":5.0},{"damage":3.0,"enemies":"Nemesis","floor":40.0,"turns":5.0},{"damage":86,"enemies":"Reptomancer","floor":42,"turns":2}],"seed_played":"-8818569086354774986","potions_obtained":[{"floor":7.0,"key":"Block Potion"},{"floor":10.0,"key":"GamblersBrew"},{"floor":11.0,"key":"Fruit Juice"},{"floor":16.0,"key":"Swift Potion"},{"floor":23.0,"key":"Energy Potion"},{"floor":25.0,"key":"Explosive Potion"},{"floor":31.0,"key":"PowerPotion"},{"floor":36.0,"key":"Explosive Potion"},{"floor":37.0,"key":"GhostInAJar"}],"is_trial":false,"path_per_floor":["M","$","?","T","?","R","E","$","T","E","M","R","M","?","R","B",null,"M","M","$","T","$","E","$","M","T","M","R","$","?","M","R","B",null,"M","M","M","M","$","E","R","E"],"character_chosen":"THE_SILENT","items_purchased":["Oddly Smooth Stone","Footwork","Footwork"],"campfire_rested":2,"item_purchase_floors":[8,20,22],"current_hp_per_floor":[59,59,36,36,18,37,37,37,37,37,42,42,42,35,35,35,62,64,35,35,35,35,17,17,17,17,23,59,59,59,59,59,48,65,63,65,71,71,71,70,70,0],"gold":228,"neow_bonus":"THREE_ENEMY_KILL","is_prod":false,"is_daily":false,"chose_seed":false,"campfire_upgraded":3,"win_rate":0,"timestamp":1566487561,"path_taken":["M","$","?","?","?","R","E","?","T","E","M","R","M","?","R","BOSS","M","?","?","?","$","E","$","M","T","M","R","?","?","M","R","BOSS","M","M","M","M","$","E","R","E"],"build_version":"2019-07-17","purchased_purges":2,"victory":false,"max_hp_per_floor":[66,66,66,66,66,66,66,66,66,66,71,71,71,71,71,71,71,71,71,71,71,71,71,71,71,71,71,71,71,71,71,71,71,71,71,71,71,71,71,73,73,73],"card_choices":[{"not_picked":["Cloak And Dagger","Prepared"],"picked":"Dodge and Roll","floor":1.0},{"not_picked":["Setup","Underhanded Strike"],"picked":"Deadly Poison","floor":7.0},{"not_picked":["PiercingWail+1","Quick Slash","Calculated Gamble+1","Accuracy"],"picked":"SKIP","floor":10.0},{"not_picked":["Setup+1","Finisher","Underhanded Strike","Poisoned Stab"],"picked":"SKIP","floor":11.0},{"not_picked":["PiercingWail+1","Blade Dance+1","Terror+1"],"picked":"Dodge and Roll+1","floor":13.0},{"not_picked":["Die Die Die","Venomology+1","Grand Finale"],"picked":"Corpse Explosion+1","floor":16.0},{"not_picked":["Choke","Slice","Well Laid Plans"],"picked":"Deadly Poison+1","floor":17.0},{"not_picked":["Choke","Blade Dance+1","Backflip+1"],"picked":"Well Laid Plans","floor":17.0},{"not_picked":["Skewer","Dagger Throw","Sucker Punch"],"picked":"Venomology+1","floor":17.0},{"not_picked":["Sucker Punch","Expertise+1","Quick Slash"],"picked":"Catalyst+1","floor":18.0},{"not_picked":["Endless Agony","Quick Slash","Dodge and Roll+1"],"picked":"Deadly Poison+1","floor":19.0},{"not_picked":["Blade Dance+1","Noxious Fumes","Crippling Poison+1"],"picked":"Blur+1","floor":23.0},{"not_picked":["Well Laid Plans","Skewer","Heel Hook","Blade Dance+1"],"picked":"SKIP","floor":25.0},{"not_picked":["Sucker Punch","Dagger Spray","Well Laid Plans"],"picked":"Blur+1","floor":27.0},{"not_picked":["Underhanded Strike","Escape Plan+1","Poisoned Stab","Expertise+1"],"picked":"SKIP","floor":31.0},{"not_picked":["Malaise+1","Doppelganger+1","After Image"],"picked":"Night Terror+1","floor":33.0},{"not_picked":["Dagger Throw","Acrobatics+1","Tactician+1","Dagger Spray"],"picked":"SKIP","floor":35.0},{"not_picked":["Calculated Gamble+1","Sucker Punch","Deadly Poison+1"],"picked":"Catalyst+1","floor":36.0},{"not_picked":["Well Laid Plans","Terror+1","Outmaneuver+1"],"picked":"Deadly Poison+1","floor":37.0},{"not_picked":["Outmaneuver+1","Poisoned Stab","Sucker Punch+1","Blade Dance+1"],"picked":"SKIP","floor":38.0},{"not_picked":["Tactician+1","Sucker Punch+1","Choke+1","Blade Dance+1"],"picked":"Singing Bowl","floor":40.0}],"player_experience":905460,"relics_obtained":[{"floor":7.0,"key":"Toxic Egg 2"},{"floor":9.0,"key":"Question Card"},{"floor":10.0,"key":"Bird Faced Urn"},{"floor":21.0,"key":"Paper Crane"},{"floor":23.0,"key":"Art of War"},{"floor":26.0,"key":"Regal Pillow"},{"floor":40.0,"key":"Singing Bowl"}],"event_choices":[{"damage_healed":0.0,"max_hp_gain":0.0,"max_hp_loss":0.0,"gold_gain":0.0,"event_name":"Golden Idol","player_choice":"Take Damage","floor":3.0,"gold_loss":0.0,"damage_taken":23.0,"relics_obtained":["Golden Idol"]},{"damage_healed":0.0,"max_hp_gain":0.0,"max_hp_loss":0.0,"gold_gain":0.0,"event_name":"Scrap Ooze","player_choice":"Success","floor":5.0,"gold_loss":0.0,"damage_taken":18.0,"relics_obtained":["FossilizedHelix"]},{"damage_healed":0.0,"max_hp_gain":0.0,"max_hp_loss":0.0,"gold_gain":50.0,"event_name":"FaceTrader","player_choice":"Touch","floor":14.0,"gold_loss":0.0,"damage_taken":7.0},{"damage_healed":0.0,"max_hp_gain":0.0,"max_hp_loss":0.0,"gold_gain":0.0,"event_name":"Cursed Tome","player_choice":"Ignored","floor":30.0,"gold_loss":0.0,"damage_taken":0.0}],"is_beta":false,"boss_relics":[{"not_picked":["Lizard Tail","Calling Bell"],"picked":"Orrery"},{"not_picked":["Ring of the Serpent","Pandora\u0027s Box"],"picked":"Fusion Hammer"}],"items_purged_floors":[20,39],"is_endless":false,"potions_floor_spawned":[7,10,11,16,23,25,27,31,36,37,38,40],"killed_by":"Reptomancer","ascension_level":20}