{"gold_per_floor":[112,112,128,60,60,90,90,105,129,160,171,171,190,203,203,329,329,350,350],"floor_reached":19,"playtime":850,"items_purged":[],"score":306,"play_id":"56bc425a-8f56-40c3-96e9-e6c298f576a0","local_time":"20180801134214","is_ascension_mode":true,"campfire_choices":[{"data":"Rainbow","floor":7,"key":"SMITH"},{"floor":15,"key":"REST"}],"neow_cost":"NONE","seed_source_timestamp":184868432033713,"circlet_count":0,"master_deck":["Strike_B","Strike_B","Strike_B+1","Strike_B+1","Defend_B","Defend_B","Defend_B","Defend_B+1","Zap+1","Dualcast","AscendersBane","Gash+1","Ball Lightning","Storm","Rainbow+1","Defragment","Amplify","Conserve Battery","Injury","Gash","Gash","Go for the Eyes","Echo Form","Defragment"],"relics":["Cracked Core","NeowsBlessing","Whetstone","Dream Catcher","Anchor","Golden Idol","Sozu"],"potions_floor_usage":[13,19,19],"damage_taken":[{"damage":0,"enemies":"Jaw Worm","floor":1,"turns":1},{"damage":0,"enemies":"Cultist","floor":3,"turns":1},{"damage":0,"enemies":"Gremlin Nob","floor":6,"turns":1},{"damage":2,"enemies":"Small Slimes","floor":8,"turns":2},{"damage":19,"enemies":"Lagavulin","floor":10,"turns":6},{"damage":9,"enemies":"Red Slaver","floor":11,"turns":3},{"damage":3,"enemies":"Lots of Slimes","floor":13,"turns":4},{"damage":0,"enemies":"3 Louse","floor":14,"turns":3},{"damage":34,"enemies":"Hexaghost","floor":16,"turns":9},{"damage":27,"enemies":"3 Byrds","floor":18,"turns":5},{"damage":34,"floor":19,"turns":3}],"seed_played":"-3699989721248486918","potions_obtained":[{"floor":3,"key":"Strength Potion"},{"floor":8,"key":"Ancient Potion"},{"floor":10,"key":"SkillPotion"},{"floor":13,"key":"Dexterity Potion"}],"is_trial":false,"path_per_floor":["M","?","M","$","?","E","R","M","T","E","M","?","M","M","R","B",null,"M"],"character_chosen":"DEFECT","items_purchased":["Storm"],"campfire_rested":1,"item_purchase_floors":[4],"current_hp_per_floor":[68,53,53,53,53,53,53,51,51,32,23,23,20,20,42,8,58,31,0],"gold":350,"neow_bonus":"THREE_ENEMY_KILL","is_prod":false,"is_daily":false,"chose_seed":false,"campfire_upgraded":1,"win_rate":0,"timestamp":1533123734,"path_taken":["M","?","M","$","?","E","R","?","T","E","M","?","?","?","R","BOSS","M","?"],"build_version":"2018-07-31","purchased_purges":0,"victory":false,"max_hp_per_floor":[75,75,75,75,75,75,75,75,75,75,75,75,75,75,75,75,75,75,75],"card_choices":[{"not_picked":["Stack","Scrape"],"picked":"Gash","floor":1},{"not_picked":["Redo","Hologram"],"picked":"Ball Lightning","floor":3},{"not_picked":["Leap","Beam Cell"],"picked":"Rainbow","floor":6},{"not_picked":["Melter","Sunder"],"picked":"Defragment","floor":8},{"not_picked":["Ball Lightning","Consume"],"picked":"Amplify","floor":10},{"not_picked":["Rebound","Fusion"],"picked":"Conserve Battery","floor":11},{"not_picked":["Streamline","Turbo"],"picked":"Gash","floor":13},{"not_picked":["Barrage","Hologram"],"picked":"Gash","floor":14},{"not_picked":["Ball Lightning","Coolheaded"],"picked":"Go for the Eyes","floor":15},{"not_picked":["Reboot","Creative AI"],"picked":"Echo Form","floor":16},{"not_picked":["Barrage","Go for the Eyes"],"picked":"Defragment","floor":18}],"player_experience":473524,"relics_obtained":[{"floor":6,"key":"Whetstone"},{"floor":9,"key":"Dream Catcher"},{"floor":10,"key":"Anchor"}],"event_choices":[{"event_name":"Shining Light","player_choice":"Entered Light","floor":2,"damage_taken":0},{"event_name":"Upgrade Shrine","player_choice":"Upgraded","floor":5,"damage_taken":0},{"event_name":"Golden Idol","player_choice":"Take Wound","floor":12,"damage_taken":0}],"is_beta":true,"boss_relics":[{"not_picked":["Philosopher\u0027s Stone","Lizard Tail"],"picked":"Sozu"}],"items_purged_floors":[],"is_endless":false,"potions_floor_spawned":[3,8,10,13,18],"ascension_level":10}