{"gold_per_floor":[112,112,112,124,143,170,270,270,270,288,308,233,268,168,168,270,270,288,307,307,307,327,327,356,231,231,81,46,72,88,88,88,190,190,205,216,41,52,52,52,78,78,126,126,156,167,194,213,213,213],"floor_reached":51,"playtime":2377,"items_purged":["Defend_R","Strike_R","Defend_R","Strike_R","Strike_R"],"score":883,"play_id":"0f609f21-7721-4079-8108-aee50d119b73","local_time":"20190929012501","is_ascension_mode":false,"campfire_choices":[{"data":"Bash","floor":8.0,"key":"SMITH"},{"floor":15.0,"key":"REST"},{"data":"Iron Wave","floor":23.0,"key":"SMITH"},{"data":"Uppercut","floor":32,"key":"SMITH"},{"data":"Thunderclap","floor":40,"key":"SMITH"},{"data":"Dropkick","floor":42,"key":"SMITH"},{"data":"Iron Wave","floor":49,"key":"SMITH"}],"neow_cost":"","seed_source_timestamp":9375900525437,"circlet_count":0,"master_deck":["Defend_R","Defend_R","Bash+1","Clash","Iron Wave+1","Dropkick+1","Offering+1","Flex+1","Clash","Thunderclap+1","Uppercut+1","Infernal Blade+1","Flex+1","Pommel Strike+1","Infernal Blade+1","Rage+1","Iron Wave+1","Clash","Dual Wield+1"],"special_seed":0,"relics":["Burning Blood","Ornamental Fan","Pantograph","Self Forming Clay","Toxic Egg 2","SlaversCollar","Enchiridion","Mummified Hand","Letter Opener","Bottled Flame","Coffee Dripper","Eternal Feather","Lantern","Blood Vial","Calipers"],"potions_floor_usage":[29,33,50,50,50],"damage_taken":[{"damage":4.0,"enemies":"Jaw Worm","floor":1.0,"turns":7.0},{"damage":0.0,"enemies":"Small Slimes","floor":4.0,"turns":3.0},{"damage":9.0,"enemies":"2 Louse","floor":5.0,"turns":3.0},{"damage":41.0,"enemies":"3 Sentries","floor":6.0,"turns":12.0},{"damage":3.0,"enemies":"Exordium Thugs","floor":10.0,"turns":4.0},{"damage":8.0,"enemies":"Lots of Slimes","floor":11.0,"turns":4.0},{"damage":23.0,"enemies":"Gremlin Nob","floor":13.0,"turns":5.0},{"damage":42.0,"enemies":"The Guardian","floor":16.0,"turns":10.0},{"damage":29.0,"enemies":"Spheric Guardian","floor":18.0,"turns":6.0},{"damage":11.0,"enemies":"Shell Parasite","floor":19.0,"turns":2.0},{"damage":6.0,"enemies":"3 Cultists","floor":22.0,"turns":4.0},{"damage":6.0,"enemies":"Book of Stabbing","floor":24.0,"turns":4.0},{"damage":6,"enemies":"Slavers","floor":29,"turns":3},{"damage":6,"enemies":"Snake Plant","floor":30,"turns":1},{"damage":38,"enemies":"Champ","floor":33,"turns":5},{"damage":6,"enemies":"3 Shapes","floor":35,"turns":1},{"damage":6,"enemies":"3 Darklings","floor":36,"turns":1},{"damage":6,"enemies":"Maw","floor":38,"turns":4},{"damage":12,"enemies":"Giant Head","floor":41,"turns":5},{"damage":14,"enemies":"Nemesis","floor":45,"turns":5},{"damage":0,"enemies":"Sphere and 2 Shapes","floor":46,"turns":3},{"damage":6,"enemies":"Giant Head","floor":47,"turns":4},{"damage":0,"enemies":"Transient","floor":48,"turns":5},{"damage":50,"enemies":"Awakened One","floor":50,"turns":7}],"seed_played":"4019415127122184119","potions_obtained":[{"floor":6.0,"key":"EssenceOfSteel"},{"floor":13.0,"key":"Fire Potion"},{"floor":19.0,"key":"PowerPotion"},{"floor":24.0,"key":"Ancient Potion"},{"floor":30,"key":"GamblersBrew"},{"floor":36,"key":"Block Potion"},{"floor":45,"key":"Swift Potion"},{"floor":46,"key":"SteroidPotion"},{"floor":47,"key":"AttackPotion"}],"is_trial":false,"path_per_floor":["M","?","?","M","M","E","?","R","T","M","M","$","E","$","R","B",null,"M","M","?","?","M","R","E","$","T","$","$","E","M","?","R","B",null,"M","M","$","M","?","R","E","R","T","?","E","M","E","M","R","B",null],"character_chosen":"IRONCLAD","items_purchased":["Infernal Blade+1"],"campfire_rested":1,"item_purchase_floors":[28],"current_hp_per_floor":[80,73,55,61,58,23,23,23,23,26,24,24,7,7,31,20,80,57,52,36,36,36,36,36,36,36,36,36,36,36,62,62,48,80,80,80,80,80,76,76,70,76,76,76,68,76,76,76,76,32],"gold":213,"neow_bonus":"","is_prod":false,"is_daily":false,"chose_seed":false,"campfire_upgraded":6,"win_rate":0.0,"timestamp":1569687901,"path_taken":["M","?","?","M","M","E","?","R","T","?","M","?","E","$","R","BOSS","M","M","?","?","M","R","E","$","T","?","$","E","M","?","R","BOSS","M","M","$","M","?","R","E","R","T","?","E","M","E","M","R","BOSS"],"build_version":"2019-09-27","purchased_purges":5,"victory":true,"max_hp_per_floor":[80,80,80,80,80,80,80,80,80,80,80,80,80,80,80,80,80,80,80,80,80,80,80,80,80,80,80,80,80,80,80,80,80,80,80,80,80,80,76,76,76,76,76,76,76,76,76,76,76,76],"card_choices":[{"not_picked":["Cleave","Iron Wave"],"picked":"Clash","floor":1.0},{"not_picked":["Headbutt","Rupture","Second Wind"],"picked":"SKIP","floor":4.0},{"not_picked":["Battle Trance","Body Slam","Pummel"],"picked":"SKIP","floor":5.0},{"not_picked":["Pommel Strike","Corruption"],"picked":"Iron Wave","floor":6.0},{"not_picked":["Anger","Fire Breathing","Body Slam"],"picked":"SKIP","floor":10.0},{"not_picked":["Pummel","Sword Boomerang","Anger"],"picked":"SKIP","floor":11.0},{"not_picked":["Hemokinesis","Headbutt"],"picked":"Dropkick","floor":13.0},{"not_picked":["Brutality","Bludgeon"],"picked":"Offering+1","floor":16.0},{"not_picked":["Shrug It Off+1","Twin Strike"],"picked":"Flex+1","floor":18.0},{"not_picked":["Flame Barrier+1","Iron Wave+1"],"picked":"Clash","floor":19.0},{"not_picked":["Intimidate+1","Twin Strike"],"picked":"Thunderclap","floor":22.0},{"not_picked":["Disarm+1","Entrench+1"],"picked":"Uppercut","floor":24.0},{"not_picked":["True Grit+1","Sword Boomerang"],"picked":"Flex+1","floor":29},{"not_picked":["Feel No Pain","Inflame","Clothesline"],"picked":"SKIP","floor":30},{"not_picked":["Armaments+1","Entrench+1"],"picked":"Pommel Strike+1","floor":35},{"not_picked":["Anger+1","Power Through+1","True Grit+1"],"picked":"SKIP","floor":36},{"not_picked":["True Grit+1","Thunderclap"],"picked":"Infernal Blade+1","floor":38},{"not_picked":["Juggernaut","Twin Strike"],"picked":"Rage+1","floor":41},{"not_picked":["True Grit+1","Headbutt+1"],"picked":"Clash","floor":45},{"not_picked":["True Grit+1","Thunderclap+1","Hemokinesis+1"],"picked":"SKIP","floor":46},{"not_picked":["Twin Strike+1","Sword Boomerang","Flex+1"],"picked":"SKIP","floor":47},{"not_picked":["Seeing Red+1","Reckless Charge"],"picked":"Dual Wield+1","floor":48}],"player_experience":0,"relics_obtained":[{"floor":6.0,"key":"Pantograph"},{"floor":9.0,"key":"Self Forming Clay"},{"floor":13.0,"key":"Toxic Egg 2"},{"floor":20.0,"key":"Enchiridion"},{"floor":24.0,"key":"Mummified Hand"},{"floor":26.0,"key":"Letter Opener"},{"floor":29,"key":"Bottled Flame"},{"floor":41,"key":"Eternal Feather"},{"floor":43,"key":"Lantern"},{"floor":45,"key":"Blood Vial"},{"floor":47,"key":"Calipers"}],"event_choices":[{"cards_removed":["Strike_R"],"damage_healed":0.0,"max_hp_gain":0.0,"max_hp_loss":0.0,"gold_gain":0.0,"event_name":"Golden Wing","player_choice":"Card Removal","floor":2.0,"gold_loss":0.0,"damage_taken":7.0},{"damage_healed":0.0,"max_hp_gain":0.0,"max_hp_loss":0.0,"gold_gain":0.0,"event_name":"Scrap Ooze","player_choice":"Success","floor":3.0,"gold_loss":0.0,"damage_taken":18.0,"relics_obtained":["Ornamental Fan"]},{"damage_healed":0.0,"max_hp_gain":0.0,"max_hp_loss":0.0,"gold_gain":100.0,"event_name":"Golden Shrine","player_choice":"Pray","floor":7.0,"gold_loss":0.0,"damage_taken":0.0},{"damage_healed":0.0,"max_hp_gain":0.0,"max_hp_loss":0.0,"gold_gain":0.0,"event_name":"Cursed Tome","player_choice":"Obtained Book","floor":20.0,"gold_loss":0.0,"damage_taken":16.0},{"damage_healed":0.0,"max_hp_gain":0.0,"max_hp_loss":0.0,"gold_gain":0.0,"event_name":"Vampires","player_choice":"Ignored","floor":21.0,"gold_loss":0.0,"damage_taken":0.0},{"damage_healed":26,"gold_gain":0,"player_choice":"Heal","damage_taken":0,"max_hp_gain":0,"max_hp_loss":0,"event_name":"The Library","floor":31,"gold_loss":0},{"damage_healed":0,"gold_gain":0,"player_choice":"Max HP","damage_taken":0,"max_hp_gain":0,"max_hp_loss":4,"event_name":"Winding Halls","floor":39,"gold_loss":0},{"cards_removed":["Strike_R"],"damage_healed":0,"gold_gain":0,"player_choice":"Took Card","damage_taken":0,"max_hp_gain":0,"max_hp_loss":0,"event_name":"NoteForYourself","floor":44,"gold_loss":0,"cards_obtained":["Iron Wave"]}],"is_beta":true,"boss_relics":[{"not_picked":["Cursed Key","Ectoplasm"],"picked":"SlaversCollar"},{"not_picked":["Philosopher\u0027s Stone","Calling Bell"],"picked":"Coffee Dripper"}],"items_purged_floors":[12,14,25,27,37],"is_endless":false,"potions_floor_spawned":[6,13,19,24,30,36,45,46,47],"ascension_level":0}