{"gold_per_floor":[119,119,119,129,129,129,163,163,163,179,81,256,256,289,289,388,388,401,401,417,68,68,68,68],"floor_reached":24,"playtime":1045,"items_purged":["Strike_G","Strike_G"],"score":329,"play_id":"76f9ae97-c4cc-43a7-a795-c4fba7ea040f","local_time":"20661003084555","is_ascension_mode":true,"campfire_choices":[{"data":"Neutralize","floor":6.0,"key":"SMITH"},{"data":"Acrobatics","floor":8.0,"key":"SMITH"},{"data":"Prepared","floor":13.0,"key":"SMITH"},{"data":"Phantasmal Killer","floor":15.0,"key":"SMITH"},{"data":"After Image","floor":23.0,"key":"SMITH"}],"neow_cost":"NONE","seed_source_timestamp":1209590457068,"circlet_count":0,"master_deck":["Defend_G","Defend_G","Defend_G","Strike_G","Strike_G","Survivor","Neutralize+1","Acrobatics+1","All Out Attack","Underhanded Strike","Dagger Throw","Prepared+1","Phantasmal Killer+1","After Image+1","PiercingWail","Quick Slash"],"special_seed":0,"relics":["Ring of the Snake","NeowsBlessing","Bag of Marbles","Ornamental Fan","Empty Cage","Kunai","Nloth\u0027s Gift"],"potions_floor_usage":[24],"damage_taken":[{"damage":0.0,"enemies":"2 Louse","floor":1.0,"turns":1.0},{"damage":0.0,"enemies":"Jaw Worm","floor":4.0,"turns":1.0},{"damage":0.0,"enemies":"3 Sentries","floor":7.0,"turns":1.0},{"damage":0.0,"enemies":"Cultist","floor":10.0,"turns":3.0},{"damage":12.0,"enemies":"Lagavulin","floor":14.0,"turns":4.0},{"damage":12.0,"enemies":"Slime Boss","floor":16.0,"turns":6.0},{"damage":13.0,"enemies":"2 Thieves","floor":18.0,"turns":4.0},{"damage":8.0,"enemies":"Shell Parasite","floor":20.0,"turns":7.0},{"damage":37,"enemies":"Slavers","floor":24,"turns":5}],"seed_played":"1472887867061897031","potions_obtained":[{"floor":4.0,"key":"SteroidPotion"},{"floor":7.0,"key":"Swift Potion"},{"floor":16.0,"key":"Explosive Potion"},{"floor":20.0,"key":"SteroidPotion"}],"is_trial":false,"path_per_floor":["M","?","?","M","?","R","E","R","T","M","$","?","R","E","R","B",null,"M","?","M","$","?","R","E"],"character_chosen":"THE_SILENT","items_purchased":["Prepared","Kunai"],"campfire_rested":0,"item_purchase_floors":[11,21],"current_hp_per_floor":[63,63,63,63,63,63,63,63,73,73,73,73,73,61,61,49,72,59,44,36,36,36,36,0],"gold":68,"neow_bonus":"THREE_ENEMY_KILL","is_prod":false,"is_daily":false,"chose_seed":false,"campfire_upgraded":5,"win_rate":0,"timestamp":3053292355,"path_taken":["M","?","?","?","?","R","E","R","T","M","$","?","R","E","R","BOSS","M","?","M","$","?","R","E"],"build_version":"2018-11-01","purchased_purges":2,"victory":false,"max_hp_per_floor":[70,70,70,70,70,70,70,70,80,80,80,80,80,80,80,80,80,80,85,85,85,85,85,85],"card_choices":[{"not_picked":["Underhanded Strike","Eviscerate"],"picked":"Acrobatics","floor":1.0},{"not_picked":["PiercingWail","Deadly Poison"],"picked":"All Out Attack","floor":4.0},{"not_picked":["Deflect","Terror"],"picked":"Underhanded Strike","floor":7.0},{"not_picked":["Quick Slash","Blade Dance"],"picked":"Dagger Throw","floor":10.0},{"not_picked":["Backflip","Sucker Punch"],"picked":"Phantasmal Killer","floor":14.0},{"not_picked":["Unload","Storm of Steel"],"picked":"After Image","floor":16.0},{"not_picked":["Bane+1","Flechettes"],"picked":"PiercingWail","floor":18.0},{"not_picked":["Deadly Poison","Outmaneuver"],"picked":"Quick Slash","floor":20.0}],"player_experience":395224,"relics_obtained":[{"floor":7.0,"key":"Bag of Marbles"},{"floor":9.0,"key":"Pear"},{"floor":14.0,"key":"Ornamental Fan"}],"event_choices":[{"damage_healed":0.0,"max_hp_gain":0.0,"max_hp_loss":0.0,"gold_gain":0.0,"event_name":"Shining Light","player_choice":"Ignored","floor":2.0,"gold_loss":0.0,"damage_taken":0.0},{"cards_removed":["Defend_G"],"damage_healed":0.0,"max_hp_gain":0.0,"max_hp_loss":0.0,"gold_gain":0.0,"event_name":"Purifier","player_choice":"Purged","floor":3.0,"gold_loss":0.0,"damage_taken":0.0},{"cards_removed":["Strike_G"],"damage_healed":0.0,"max_hp_gain":0.0,"max_hp_loss":0.0,"gold_gain":0.0,"event_name":"Living Wall","player_choice":"Forget","floor":5.0,"gold_loss":0.0,"damage_taken":0.0},{"damage_healed":0.0,"max_hp_gain":0.0,"max_hp_loss":0.0,"gold_gain":175.0,"event_name":"Liars Game","player_choice":"AGREE","floor":12.0,"gold_loss":0.0,"damage_taken":0.0,"cards_obtained":["Doubt"]},{"damage_healed":0.0,"max_hp_gain":5.0,"max_hp_loss":0.0,"gold_gain":0.0,"event_name":"Forgotten Altar","player_choice":"Shed Blood","floor":19.0,"gold_loss":0.0,"damage_taken":20.0},{"damage_healed":0.0,"max_hp_gain":0.0,"max_hp_loss":0.0,"gold_gain":0.0,"event_name":"N\u0027loth","player_choice":"Traded Relic","floor":22.0,"relics_lost":["Pear"],"gold_loss":0.0,"damage_taken":0.0,"relics_obtained":["Nloth\u0027s Gift"]}],"is_beta":false,"boss_relics":[{"not_picked":["Fusion Hammer","Lizard Tail"],"picked":"Empty Cage"}],"items_purged_floors":[11,21],"is_endless":false,"potions_floor_spawned":[4,7,16,20],"killed_by":"Slavers","ascension_level":7}