{"gold_per_floor":[117,136,147,422,347,372,372,372,426,450,467,367,367,394,394,490,490,508,608,483,494,506,536,536,536,536,536,221,221,240,255,255,352,352,371,231,242,256,50,76,87,9,32,45,45,7,19,29,29,29],"floor_reached":51,"playtime":2622,"items_purged":["Doubt","Regret","Strike_R","Strike_R","Strike_R"],"score":932,"play_id":"c87f4913-cb70-4535-a081-a6a1bd778744","local_time":"20181012021433","is_ascension_mode":false,"campfire_choices":[{"floor":7.0,"key":"REST"},{"data":"Flex","floor":15,"key":"SMITH"},{"data":"Anger","floor":24,"key":"SMITH"},{"data":"Flex","floor":29,"key":"SMITH"},{"data":"Warcry","floor":32,"key":"SMITH"},{"data":"Panacea","floor":45,"key":"SMITH"},{"data":"Defend_R","floor":49,"key":"SMITH"}],"neow_cost":"CURSE","seed_source_timestamp":12025164640254,"circlet_count":0,"master_deck":["Strike_R+1","Strike_R","Defend_R+1","Defend_R+1","Defend_R+1","Bash+1","Flex+1","Clash","Warcry+1","Clash","Bloodletting+1","Flex+1","Anger+1","Clash","Offering","Intimidate+1","Clash+1","Bloodletting+1","Panacea+1","Anger+1"],"special_seed":0,"relics":["Burning Blood","Unceasing Top","Strawberry","Bag of Marbles","War Paint","Ancient Tea Set","Runic Dome","Vajra","The Courier","Paper Frog","Coffee Dripper","Shuriken","Whetstone","Potion Belt"],"potions_floor_usage":[16,16,23,50,50,50],"damage_taken":[{"damage":18.0,"enemies":"Cultist","floor":1.0,"turns":5.0},{"damage":8.0,"enemies":"Small Slimes","floor":2.0,"turns":4.0},{"damage":14.0,"enemies":"Jaw Worm","floor":3.0,"turns":4.0},{"damage":54.0,"enemies":"3 Sentries","floor":6.0,"turns":11.0},{"damage":2.0,"enemies":"Lots of Slimes","floor":11.0,"turns":4.0},{"damage":10,"enemies":"Gremlin Nob","floor":14,"turns":3},{"damage":30,"enemies":"The Guardian","floor":16,"turns":7},{"damage":15,"enemies":"3 Byrds","floor":18,"turns":6},{"damage":0,"enemies":"Spheric Guardian","floor":21,"turns":1},{"damage":35,"enemies":"Shelled Parasite and Fungi","floor":22,"turns":3},{"damage":31,"enemies":"Gremlin Leader","floor":23,"turns":5},{"damage":3,"enemies":"Cultist and Chosen","floor":30,"turns":1},{"damage":0,"enemies":"Snake Plant","floor":31,"turns":1},{"damage":9,"enemies":"Automaton","floor":33,"turns":5},{"damage":3,"enemies":"Orb Walker","floor":35,"turns":1},{"damage":9,"enemies":"3 Darklings","floor":37,"turns":2},{"damage":15,"enemies":"Transient","floor":38,"turns":4},{"damage":15,"enemies":"Giant Head","floor":40,"turns":2},{"damage":0,"enemies":"Reptomancer","floor":41,"turns":1},{"damage":12,"enemies":"Sphere and 2 Shapes","floor":44,"turns":1},{"damage":9,"enemies":"3 Darklings","floor":47,"turns":1},{"damage":21,"enemies":"Transient","floor":48,"turns":2},{"damage":12,"enemies":"Donu and Deca","floor":50,"turns":1}],"seed_played":"-3912908267729654628","potions_obtained":[{"floor":2.0,"key":"SteroidPotion"},{"floor":6.0,"key":"Weak Potion"},{"floor":14,"key":"Weak Potion"},{"floor":18,"key":"Poison Potion"},{"floor":22,"key":"FairyPotion"},{"floor":33,"key":"GamblersBrew"},{"floor":40,"key":"FearPotion"},{"floor":44,"key":"Poison Potion"},{"floor":47,"key":"Strength Potion"}],"is_trial":false,"path_per_floor":["M","M","M","?","$","E","R","?","T","T","M","$","?","E","R","B",null,"M","?","$","M","M","E","R","?","T","?","$","R","M","M","R","B",null,"M","$","M","M","$","E","M","$","T","M","R","$","M","M","R","B"],"character_chosen":"IRONCLAD","items_purchased":["Paper Frog","Shuriken","Panacea","SteroidPotion"],"campfire_rested":1,"item_purchase_floors":[28,39,42,46],"current_hp_per_floor":[68,66,58,58,58,17,43,48,48,48,52,52,52,48,48,24,92,83,83,83,89,60,35,35,35,35,35,35,35,38,44,44,41,92,92,92,89,80,80,71,77,77,77,71,71,71,68,53,53,47],"gold":29,"neow_bonus":"ONE_RARE_RELIC","is_prod":false,"is_daily":false,"chose_seed":false,"campfire_upgraded":6,"win_rate":0,"timestamp":1539281673,"path_taken":["M","?","M","?","$","E","R","?","T","?","?","?","?","E","R","BOSS","M","?","$","M","M","E","R","?","T","?","$","R","M","M","R","BOSS","M","$","?","M","$","E","M","$","T","M","R","?","M","M","R","BOSS"],"build_version":"2018-10-04v2","purchased_purges":5,"victory":true,"max_hp_per_floor":[80,80,80,80,80,87,87,92,92,92,92,92,92,92,92,92,92,92,92,92,92,92,92,92,92,92,92,92,92,92,92,92,92,92,92,92,92,92,92,92,92,92,92,92,92,92,92,92,92,92],"card_choices":[{"not_picked":["Fire Breathing","Cleave","Sword Boomerang"],"picked":"SKIP","floor":1.0},{"not_picked":["Cleave","Sword Boomerang"],"picked":"Flex","floor":2.0},{"not_picked":["Disarm","Second Wind"],"picked":"Clash","floor":3.0},{"not_picked":["Iron Wave","Sword Boomerang"],"picked":"Warcry","floor":6.0},{"not_picked":["Perfected Strike","Heavy Blade","Sword Boomerang"],"picked":"SKIP","floor":11.0},{"not_picked":["Pommel Strike","Sword Boomerang","Barricade"],"picked":"SKIP","floor":14},{"not_picked":["Perfected Strike","Evolve"],"picked":"Clash","floor":18},{"not_picked":["Shrug It Off","Heavy Blade"],"picked":"Bloodletting","floor":21},{"not_picked":["Twin Strike","Shrug It Off+1"],"picked":"Flex","floor":22},{"not_picked":["Feel No Pain+1","Clash"],"picked":"Anger","floor":23},{"not_picked":["Demon Form","Sword Boomerang","Perfected Strike"],"picked":"SKIP","floor":30},{"not_picked":["Sword Boomerang","True Grit"],"picked":"Clash","floor":31},{"not_picked":["Exhume","Juggernaut"],"picked":"Offering","floor":33},{"not_picked":["Warcry","Havoc"],"picked":"Intimidate+1","floor":35},{"not_picked":["Wild Strike+1","Fire Breathing"],"picked":"Clash+1","floor":37},{"not_picked":["Heavy Blade+1","True Grit"],"picked":"Bloodletting+1","floor":38},{"not_picked":["Bloodletting+1","Uppercut","Corruption+1"],"picked":"SKIP","floor":40},{"not_picked":["Bloodletting+1","Uppercut","Corruption+1"],"picked":"SKIP","floor":40},{"not_picked":["Perfected Strike","Clothesline","Blood for Blood+1"],"picked":"SKIP","floor":41},{"not_picked":["Pummel+1","Perfected Strike","Dual Wield+1"],"picked":"SKIP","floor":44},{"not_picked":["Double Tap","Searing Blow","Flame Barrier"],"picked":"SKIP","floor":47},{"not_picked":["Burning Pact","Armaments"],"picked":"Anger+1","floor":48}],"player_experience":310678,"relics_obtained":[{"floor":6.0,"key":"Strawberry"},{"floor":9.0,"key":"Bag of Marbles"},{"floor":10.0,"key":"War Paint"},{"floor":14,"key":"Ancient Tea Set"},{"floor":23,"key":"Vajra"},{"floor":26,"key":"The Courier"},{"floor":40,"key":"Whetstone"},{"floor":43,"key":"Potion Belt"}],"event_choices":[{"event_name":"Golden Shrine","player_choice":"Desecrate","floor":4.0,"damage_taken":0.0},{"event_name":"Big Fish","player_choice":"Donut","floor":8.0,"damage_taken":0.0},{"event_name":"Bonfire Elementals","player_choice":"BASIC","floor":13,"damage_taken":0},{"event_name":"Golden Shrine","player_choice":"Pray","floor":19,"damage_taken":0},{"event_name":"Accursed Blacksmith","player_choice":"Forge","floor":25,"damage_taken":0},{"event_name":"Cursed Tome","player_choice":"Ignored","floor":27,"damage_taken":0}],"is_beta":false,"boss_relics":[{"not_picked":["Orrery","Astrolabe"],"picked":"Runic Dome"},{"not_picked":["Tiny House","Mark of Pain"],"picked":"Coffee Dripper"}],"items_purged_floors":[5,12,20,28,36],"is_endless":false,"potions_floor_spawned":[2,6,14,18,22,33,40,41,44,47],"ascension_level":0}