{"gold_per_floor":[119,119,119,119,140,140,175,175,228,254,191,191,214,227,227,347,410,426,326,341,341,216,257,107,120,120,120,145,145,70,85,85,206,206,231,231,56,56,70,109,122,122,122,143,143,157,180,240,240,240],"floor_reached":51,"playtime":1279,"items_purged":["Defend_R","Defend_R","Strike_R","Strike_R","Bash"],"score":847,"play_id":"dc6e2c45-38cd-4ac9-af15-2808ba9e8761","local_time":"20181016020534","is_ascension_mode":false,"campfire_choices":[{"floor":6.0,"key":"REST"},{"floor":8.0,"key":"REST"},{"floor":12.0,"key":"REST"},{"floor":15.0,"key":"REST"},{"data":"Anger","floor":27,"key":"SMITH"},{"data":"Clash","floor":29,"key":"SMITH"},{"floor":32,"key":"REST"},{"floor":49,"key":"REST"}],"neow_cost":"","seed_source_timestamp":33703898653659,"circlet_count":0,"master_deck":["Clash+1","Anger+1","Clash+1"],"special_seed":0,"relics":["Burning Blood","Golden Idol","Unceasing Top","Dodecahedron","MawBank","Tiny House","Shuriken","Paper Frog","Empty Cage","Bird Faced Urn","Mummified Hand","Matryoshka","StoneCalendar"],"potions_floor_usage":[50,50],"damage_taken":[{"damage":6.0,"enemies":"Cultist","floor":1.0,"turns":4.0},{"damage":6.0,"enemies":"Jaw Worm","floor":5.0,"turns":3.0},{"damage":61.0,"enemies":"3 Sentries","floor":7.0,"turns":11.0},{"damage":8.0,"enemies":"2 Louse","floor":10.0,"turns":2.0},{"damage":33.0,"enemies":"Exordium Wildlife","floor":13.0,"turns":5.0},{"damage":10.0,"enemies":"Looter","floor":14.0,"turns":2.0},{"damage":37.0,"enemies":"Slime Boss","floor":16.0,"turns":9.0},{"damage":22.0,"enemies":"Spheric Guardian","floor":18.0,"turns":4.0},{"damage":13.0,"enemies":"3 Byrds","floor":20.0,"turns":5.0},{"damage":4,"enemies":"Gremlin Leader","floor":23,"turns":4},{"damage":0,"enemies":"Snecko","floor":25,"turns":2},{"damage":10,"enemies":"Cultist and Chosen","floor":28,"turns":2},{"damage":8,"enemies":"Centurion and Healer","floor":31,"turns":2},{"damage":36,"enemies":"Champ","floor":33,"turns":3},{"damage":0,"enemies":"3 Darklings","floor":35,"turns":1},{"damage":0,"enemies":"Mind Bloom Boss Battle","floor":36,"turns":1},{"damage":0,"enemies":"3 Shapes","floor":39,"turns":1},{"damage":0,"enemies":"Giant Head","floor":40,"turns":1},{"damage":0,"enemies":"Reptomancer","floor":41,"turns":1},{"damage":0,"enemies":"Jaw Worm Horde","floor":44,"turns":1},{"damage":0,"enemies":"Sphere and 2 Shapes","floor":46,"turns":1},{"damage":0,"enemies":"Transient","floor":47,"turns":1},{"damage":12,"enemies":"Mysterious Sphere","floor":48,"turns":1},{"damage":0,"enemies":"Donu and Deca","floor":50,"turns":1}],"seed_played":"-3916030448151919963","potions_obtained":[{"floor":7.0,"key":"Regen Potion"},{"floor":13.0,"key":"Poison Potion"},{"floor":14.0,"key":"AttackPotion"},{"floor":17.0,"key":"Fire Potion"},{"floor":18.0,"key":"SpeedPotion"},{"floor":25,"key":"PowerPotion"}],"is_trial":false,"path_per_floor":["M","?","?","?","M","R","E","R","T","M","$","R","M","M","R","B",null,"M","$","M","?","$","E","$","M","T","R","M","R","?","M","R","B",null,"M","?","$","?","M","E","M","?","T","M","$","M","M","?","R","B"],"character_chosen":"IRONCLAD","items_purchased":[],"campfire_rested":6,"item_purchase_floors":[],"current_hp_per_floor":[80,60,53,50,50,74,19,43,43,41,41,65,38,34,58,27,85,69,69,62,62,62,64,64,70,70,70,66,66,66,64,85,55,85,85,85,85,85,85,85,85,85,85,85,85,85,85,79,85,85],"gold":240,"neow_bonus":"","is_prod":false,"is_daily":false,"chose_seed":false,"campfire_upgraded":2,"win_rate":0,"timestamp":1539648334,"path_taken":["M","?","?","?","M","R","E","R","T","M","$","R","M","M","R","BOSS","M","$","M","?","$","E","$","M","T","R","M","R","?","M","R","BOSS","M","?","$","?","M","E","M","?","T","?","?","M","M","?","R","BOSS"],"build_version":"2018-10-11","purchased_purges":5,"victory":true,"max_hp_per_floor":[80,80,80,80,80,80,80,80,80,80,80,80,80,80,80,80,85,85,85,85,85,85,85,85,85,85,85,85,85,85,85,85,85,85,85,85,85,85,85,85,85,85,85,85,85,85,85,85,85,85],"card_choices":[{"not_picked":["Wild Strike","Combust","Carnage"],"picked":"SKIP","floor":1.0},{"not_picked":["Carnage","Flex","Wild Strike"],"picked":"SKIP","floor":5.0},{"not_picked":["Iron Wave","Hemokinesis","Wild Strike"],"picked":"SKIP","floor":7.0},{"not_picked":["Body Slam","Combust","Clothesline"],"picked":"SKIP","floor":10.0},{"not_picked":["Wild Strike","Shockwave","Rupture"],"picked":"SKIP","floor":13.0},{"not_picked":["Flame Barrier","Battle Trance"],"picked":"Clash","floor":14.0},{"not_picked":["Sever Soul","Bloodletting"],"picked":"Anger+1","floor":18.0},{"not_picked":["Anger+1","Second Wind"],"picked":"Clash+1","floor":20.0},{"not_picked":["Whirlwind+1","Immolate","Barricade"],"picked":"SKIP","floor":23},{"not_picked":["Sword Boomerang","Iron Wave+1"],"picked":"Anger","floor":25},{"not_picked":["Clothesline","Combust","Infernal Blade"],"picked":"SKIP","floor":28},{"not_picked":["Flex","Entrench","Thunderclap"],"picked":"SKIP","floor":31},{"not_picked":["Flex+1","Perfected Strike+1","Whirlwind"],"picked":"SKIP","floor":35},{"not_picked":["Cleave","Dropkick","Wild Strike+1"],"picked":"SKIP","floor":39},{"not_picked":["Shockwave+1","Feel No Pain+1","Barricade"],"picked":"SKIP","floor":40},{"not_picked":["Shockwave+1","Feel No Pain+1","Barricade"],"picked":"SKIP","floor":40},{"not_picked":["Havoc","Whirlwind","Flex+1"],"picked":"SKIP","floor":41},{"not_picked":["Heavy Blade+1","Ghostly Armor","Warcry"],"picked":"SKIP","floor":44},{"not_picked":["Clothesline+1","Flex+1","Rampage"],"picked":"SKIP","floor":46},{"not_picked":["Clash+1","Metallicize","Havoc+1"],"picked":"SKIP","floor":47},{"not_picked":["Clash+1","Metallicize","Havoc+1"],"picked":"SKIP","floor":47}],"player_experience":685103,"relics_obtained":[{"floor":7.0,"key":"Dodecahedron"},{"floor":9.0,"key":"MawBank"},{"floor":23,"key":"Shuriken"},{"floor":26,"key":"Paper Frog"},{"floor":36,"key":"Bird Faced Urn"},{"floor":40,"key":"Mummified Hand"},{"floor":43,"key":"Matryoshka"},{"floor":48,"key":"StoneCalendar"}],"event_choices":[{"event_name":"Golden Idol","player_choice":"Take Damage","floor":2.0,"damage_taken":0.0},{"event_name":"Golden Wing","player_choice":"Card Removal","floor":3.0,"damage_taken":0.0},{"event_name":"Scrap Ooze","player_choice":"success","floor":4.0,"damage_taken":3.0},{"event_name":"Back to Basics","player_choice":"Elegance","floor":21.0,"damage_taken":0.0},{"event_name":"Beggar","player_choice":"Gave Gold","floor":30,"damage_taken":0},{"event_name":"MindBloom","player_choice":"Fight","floor":36,"damage_taken":0},{"event_name":"Falling","player_choice":"Removed Attack","floor":38,"damage_taken":0},{"event_name":"SensoryStone","player_choice":"Memory 1","floor":42,"damage_taken":0},{"event_name":"Mysterious Sphere","player_choice":"Fight","floor":48,"damage_taken":0}],"is_beta":true,"boss_relics":[{"not_picked":["Mark of Pain","Busted Crown"],"picked":"Tiny House"},{"not_picked":["Lizard Tail","Velvet Choker"],"picked":"Empty Cage"}],"items_purged_floors":[11,19,22,24,37],"is_endless":false,"potions_floor_spawned":[7,13,14,18,25,35,39,46,47],"ascension_level":0}