{"gold_per_floor":[110,210,228,246,262,262,262,262,287,287,313,330,340,370,370,470,470,483,483,513,527,538,538,538,538,538,553,583,583,583,329,329,424,424,444,95,107,123,123,123,123,123,178,178,138,154,182,198,198,198,198,198,28,60,60],"floor_reached":55,"playtime":3210,"items_purged":["Bite","Rebound"],"score":665,"play_id":"769313a1-75d2-4de4-a9ef-3521e7514a55","local_time":"20190916022540","is_ascension_mode":false,"campfire_choices":[{"data":"Zap","floor":6.0,"key":"SMITH"},{"data":"Dualcast","floor":8.0,"key":"SMITH"},{"data":"Chill","floor":10.0,"key":"SMITH"},{"data":"Scrape","floor":15.0,"key":"SMITH"},{"data":"Beam Cell","floor":23.0,"key":"SMITH"},{"floor":29.0,"key":"RECALL"},{"floor":32.0,"key":"REST"},{"data":"Panache","floor":40.0,"key":"SMITH"},{"data":"Madness","floor":44.0,"key":"SMITH"},{"floor":49,"key":"REST"},{"data":"All For One","floor":52,"key":"SMITH"}],"neow_cost":"NONE","seed_source_timestamp":13007549073399,"circlet_count":0,"master_deck":["Defend_B+1","Defend_B+1","Zap+1","Dualcast+1","Scrape+1","Chill+1","Self Repair+1","Gash","Electrodynamics+1","Go for the Eyes","Rebound","All For One+1","Go for the Eyes","Bite","Bite","Bite","Cold Snap","Beam Cell+1","Beam Cell+1","Go for the Eyes+1","Panache+1","Madness+1","Madness","Gash","Chrysalis","Force Field+1"],"special_seed":0,"relics":["Cracked Core","Potion Belt","Odd Mushroom","Centennial Puzzle","Runic Pyramid","Red Mask","Juzu Bracelet","Enchiridion","Empty Cage","Kunai","Lantern","Boot","Happy Flower"],"potions_floor_usage":[47],"damage_taken":[{"damage":1.0,"enemies":"Jaw Worm","floor":1.0,"turns":4.0},{"damage":1.0,"enemies":"Cultist","floor":3.0,"turns":4.0},{"damage":1.0,"enemies":"2 Louse","floor":4.0,"turns":2.0},{"damage":3.0,"enemies":"Looter","floor":5.0,"turns":3.0},{"damage":0.0,"enemies":"The Mushroom Lair","floor":11.0,"turns":3.0},{"damage":14.0,"enemies":"Large Slime","floor":12.0,"turns":4.0},{"damage":10.0,"enemies":"Blue Slaver","floor":13.0,"turns":2.0},{"damage":3.0,"enemies":"Lagavulin","floor":14.0,"turns":6.0},{"damage":22.0,"enemies":"Hexaghost","floor":16.0,"turns":8.0},{"damage":3.0,"enemies":"Chosen","floor":18.0,"turns":3.0},{"damage":11.0,"enemies":"Masked Bandits","floor":20.0,"turns":4.0},{"damage":0.0,"enemies":"3 Byrds","floor":21.0,"turns":2.0},{"damage":14.0,"enemies":"Sentry and Sphere","floor":22.0,"turns":5.0},{"damage":1.0,"enemies":"Centurion and Healer","floor":27.0,"turns":4.0},{"damage":20.0,"enemies":"Book of Stabbing","floor":28.0,"turns":5.0},{"damage":32.0,"enemies":"Automaton","floor":33.0,"turns":7.0},{"damage":0.0,"enemies":"3 Shapes","floor":35.0,"turns":2.0},{"damage":11.0,"enemies":"3 Darklings","floor":37.0,"turns":3.0},{"damage":2.0,"enemies":"Maw","floor":38.0,"turns":6.0},{"damage":0.0,"enemies":"4 Shapes","floor":46.0,"turns":1.0},{"damage":41,"enemies":"Giant Head","floor":47,"turns":8},{"damage":18,"enemies":"Spire Growth","floor":48,"turns":4},{"damage":32,"enemies":"Awakened One","floor":50,"turns":9},{"damage":30,"enemies":"Shield and Spear","floor":54,"turns":4},{"damage":60,"enemies":"The Heart","floor":55,"turns":3}],"seed_played":"8277806144896566378","potions_obtained":[{"floor":1.0,"key":"Fire Potion"},{"floor":3.0,"key":"Poison Potion"},{"floor":4.0,"key":"Explosive Potion"},{"floor":13.0,"key":"Explosive Potion"},{"floor":20.0,"key":"Swift Potion"},{"floor":21.0,"key":"SpeedPotion"},{"floor":22.0,"key":"Dexterity Potion"},{"floor":35.0,"key":"EssenceOfSteel"}],"is_trial":false,"path_per_floor":["M","?","M","M","M","R","?","R","T","R","?","M","M","E","R","B",null,"M","?","?","M","M","R","?","?","T","M","E","R","?","$","R","B",null,"M","$","M","M","?","R","?","$","T","R","?","M","E","M","R","B",null,"R","$","E","B"],"character_chosen":"DEFECT","items_purchased":["Panache","Kunai","Chrysalis"],"campfire_rested":2,"item_purchase_floors":[31,36,53],"current_hp_per_floor":[81,81,80,79,76,76,60,60,60,60,67,60,50,54,54,39,82,82,57,50,54,57,57,57,48,48,58,49,49,33,33,51,34,62,62,62,60,62,62,62,54,54,54,54,54,54,35,31,49,37,62,62,62,48,0],"gold":60,"neow_bonus":"TEN_PERCENT_HP_BONUS","is_prod":false,"is_daily":false,"chose_seed":false,"campfire_upgraded":8,"win_rate":0,"timestamp":1568568340,"path_taken":["M","?","M","M","?","R","?","R","T","R","?","M","M","E","R","BOSS","M","?","?","M","M","R","?","?","T","M","E","R","?","$","R","BOSS","M","$","M","M","?","R","?","$","T","R","?","M","E","M","R","BOSS","R","$","E","BOSS"],"build_version":"2019-09-12","purchased_purges":2,"victory":false,"max_hp_per_floor":[82,82,82,82,82,82,82,82,82,82,82,82,82,82,82,82,82,82,57,57,57,57,57,57,62,62,62,62,62,62,62,62,62,62,62,62,62,62,62,62,62,62,62,62,62,62,62,62,62,62,62,62,62,62,62],"card_choices":[{"not_picked":["White Noise","Streamline"],"picked":"Scrape","floor":1.0},{"not_picked":["Recycle","Darkness"],"picked":"Chill","floor":3.0},{"not_picked":["Conserve Battery","BootSequence"],"picked":"Rebound","floor":4.0},{"not_picked":["Turbo","Ball Lightning"],"picked":"Self Repair","floor":5.0},{"not_picked":["Chaos","Fusion"],"picked":"Gash","floor":11.0},{"not_picked":["Barrage","Ball Lightning"],"picked":"Electrodynamics","floor":12.0},{"not_picked":["Compile Driver","Hologram"],"picked":"Go for the Eyes","floor":13.0},{"not_picked":["Echo Form","Hello World"],"picked":"Rebound","floor":14.0},{"not_picked":["Fission","Creative AI"],"picked":"All For One","floor":16.0},{"not_picked":["Compile Driver","Steam+1"],"picked":"Go for the Eyes","floor":18.0},{"not_picked":["Stack","Ball Lightning"],"picked":"Cold Snap","floor":20.0},{"not_picked":["Coolheaded","Hologram"],"picked":"Beam Cell","floor":21.0},{"not_picked":["Double Energy","Streamline"],"picked":"Beam Cell+1","floor":22.0},{"not_picked":["Reprogram","Seek","Hologram"],"picked":"SKIP","floor":27.0},{"not_picked":["Rebound","Hologram"],"picked":"Go for the Eyes+1","floor":28.0},{"not_picked":["Coolheaded+1","Hologram+1","Steam+1"],"picked":"SKIP","floor":35.0},{"not_picked":["Conserve Battery","Hologram","Leap+1"],"picked":"SKIP","floor":37.0},{"not_picked":["Coolheaded+1","Compile Driver+1","Hologram"],"picked":"SKIP","floor":38.0},{"not_picked":["White Noise+1","Chaos"],"picked":"Gash","floor":46.0},{"not_picked":["Self Repair+1","Steam","Undo+1"],"picked":"SKIP","floor":47},{"not_picked":["Biased Cognition","White Noise","Force Field+1"],"picked":"SKIP","floor":48},{"not_picked":["Chill+1","Scrape+1"],"picked":"Force Field+1","floor":54}],"player_experience":488974,"relics_obtained":[{"floor":9.0,"key":"Potion Belt"},{"floor":11.0,"key":"Odd Mushroom"},{"floor":14.0,"key":"Centennial Puzzle"},{"floor":20.0,"key":"Red Mask"},{"floor":28.0,"key":"Juzu Bracelet"},{"floor":30.0,"key":"Enchiridion"},{"floor":43.0,"key":"Lantern"},{"floor":47,"key":"Boot"},{"floor":54,"key":"Happy Flower"}],"event_choices":[{"damage_healed":0.0,"max_hp_gain":0.0,"max_hp_loss":0.0,"gold_gain":100.0,"event_name":"Wheel of Change","player_choice":"Gold","floor":2.0,"gold_loss":0.0,"damage_taken":0.0},{"damage_healed":0.0,"max_hp_gain":0.0,"max_hp_loss":0.0,"gold_gain":0.0,"event_name":"Shining Light","player_choice":"Entered Light","floor":7.0,"gold_loss":0.0,"damage_taken":16.0,"cards_upgraded":["Defend_B","Defend_B"]},{"damage_healed":0.0,"max_hp_gain":0.0,"max_hp_loss":0.0,"gold_gain":0.0,"event_name":"Mushrooms","player_choice":"Fought Mushrooms","floor":11.0,"gold_loss":0.0,"damage_taken":0.0},{"damage_healed":0.0,"max_hp_gain":0.0,"max_hp_loss":25.0,"gold_gain":0.0,"event_name":"Vampires","player_choice":"Became a vampire","floor":19.0,"gold_loss":0.0,"damage_taken":0.0,"cards_obtained":["Bite","Bite","Bite","Bite","Bite"]},{"damage_healed":0.0,"max_hp_gain":0.0,"max_hp_loss":0.0,"gold_gain":0.0,"event_name":"Masked Bandits","player_choice":"Fought Bandits","floor":20.0,"gold_loss":0.0,"damage_taken":0.0},{"cards_removed":["Defend_B"],"damage_healed":0.0,"max_hp_gain":0.0,"max_hp_loss":0.0,"gold_gain":0.0,"event_name":"Back to Basics","player_choice":"Elegance","floor":24.0,"gold_loss":0.0,"damage_taken":0.0},{"damage_healed":0.0,"max_hp_gain":5.0,"max_hp_loss":0.0,"gold_gain":0.0,"event_name":"Forgotten Altar","player_choice":"Shed Blood","floor":25.0,"gold_loss":0.0,"damage_taken":14.0},{"damage_healed":0.0,"max_hp_gain":0.0,"max_hp_loss":0.0,"gold_gain":0.0,"event_name":"Cursed Tome","player_choice":"Obtained Book","floor":30.0,"gold_loss":0.0,"damage_taken":16.0},{"damage_healed":0.0,"max_hp_gain":0.0,"max_hp_loss":0.0,"gold_gain":0.0,"event_name":"The Woman in Blue","player_choice":"Bought 0 Potions","floor":39.0,"gold_loss":0.0,"damage_taken":0.0},{"damage_healed":0.0,"max_hp_gain":0.0,"max_hp_loss":0.0,"gold_gain":0.0,"event_name":"Winding Halls","player_choice":"Embrace Madness","floor":41.0,"gold_loss":0.0,"damage_taken":8.0,"cards_obtained":["Madness","Madness"]},{"damage_healed":0.0,"max_hp_gain":0.0,"max_hp_loss":0.0,"gold_gain":0.0,"event_name":"Designer","player_choice":"Upgraded Two","floor":45.0,"gold_loss":40.0,"damage_taken":0.0,"cards_upgraded":["Electrodynamics","Self Repair"]}],"is_beta":true,"boss_relics":[{"not_picked":["Tiny House","Busted Crown"],"picked":"Runic Pyramid"},{"not_picked":["Velvet Choker","Nuclear Battery"],"picked":"Empty Cage"}],"items_purged_floors":[31,36],"is_endless":false,"potions_floor_spawned":[1,3,4,13,20,21,22,35],"killed_by":"The Heart","ascension_level":0}