{"gold_per_floor":[116,216,234,251,5,30,30,55,55,83,83,110,127,153,153,254,254,273,288,213,149,161,192,192,217,263,293,32,52,71,171,171,276,276,286,333,349,349,360,360,370,370,395,257,357,357,371,383,383,383],"floor_reached":50,"playtime":3194,"items_purged":["Strike_G","Strike_G"],"score":833,"play_id":"ac27534b-e4ac-4f77-bada-1316f63ce9b6","local_time":"20181111144548","is_ascension_mode":true,"campfire_choices":[{"data":"Neutralize","floor":7.0,"key":"SMITH"},{"data":"Cloak And Dagger","floor":15.0,"key":"SMITH"},{"data":"Sucker Punch","floor":24.0,"key":"SMITH"},{"data":"Mayhem","floor":32.0,"key":"SMITH"},{"data":"Blade Dance","floor":40.0,"key":"SMITH"},{"data":"Caltrops","floor":42.0,"key":"SMITH"},{"data":"Cloak And Dagger","floor":49.0,"key":"SMITH"}],"neow_cost":"NONE","seed_source_timestamp":5669030232873,"circlet_count":0,"master_deck":["Defend_G+1","Defend_G","Defend_G","Defend_G","Defend_G","Survivor","Neutralize+1","Deadly Poison+1","Sucker Punch+1","Bane","Flechettes","Heel Hook","Backflip+1","Cloak And Dagger+1","Poisoned Stab","Poisoned Stab","Die Die Die","Sucker Punch+1","Dagger Spray","Quick Slash","Finisher","Die Die Die","Blade Dance+1","Backstab+1","Mayhem+1","Impatience","Cloak And Dagger+1","Caltrops+1","Backflip","Die Die Die","Quick Slash+1","Bouncing Flask+1","Bane+1","Adrenaline","Catalyst","Cloak And Dagger+1","Blur+1","Distraction+1"],"special_seed":0,"relics":["Philosopher\u0027s Stone","Membership Card","Bottled Lightning","Shuriken","Meat on the Bone","Odd Mushroom","Dodecahedron","Vajra","Sozu","Incense Burner","Snake Skull","War Paint","Boot","Bag of Preparation","Pocketwatch","Sundial","Empty Cage","Du-Vu Doll","Art of War","Lee\u0027s Waffle","Ginger"],"potions_floor_usage":[],"damage_taken":[{"damage":1.0,"enemies":"Jaw Worm","floor":1.0,"turns":5.0},{"damage":2.0,"enemies":"Cultist","floor":3.0,"turns":4.0},{"damage":0.0,"enemies":"Small Slimes","floor":4.0,"turns":3.0},{"damage":12.0,"enemies":"Lagavulin","floor":6.0,"turns":7.0},{"damage":12.0,"enemies":"Gremlin Nob","floor":8.0,"turns":3.0},{"damage":7.0,"enemies":"The Mushroom Lair","floor":10.0,"turns":4.0},{"damage":16.0,"enemies":"3 Sentries","floor":12.0,"turns":9.0},{"damage":6.0,"enemies":"Red Slaver","floor":13.0,"turns":3.0},{"damage":17.0,"enemies":"Gremlin Nob","floor":14.0,"turns":3.0},{"damage":0.0,"enemies":"Slime Boss","floor":16.0,"turns":6.0},{"damage":16.0,"enemies":"3 Byrds","floor":18.0,"turns":5.0},{"damage":0.0,"enemies":"Spheric Guardian","floor":19.0,"turns":3.0},{"damage":18.0,"enemies":"Cultist and Chosen","floor":22.0,"turns":4.0},{"damage":14.0,"enemies":"Book of Stabbing","floor":23.0,"turns":3.0},{"damage":10.0,"enemies":"Gremlin Leader","floor":25.0,"turns":4.0},{"damage":29.0,"enemies":"Slavers","floor":27.0,"turns":2.0},{"damage":14.0,"enemies":"Snecko","floor":29.0,"turns":3.0},{"damage":1.0,"enemies":"Sentry and Sphere","floor":30.0,"turns":3.0},{"damage":0.0,"enemies":"Colosseum Slavers","floor":31.0,"turns":2.0},{"damage":0.0,"enemies":"Colosseum Nobs","floor":31.0,"turns":3.0},{"damage":30.0,"enemies":"Collector","floor":33.0,"turns":6.0},{"damage":19.0,"enemies":"3 Shapes","floor":35.0,"turns":3.0},{"damage":21.0,"enemies":"2 Orb Walkers","floor":36.0,"turns":4.0},{"damage":0.0,"enemies":"3 Darklings","floor":37.0,"turns":2.0},{"damage":0.0,"enemies":"Transient","floor":39.0,"turns":5.0},{"damage":6.0,"enemies":"Maw","floor":41.0,"turns":5.0},{"damage":17.0,"enemies":"Mind Bloom Boss Battle","floor":45.0,"turns":3.0},{"damage":9.0,"enemies":"Spire Growth","floor":47.0,"turns":3.0},{"damage":0.0,"enemies":"3 Darklings","floor":48.0,"turns":3.0},{"damage":70,"enemies":"Time Eater","floor":50,"turns":6}],"seed_played":"7603592874387243836","potions_obtained":[{"floor":4.0,"key":"Regen Potion"},{"floor":8.0,"key":"Dexterity Potion"},{"floor":10.0,"key":"PowerPotion"},{"floor":14.0,"key":"SkillPotion"},{"floor":16.0,"key":"LiquidBronze"}],"is_trial":false,"path_per_floor":["M","?","M","M","$","E","R","E","T","?","?","E","M","E","R","B",null,"M","M","?","$","M","E","R","E","T","E","$","M","M","?","R","B",null,"M","?","M","?","M","R","M","R","T","$","?","?","M","M","R","B"],"character_chosen":"THE_SILENT","items_purchased":["Membership Card","Flechettes","Quick Slash","Bag of Preparation","Mayhem","Impatience","Lee\u0027s Waffle","Catalyst"],"campfire_rested":0,"item_purchase_floors":[5,5,21,28,28,28,44,44],"current_hp_per_floor":[62,62,60,60,60,48,48,36,36,41,41,40,46,41,41,41,63,47,47,47,47,41,39,39,41,41,24,24,22,33,45,45,27,59,40,31,43,43,43,43,37,37,37,77,60,77,68,68,68,0],"gold":383,"neow_bonus":"BOSS_RELIC","is_prod":false,"is_daily":false,"chose_seed":false,"campfire_upgraded":7,"win_rate":0,"timestamp":1541918748,"path_taken":["M","?","?","?","$","E","R","E","T","?","?","E","?","E","R","BOSS","M","M","?","$","M","E","R","E","T","E","$","M","M","?","R","BOSS","M","?","M","?","?","R","M","R","T","$","?","?","?","M","R","BOSS"],"build_version":"2018-11-08","purchased_purges":2,"victory":false,"max_hp_per_floor":[70,70,70,70,70,70,70,70,70,70,70,70,70,70,70,70,70,70,70,70,70,70,70,70,70,70,70,70,70,70,70,70,70,70,70,70,70,70,70,70,70,70,70,77,77,77,77,77,77,77],"card_choices":[{"not_picked":["Poisoned Stab","Deflect"],"picked":"Deadly Poison","floor":1.0},{"not_picked":["Dodge and Roll","Slice"],"picked":"Sucker Punch","floor":3.0},{"not_picked":["Acrobatics","Flying Knee"],"picked":"Bane","floor":4.0},{"not_picked":["Grand Finale","Expertise"],"picked":"Heel Hook","floor":6.0},{"not_picked":["Dagger Throw","Sucker Punch"],"picked":"Backflip","floor":8.0},{"not_picked":["Setup","Tactician"],"picked":"Cloak And Dagger","floor":10.0},{"not_picked":["Concentrate","Calculated Gamble","Dodge and Roll"],"picked":"SKIP","floor":12.0},{"not_picked":["Dagger Spray","Deflect"],"picked":"Poisoned Stab","floor":13.0},{"not_picked":["Dagger Throw","Slice"],"picked":"Poisoned Stab","floor":14.0},{"not_picked":["Night Terror","Malaise"],"picked":"Die Die Die","floor":16.0},{"not_picked":["Dodge and Roll","Deflect"],"picked":"Sucker Punch+1","floor":18.0},{"not_picked":["Underhanded Strike","Cloak And Dagger"],"picked":"Dagger Spray","floor":19.0},{"not_picked":["Outmaneuver+1","Terror"],"picked":"Finisher","floor":22.0},{"not_picked":["Well Laid Plans","Eviscerate"],"picked":"Die Die Die","floor":23.0},{"not_picked":["Dagger Spray","Prepared"],"picked":"Blade Dance","floor":25.0},{"not_picked":["Setup+1","Outmaneuver"],"picked":"Backstab+1","floor":27.0},{"not_picked":["Sucker Punch","Outmaneuver"],"picked":"Cloak And Dagger+1","floor":29.0},{"not_picked":["Outmaneuver","Bullet Time"],"picked":"Caltrops","floor":30.0},{"not_picked":["Flying Knee","Calculated Gamble+1"],"picked":"Backflip","floor":31.0},{"not_picked":["Glass Knife","Bullet Time"],"picked":"Die Die Die","floor":33.0},{"not_picked":["Finisher+1","Deflect"],"picked":"Quick Slash+1","floor":35.0},{"not_picked":["Setup","Cloak And Dagger"],"picked":"Bouncing Flask+1","floor":36.0},{"not_picked":["Tactician+1","Dagger Spray","Prepared"],"picked":"SKIP","floor":37.0},{"not_picked":["Dodge and Roll+1","Flechettes"],"picked":"Bane+1","floor":39.0},{"not_picked":["Dodge and Roll","Poisoned Stab"],"picked":"Adrenaline","floor":41.0},{"not_picked":["Sucker Punch+1","PiercingWail"],"picked":"Cloak And Dagger","floor":45.0},{"not_picked":["Poisoned Stab","Dagger Spray+1"],"picked":"Blur+1","floor":47.0},{"not_picked":["Bane+1","Outmaneuver+1"],"picked":"Distraction+1","floor":48.0}],"player_experience":406197,"relics_obtained":[{"floor":6.0,"key":"Bottled Lightning"},{"floor":8.0,"key":"Shuriken"},{"floor":9.0,"key":"Meat on the Bone"},{"floor":10.0,"key":"Odd Mushroom"},{"floor":12.0,"key":"Dodecahedron"},{"floor":14.0,"key":"Vajra"},{"floor":23.0,"key":"Incense Burner"},{"floor":25.0,"key":"Snake Skull"},{"floor":26.0,"key":"War Paint"},{"floor":27.0,"key":"Boot"},{"floor":31.0,"key":"Pocketwatch"},{"floor":31.0,"key":"Sundial"},{"floor":36.0,"key":"Du-Vu Doll"},{"floor":43.0,"key":"Art of War"},{"floor":45.0,"key":"Ginger"}],"event_choices":[{"damage_healed":0.0,"max_hp_gain":0.0,"max_hp_loss":0.0,"gold_gain":100.0,"event_name":"Wheel of Change","player_choice":"Gold","floor":2.0,"gold_loss":0.0,"damage_taken":0.0},{"damage_healed":0.0,"max_hp_gain":0.0,"max_hp_loss":0.0,"gold_gain":0.0,"event_name":"Mushrooms","player_choice":"Fought Mushrooms","floor":10.0,"gold_loss":0.0,"damage_taken":0.0},{"damage_healed":0.0,"max_hp_gain":0.0,"max_hp_loss":0.0,"gold_gain":0.0,"event_name":"Accursed Blacksmith","player_choice":"Forge","floor":11.0,"gold_loss":0.0,"damage_taken":0.0,"cards_upgraded":["Deadly Poison"]},{"cards_removed":["Strike_G"],"damage_healed":0.0,"max_hp_gain":0.0,"max_hp_loss":0.0,"gold_gain":0.0,"event_name":"Beggar","player_choice":"Gave Gold","floor":20.0,"gold_loss":75.0,"damage_taken":0.0},{"damage_healed":0.0,"max_hp_gain":0.0,"max_hp_loss":0.0,"gold_gain":0.0,"event_name":"Colosseum","player_choice":"Fight","floor":31.0,"gold_loss":0.0,"damage_taken":0.0},{"damage_healed":0.0,"max_hp_gain":0.0,"max_hp_loss":0.0,"gold_gain":0.0,"event_name":"Colosseum","player_choice":"Fought Nobs","floor":31.0,"gold_loss":0.0,"damage_taken":0.0},{"damage_healed":0.0,"max_hp_gain":0.0,"max_hp_loss":0.0,"gold_gain":0.0,"event_name":"Mysterious Sphere","player_choice":"Fight","floor":36.0,"gold_loss":0.0,"damage_taken":0.0},{"damage_healed":0.0,"max_hp_gain":0.0,"max_hp_loss":0.0,"gold_gain":0.0,"event_name":"Lab","player_choice":"Got Potions","floor":38.0,"gold_loss":0.0,"damage_taken":0.0},{"damage_healed":0.0,"max_hp_gain":0.0,"max_hp_loss":0.0,"gold_gain":0.0,"event_name":"MindBloom","player_choice":"Fight","floor":45.0,"gold_loss":0.0,"damage_taken":0.0},{"damage_healed":17.0,"max_hp_gain":0.0,"max_hp_loss":0.0,"gold_gain":0.0,"event_name":"Wheel of Change","player_choice":"Full Heal","floor":46.0,"gold_loss":0.0,"damage_taken":0.0}],"is_beta":false,"boss_relics":[{"not_picked":["Runic Pyramid","Calling Bell"],"picked":"Sozu"},{"not_picked":["Black Star","White Beast Statue"],"picked":"Empty Cage"}],"items_purged_floors":[21,28],"is_endless":false,"potions_floor_spawned":[4,8,10,14,16,18,22,25,31,31,35,41,45,48],"killed_by":"Time Eater","ascension_level":7}