{"gold_per_floor":[219,104,179,179,50,84,84,98,98,98,124,136,136,167,167,241,241,259,259,273,290,38,38],"floor_reached":23,"playtime":464,"items_purged":["Defend_R"],"score":394,"play_id":"f269ca54-070e-4aa5-a8dc-c42d7de95027","local_time":"20190515181700","is_ascension_mode":true,"campfire_choices":[{"floor":7.0,"key":"REST"},{"data":"Heavy Blade","floor":10.0,"key":"SMITH"},{"floor":13.0,"key":"REST"},{"data":"Flex","floor":15.0,"key":"SMITH"}],"neow_cost":"NONE","seed_source_timestamp":369998836540867,"circlet_count":0,"master_deck":["AscendersBane","Strike_R","Strike_R","Strike_R","Strike_R","Strike_R","Defend_R","Defend_R+1","Defend_R","Bash+1","Flex+1","Rampage","Inflame","Heavy Blade+1","Clash","Cleave","Reaper","Impervious","Feed","Inflame"],"special_seed":0,"relics":["Burning Blood","Omamori","Mercury Hourglass","Odd Mushroom","Singing Bowl","Lizard Tail"],"potions_floor_usage":[23],"damage_taken":[{"damage":3.0,"enemies":"2 Louse","floor":1.0,"turns":3.0},{"damage":32.0,"enemies":"Lagavulin","floor":6.0,"turns":5.0},{"damage":12.0,"enemies":"Jaw Worm","floor":8.0,"turns":3.0},{"damage":8.0,"enemies":"The Mushroom Lair","floor":11.0,"turns":3.0},{"damage":0.0,"enemies":"Small Slimes","floor":12.0,"turns":2.0},{"damage":27.0,"enemies":"3 Sentries","floor":14.0,"turns":5.0},{"damage":46.0,"enemies":"Hexaghost","floor":16.0,"turns":7.0},{"damage":19.0,"enemies":"3 Byrds","floor":18.0,"turns":5.0},{"damage":11.0,"enemies":"2 Thieves","floor":20.0,"turns":3.0},{"damage":15,"enemies":"Centurion and Healer","floor":21,"turns":5},{"damage":30,"enemies":"Slavers","floor":23,"turns":3}],"seed_played":"7208716511823697259","potions_obtained":[{"floor":8.0,"key":"BloodPotion"},{"floor":16.0,"key":"Weak Potion"},{"floor":18.0,"key":"LiquidBronze"},{"floor":19.0,"key":"FearPotion"},{"floor":19.0,"key":"EssenceOfSteel"}],"is_trial":false,"path_per_floor":["M","$","?","?","$","E","R","M","T","R","?","M","R","E","R","B",null,"M","?","M","M","$","E"],"character_chosen":"IRONCLAD","items_purchased":["Rampage","Inflame","Heavy Blade","Feed","Inflame"],"campfire_rested":2,"item_purchase_floors":[2,5,5,22,22],"current_hp_per_floor":[71,71,60,37,37,11,33,27,27,27,32,38,60,39,39,14,60,53,53,50,51,51,21],"gold":38,"neow_bonus":"HUNDRED_GOLD","is_prod":false,"is_daily":false,"chose_seed":false,"campfire_upgraded":2,"win_rate":0,"timestamp":1557937020,"path_taken":["M","$","?","?","$","E","R","M","T","R","?","M","R","E","R","BOSS","M","?","M","?","$","E"],"build_version":"2019-01-23","purchased_purges":1,"victory":false,"max_hp_per_floor":[75,75,75,75,75,75,75,75,75,75,75,75,75,75,75,75,75,77,77,79,81,81,81],"card_choices":[{"not_picked":["Havoc","Shockwave"],"picked":"Flex","floor":1.0},{"not_picked":["Berserk","Reckless Charge"],"picked":"Clash","floor":6.0},{"not_picked":["Twin Strike","Clothesline"],"picked":"Cleave","floor":8.0},{"not_picked":["Armaments","Sword Boomerang","Cleave"],"picked":"SKIP","floor":12.0},{"not_picked":["Infernal Blade","Bloodletting"],"picked":"Reaper","floor":14.0},{"not_picked":["Dark Embrace","Juggernaut"],"picked":"Impervious","floor":16.0},{"not_picked":["Cleave","Perfected Strike","Rampage"],"picked":"Singing Bowl","floor":18.0},{"not_picked":["Warcry","Clash","Whirlwind"],"picked":"Singing Bowl","floor":20.0},{"not_picked":["Shockwave","Hemokinesis+1","Rampage"],"picked":"Singing Bowl","floor":21}],"player_experience":882612,"relics_obtained":[{"floor":6.0,"key":"Omamori"},{"floor":9.0,"key":"Mercury Hourglass"},{"floor":11.0,"key":"Odd Mushroom"},{"floor":14.0,"key":"Singing Bowl"}],"event_choices":[{"damage_healed":0.0,"max_hp_gain":0.0,"max_hp_loss":0.0,"gold_gain":75.0,"event_name":"World of Goop","player_choice":"Gather Gold","floor":3.0,"gold_loss":0.0,"damage_taken":11.0},{"damage_healed":0.0,"max_hp_gain":0.0,"max_hp_loss":0.0,"gold_gain":0.0,"event_name":"Shining Light","player_choice":"Entered Light","floor":4.0,"gold_loss":0.0,"damage_taken":23.0,"cards_upgraded":["Bash","Defend_R"]},{"damage_healed":0.0,"max_hp_gain":0.0,"max_hp_loss":0.0,"gold_gain":0.0,"event_name":"Mushrooms","player_choice":"Fought Mushrooms","floor":11.0,"gold_loss":0.0,"damage_taken":0.0},{"damage_healed":0.0,"max_hp_gain":0.0,"max_hp_loss":0.0,"gold_gain":0.0,"event_name":"Lab","player_choice":"Got Potions","floor":19.0,"gold_loss":0.0,"damage_taken":0.0}],"is_beta":false,"boss_relics":[{"not_picked":["Pandora\u0027s Box","White Beast Statue"],"picked":"Lizard Tail"}],"items_purged_floors":[2],"is_endless":false,"potions_floor_spawned":[8,16,18],"killed_by":"Slavers","ascension_level":20}