{"gold_per_floor":[118,118,31,31,50,50,76,94,94,157,157,226,276,291,291,362,362,373,39,55,105,105],"floor_reached":22,"playtime":480,"items_purged":["Strike_G"],"score":422,"play_id":"f33f20b7-bdb6-48b6-9805-5f0bbb303ed3","local_time":"20190415121901","is_ascension_mode":true,"campfire_choices":[{"data":"Well Laid Plans","floor":6.0,"key":"SMITH"},{"data":"Noxious Fumes","floor":11.0,"key":"SMITH"},{"data":"Bouncing Flask","floor":15.0,"key":"SMITH"}],"neow_cost":"NONE","seed_source_timestamp":347818105596648,"circlet_count":0,"master_deck":["AscendersBane","Defend_G","Defend_G","Defend_G","Defend_G","Defend_G","Strike_G","Strike_G","Strike_G","Strike_G","Survivor","Neutralize","Deadly Poison+1","Well Laid Plans+1","Backstab","Noxious Fumes+1","Bouncing Flask+1","Malaise","Deadly Poison","Noxious Fumes","Acrobatics","Decay"],"special_seed":0,"relics":["Ring of the Snake","NeowsBlessing","SsserpentHead","Tingsha","Philosopher\u0027s Stone","Strawberry"],"potions_floor_usage":[18,22],"damage_taken":[{"damage":0.0,"enemies":"Jaw Worm","floor":1.0,"turns":1.0},{"damage":0.0,"enemies":"Small Slimes","floor":5.0,"turns":1.0},{"damage":0.0,"enemies":"3 Sentries","floor":7.0,"turns":1.0},{"damage":3.0,"enemies":"Cultist","floor":8.0,"turns":4.0},{"damage":6.0,"enemies":"Lots of Slimes","floor":10.0,"turns":4.0},{"damage":3.0,"enemies":"3 Louse","floor":12.0,"turns":3.0},{"damage":12.0,"enemies":"Blue Slaver","floor":14.0,"turns":3.0},{"damage":16,"enemies":"The Guardian","floor":16,"turns":8},{"damage":15,"enemies":"2 Thieves","floor":18,"turns":5},{"damage":43,"enemies":"3 Byrds","floor":20,"turns":4},{"damage":11,"enemies":"Centurion and Healer","floor":22,"turns":3}],"seed_played":"-6639836501177624973","potions_obtained":[{"floor":7.0,"key":"AttackPotion"},{"floor":12.0,"key":"GhostInAJar"},{"floor":16,"key":"FearPotion"},{"floor":20,"key":"AttackPotion"}],"is_trial":false,"path_per_floor":["M","?","$","?","M","R","E","M","T","M","R","M","?","M","R","B",null,"M","$","M","?","M"],"character_chosen":"THE_SILENT","items_purchased":["Well Laid Plans","Strawberry","Deadly Poison","Noxious Fumes"],"campfire_rested":0,"item_purchase_floors":[3,19,19,19],"current_hp_per_floor":[59,59,59,59,59,59,59,56,56,50,50,47,52,40,40,24,59,44,51,8,8,0],"gold":105,"neow_bonus":"THREE_ENEMY_KILL","is_prod":false,"is_daily":false,"chose_seed":false,"campfire_upgraded":3,"win_rate":0,"timestamp":1555323541,"path_taken":["M","?","$","?","M","R","E","M","T","?","R","?","?","M","R","BOSS","M","$","M","?","M"],"build_version":"2019-01-23","purchased_purges":1,"victory":false,"max_hp_per_floor":[66,66,66,66,66,66,66,66,66,66,66,66,71,71,71,71,71,71,78,78,78,78],"card_choices":[{"not_picked":["Setup","Masterful Stab"],"picked":"Deadly Poison","floor":1.0},{"not_picked":["Slice","Dagger Throw","Outmaneuver"],"picked":"SKIP","floor":5.0},{"not_picked":["Dagger Throw","A Thousand Cuts"],"picked":"Backstab","floor":7.0},{"not_picked":["Eviscerate","Bane"],"picked":"Noxious Fumes","floor":8.0},{"not_picked":["Flying Knee","Quick Slash","Flechettes"],"picked":"SKIP","floor":10.0},{"not_picked":["Accuracy","Outmaneuver"],"picked":"Bouncing Flask","floor":12.0},{"not_picked":["Accuracy","Finisher","Cloak And Dagger"],"picked":"SKIP","floor":14.0},{"not_picked":["Storm of Steel","Tools of the Trade"],"picked":"Malaise","floor":16},{"not_picked":["PiercingWail","Accuracy","Calculated Gamble+1"],"picked":"SKIP","floor":18},{"not_picked":["Deadly Poison","Escape Plan"],"picked":"Acrobatics","floor":20}],"player_experience":835804,"relics_obtained":[{"floor":7.0,"key":"Tingsha"}],"event_choices":[{"damage_healed":0.0,"max_hp_gain":0.0,"max_hp_loss":0.0,"gold_gain":0.0,"event_name":"Living Wall","player_choice":"Grow","floor":2.0,"gold_loss":0.0,"damage_taken":0.0,"cards_upgraded":["Deadly Poison"]},{"damage_healed":0.0,"max_hp_gain":0.0,"max_hp_loss":0.0,"gold_gain":0.0,"event_name":"FaceTrader","player_choice":"Trade","floor":4.0,"gold_loss":0.0,"damage_taken":0.0,"relics_obtained":["SsserpentHead"]},{"damage_healed":0.0,"max_hp_gain":5.0,"max_hp_loss":0.0,"gold_gain":0.0,"event_name":"Big Fish","player_choice":"Donut","floor":13.0,"gold_loss":0.0,"damage_taken":0.0},{"damage_healed":0,"gold_gain":0,"player_choice":"Smashed Altar","damage_taken":0,"max_hp_gain":0,"max_hp_loss":0,"event_name":"Forgotten Altar","floor":21,"gold_loss":0,"cards_obtained":["Decay"]}],"is_beta":false,"boss_relics":[{"not_picked":["Orrery","HoveringKite"],"picked":"Philosopher\u0027s Stone"}],"items_purged_floors":[19],"is_endless":false,"potions_floor_spawned":[7,12,16,20],"killed_by":"Centurion and Healer","ascension_level":20}