{"gold_per_floor":[117,134,134,99,150,185,185,209,209,224,245,81,97,112,112,208,208,232,232,232,82,105,30,68,68,68,68,88,106,120,143,143,143],"floor_reached":33,"playtime":832,"items_purged":["Strike_G"],"score":642,"play_id":"1b99737d-13c0-4abd-a769-95449436949a","local_time":"20181208004917","is_ascension_mode":true,"campfire_choices":[{"data":"Blade Dance","floor":7.0,"key":"SMITH"},{"data":"Choke","floor":15.0,"key":"SMITH"},{"data":"Cloak And Dagger","floor":27,"key":"SMITH"},{"data":"Footwork","floor":32,"key":"SMITH"}],"neow_cost":"NONE","seed_source_timestamp":194748336585307,"circlet_count":0,"master_deck":["AscendersBane","Defend_G","Defend_G","Defend_G","Defend_G","Defend_G","Survivor","Neutralize","Blade Dance+1","Choke+1","Malaise","Cloak And Dagger+1","Dash+1","After Image","Dash+1","Dagger Spray+1","Caltrops","Glass Knife+1","Die Die Die+1","Flying Knee+1","Corpse Explosion+1","Blur","Blade Dance","Finisher+1","Leg Sweep","Footwork+1","Choke+1","Cloak And Dagger"],"special_seed":0,"relics":["Ring of the Snake","NeowsBlessing","Golden Idol","Ninja Scroll","Molten Egg 2","Astrolabe","MutagenicStrength","Pear","Pantograph","Snake Skull"],"potions_floor_usage":[30,33,33],"damage_taken":[{"damage":0.0,"enemies":"Jaw Worm","floor":1.0,"turns":1.0},{"damage":0.0,"enemies":"Small Slimes","floor":2.0,"turns":1.0},{"damage":0.0,"enemies":"Gremlin Nob","floor":6.0,"turns":1.0},{"damage":1.0,"enemies":"2 Louse","floor":8.0,"turns":3.0},{"damage":8.0,"enemies":"Exordium Thugs","floor":10.0,"turns":5.0},{"damage":0.0,"enemies":"Large Slime","floor":11.0,"turns":4.0},{"damage":1.0,"enemies":"Blue Slaver","floor":13.0,"turns":3.0},{"damage":0.0,"enemies":"Red Slaver","floor":14.0,"turns":1.0},{"damage":37.0,"enemies":"Slime Boss","floor":16.0,"turns":9.0},{"damage":0,"enemies":"Spheric Guardian","floor":18,"turns":1},{"damage":0,"enemies":"Chosen","floor":22,"turns":3},{"damage":0,"enemies":"Gremlin Leader","floor":24,"turns":5},{"damage":3,"enemies":"Sentry and Sphere","floor":28,"turns":3},{"damage":0,"enemies":"Shelled Parasite and Fungi","floor":29,"turns":1},{"damage":1,"enemies":"Snecko","floor":30,"turns":5},{"damage":0,"enemies":"Centurion and Healer","floor":31,"turns":3},{"damage":94,"enemies":"Champ","floor":33,"turns":13}],"seed_played":"5730036758818640805","potions_obtained":[{"floor":1.0,"key":"PowerPotion"},{"floor":2.0,"key":"Regen Potion"},{"floor":16.0,"key":"Poison Potion"},{"floor":28,"key":"PowerPotion"},{"floor":30,"key":"Weak Potion"}],"is_trial":false,"path_per_floor":["M","M","?","?","?","E","R","M","T","M","M","$","M","M","R","B",null,"M","?","T","$","M","?","E","$","T","R","M","M","M","M","R","B"],"character_chosen":"THE_SILENT","items_purchased":["After Image","Dash+1","Blur"],"campfire_rested":0,"item_purchase_floors":[12,12,21],"current_hp_per_floor":[59,59,36,52,52,52,52,51,51,43,43,43,42,42,42,5,51,51,51,61,61,61,61,61,61,61,61,58,58,57,57,57,0],"gold":143,"neow_bonus":"THREE_ENEMY_KILL","is_prod":false,"is_daily":false,"chose_seed":false,"campfire_upgraded":4,"win_rate":0,"timestamp":1544226557,"path_taken":["M","M","?","?","?","E","R","M","T","M","M","$","?","M","R","BOSS","M","?","?","$","M","?","E","?","T","R","M","M","?","M","R","BOSS"],"build_version":"2018-12-06","purchased_purges":1,"victory":false,"max_hp_per_floor":[66,66,66,66,66,66,66,66,66,66,66,66,66,66,66,66,66,66,66,76,76,76,76,76,76,76,76,76,76,76,76,76,76],"card_choices":[{"not_picked":["Blur","Acrobatics"],"picked":"Blade Dance","floor":1.0},{"not_picked":["Reflex","Outmaneuver"],"picked":"Choke","floor":2.0},{"not_picked":["Deflect","Slice"],"picked":"Malaise","floor":6.0},{"not_picked":["Outmaneuver","Bane","PiercingWail"],"picked":"SKIP","floor":8.0},{"not_picked":["Heel Hook+1","Deadly Poison"],"picked":"Cloak And Dagger","floor":10.0},{"not_picked":["Cloak And Dagger","Deadly Poison"],"picked":"Dash+1","floor":11.0},{"not_picked":["Blur","Dodge and Roll"],"picked":"Dagger Spray+1","floor":13.0},{"not_picked":["Deadly Poison","Flying Knee+1"],"picked":"Caltrops","floor":14.0},{"not_picked":["Grand Finale+1","Wraith Form v2"],"picked":"Glass Knife+1","floor":16.0},{"not_picked":["Bane+1","Masterful Stab+1","Riddle With Holes+1"],"picked":"SKIP","floor":18},{"not_picked":["Outmaneuver","Endless Agony+1"],"picked":"Blade Dance","floor":22},{"not_picked":["PiercingWail","Dagger Spray+1"],"picked":"Finisher+1","floor":24},{"not_picked":["Quick Slash+1","Catalyst"],"picked":"Leg Sweep","floor":28},{"not_picked":["Cloak And Dagger","Backflip"],"picked":"Footwork","floor":29},{"not_picked":["Skewer+1","PiercingWail"],"picked":"Choke+1","floor":30},{"not_picked":["Outmaneuver","Eviscerate+1"],"picked":"Cloak And Dagger","floor":31}],"player_experience":800652,"relics_obtained":[{"floor":6.0,"key":"Ninja Scroll"},{"floor":9.0,"key":"Molten Egg 2"},{"floor":20,"key":"Pear"},{"floor":24,"key":"Pantograph"},{"floor":26,"key":"Snake Skull"}],"event_choices":[{"damage_healed":0.0,"max_hp_gain":0.0,"max_hp_loss":0.0,"gold_gain":0.0,"event_name":"Golden Idol","player_choice":"Take Damage","floor":3.0,"gold_loss":0.0,"damage_taken":23.0,"relics_obtained":["Golden Idol"]},{"damage_healed":16.0,"max_hp_gain":0.0,"max_hp_loss":0.0,"gold_gain":0.0,"event_name":"The Cleric","player_choice":"Healed","floor":4.0,"gold_loss":35.0,"damage_taken":0.0},{"damage_healed":0.0,"max_hp_gain":0.0,"max_hp_loss":0.0,"gold_gain":51.0,"event_name":"Golden Wing","player_choice":"Gained Gold","floor":5.0,"gold_loss":0.0,"damage_taken":0.0},{"damage_healed":0,"gold_gain":0,"player_choice":"Inject Mutagens","damage_taken":0,"relics_obtained":["MutagenicStrength"],"max_hp_gain":0,"max_hp_loss":0,"event_name":"Drug Dealer","floor":19,"gold_loss":0},{"cards_removed":["Strike_G"],"damage_healed":0,"gold_gain":0,"player_choice":"Gave Gold","damage_taken":0,"max_hp_gain":0,"max_hp_loss":0,"event_name":"Beggar","floor":23,"gold_loss":75}],"is_beta":true,"boss_relics":[{"not_picked":["White Beast Statue","Ring of the Serpent"],"picked":"Astrolabe"}],"items_purged_floors":[21],"is_endless":false,"potions_floor_spawned":[1,2,6,10,16,28,30,31],"killed_by":"Champ","ascension_level":20}