{"gold_per_floor":[115,129,144,164,181,181,210,223,293,293,303,303,46,73,73,144,144,162,112,112,37,37,53,53,67,67,11,38,48,48,61,61,139,139,149,49,69,80,80,105,115,125,125,39,39,58,73,73,73,73],"floor_reached":50,"playtime":1324,"items_purged":["Injury","Defend_R"],"score":959,"play_id":"e1bfa0f4-989e-41f1-8a9b-e71021ee83e5","local_time":"20181003005051","is_ascension_mode":true,"campfire_choices":[{"data":"Flex","floor":6.0,"key":"SMITH"},{"data":"Heavy Blade","floor":10.0,"key":"SMITH"},{"data":"Inflame","floor":12.0,"key":"SMITH"},{"floor":15.0,"key":"REST"},{"floor":24.0,"key":"REST"},{"floor":30.0,"key":"REST"},{"floor":32.0,"key":"REST"},{"floor":49.0,"key":"REST"}],"neow_cost":"NONE","seed_source_timestamp":3730342269238,"circlet_count":0,"master_deck":["Strike_R","Strike_R+1","Strike_R+1","Strike_R","Strike_R","Defend_R","Defend_R","Bash+1","AscendersBane","Heavy Blade+1","Inflame+1","Whirlwind","Flex+1","Dual Wield","Thunderclap","Bludgeon","Perfected Strike","Reaper","Perfected Strike","Heavy Blade+1","Flex","Twin Strike","Reaper","Heavy Blade+1"],"special_seed":0,"relics":["Burning Blood","Mummified Hand","Self Forming Clay","Red Skull","Blue Candle","Fusion Hammer","MutagenicStrength","Omamori","Thread and Needle","Mark of Pain","Lantern","Turnip","Darkstone Periapt"],"potions_floor_usage":[50,50],"damage_taken":[{"damage":5.0,"enemies":"Small Slimes","floor":1.0,"turns":5.0},{"damage":6.0,"enemies":"Cultist","floor":2.0,"turns":3.0},{"damage":2.0,"enemies":"Jaw Worm","floor":3.0,"turns":3.0},{"damage":5.0,"enemies":"2 Fungi Beasts","floor":4.0,"turns":3.0},{"damage":13.0,"enemies":"3 Louse","floor":5.0,"turns":3.0},{"damage":46.0,"enemies":"Gremlin Nob","floor":7.0,"turns":5.0},{"damage":4.0,"enemies":"Red Slaver","floor":8.0,"turns":2.0},{"damage":0.0,"enemies":"Exordium Thugs","floor":11.0,"turns":3.0},{"damage":15.0,"enemies":"Lagavulin","floor":14.0,"turns":4.0},{"damage":14.0,"enemies":"Slime Boss","floor":16.0,"turns":7.0},{"damage":6.0,"enemies":"3 Byrds","floor":18.0,"turns":4.0},{"damage":11.0,"enemies":"Spheric Guardian","floor":23.0,"turns":3.0},{"damage":24.0,"enemies":"Snake Plant","floor":25.0,"turns":3.0},{"damage":38.0,"enemies":"Slavers","floor":28.0,"turns":5.0},{"damage":9.0,"enemies":"Snecko","floor":29.0,"turns":3.0},{"damage":5.0,"enemies":"Centurion and Healer","floor":31.0,"turns":5.0},{"damage":56.0,"enemies":"Collector","floor":33.0,"turns":4.0},{"damage":15.0,"enemies":"Orb Walker","floor":35.0,"turns":3.0},{"damage":12.0,"enemies":"3 Shapes","floor":37.0,"turns":3.0},{"damage":72.0,"enemies":"Maw","floor":38.0,"turns":6.0},{"damage":47.0,"enemies":"Nemesis","floor":40.0,"turns":5.0},{"damage":14.0,"enemies":"Spire Growth","floor":41.0,"turns":2.0},{"damage":12.0,"enemies":"4 Shapes","floor":42.0,"turns":1.0},{"damage":0.0,"enemies":"Reptomancer","floor":46.0,"turns":3.0},{"damage":19.0,"enemies":"3 Darklings","floor":47.0,"turns":5.0},{"damage":117,"enemies":"Time Eater","floor":50,"turns":7}],"seed_played":"6556437437637636661","potions_obtained":[{"floor":2.0,"key":"GamblersBrew"},{"floor":7.0,"key":"Explosive Potion"},{"floor":8.0,"key":"Explosive Potion"},{"floor":28.0,"key":"FearPotion"},{"floor":29.0,"key":"SteroidPotion"},{"floor":33.0,"key":"EssenceOfSteel"},{"floor":41.0,"key":"FearPotion"},{"floor":42.0,"key":"SteroidPotion"}],"is_trial":false,"path_per_floor":["M","M","M","M","M","R","E","M","T","R","M","R","$","E","R","B",null,"M","?","?","$","?","M","R","M","T","$","E","M","R","M","R","B",null,"M","$","M","M","$","E","M","M","T","$","?","M","M","T","R"],"character_chosen":"IRONCLAD","items_purchased":["Red Skull","Bludgeon","Flex","Ancient Potion"],"campfire_rested":5,"item_purchase_floors":[13,13,27,44],"current_hp_per_floor":[69,69,73,74,67,67,27,29,29,29,35,35,35,26,48,40,66,70,70,70,70,70,65,75,57,57,57,43,49,71,75,75,25,63,54,54,70,37,37,27,38,32,32,32,32,68,72,72,75,0],"gold":73,"neow_bonus":"UPGRADE_CARD","is_prod":false,"is_daily":false,"chose_seed":false,"campfire_upgraded":3,"win_rate":0,"timestamp":1538520651,"path_taken":["M","M","M","M","M","R","E","M","T","R","M","R","$","E","R","BOSS","M","?","?","$","?","M","R","?","T","?","E","M","R","M","R","BOSS","M","$","?","M","$","E","?","M","T","?","?","M","?","?","R","BOSS"],"build_version":"2018-10-01","purchased_purges":2,"victory":false,"max_hp_per_floor":[75,75,75,75,75,75,75,75,75,75,75,75,75,75,75,75,75,75,75,75,75,75,75,75,75,75,75,75,75,75,75,75,75,75,75,75,75,75,75,75,75,75,75,75,75,75,75,75,75,75],"card_choices":[{"not_picked":["Havoc","Clothesline"],"picked":"Heavy Blade","floor":1.0},{"not_picked":["Warcry","Flex"],"picked":"Inflame","floor":2.0},{"not_picked":["Shrug It Off","Clash"],"picked":"Whirlwind","floor":3.0},{"not_picked":["Sword Boomerang","Perfected Strike"],"picked":"Flex","floor":4.0},{"not_picked":["Juggernaut","Warcry"],"picked":"Dual Wield","floor":5.0},{"not_picked":["Armaments","Blood for Blood","Shrug It Off"],"picked":"SKIP","floor":7.0},{"not_picked":["Second Wind","Armaments"],"picked":"Thunderclap","floor":8.0},{"not_picked":["Perfected Strike","Feel No Pain","Reckless Charge"],"picked":"SKIP","floor":11.0},{"not_picked":["Burning Pact","Fire Breathing"],"picked":"Perfected Strike","floor":14.0},{"not_picked":["Immolate","Fiend Fire"],"picked":"Reaper","floor":16.0},{"not_picked":["Warcry","Entrench","Cleave"],"picked":"SKIP","floor":18.0},{"not_picked":["Wild Strike","Headbutt","True Grit+1"],"picked":"SKIP","floor":23.0},{"not_picked":["Perfected Strike","Bloodletting"],"picked":"Heavy Blade+1","floor":25.0},{"not_picked":["Uppercut","Disarm","Fire Breathing"],"picked":"SKIP","floor":28.0},{"not_picked":["Pommel Strike","Searing Blow"],"picked":"Twin Strike","floor":29.0},{"not_picked":["Combust+1","Power Through","Clothesline"],"picked":"SKIP","floor":31.0},{"not_picked":["Berserk","Dark Embrace"],"picked":"Reaper","floor":33.0},{"not_picked":["Iron Wave+1","Rampage","Evolve"],"picked":"SKIP","floor":35.0},{"not_picked":["Clothesline","Blood for Blood","Warcry"],"picked":"SKIP","floor":37.0},{"not_picked":["Sword Boomerang","Warcry+1","Clothesline"],"picked":"SKIP","floor":38.0},{"not_picked":["Impervious","Intimidate","Armaments"],"picked":"SKIP","floor":40.0},{"not_picked":["Bloodletting","Havoc","Pommel Strike+1"],"picked":"SKIP","floor":41.0},{"not_picked":["Sever Soul","Disarm","Armaments+1"],"picked":"SKIP","floor":42.0},{"not_picked":["Feel No Pain","Flame Barrier+1","Searing Blow"],"picked":"SKIP","floor":46.0},{"not_picked":["Dropkick","Cleave"],"picked":"Heavy Blade+1","floor":47.0}],"player_experience":663322,"relics_obtained":[{"floor":7.0,"key":"Mummified Hand"},{"floor":9.0,"key":"Self Forming Clay"},{"floor":14.0,"key":"Blue Candle"},{"floor":26.0,"key":"Omamori"},{"floor":28.0,"key":"Thread and Needle"},{"floor":40.0,"key":"Lantern"},{"floor":43.0,"key":"Turnip"},{"floor":48.0,"key":"Darkstone Periapt"}],"event_choices":[{"event_name":"Designer","player_choice":"Upgrade 2 Random Cards","floor":19.0,"damage_taken":0.0},{"event_name":"Match and Keep!","player_choice":"2 cards matched","floor":20.0,"damage_taken":0.0},{"event_name":"Drug Dealer","player_choice":"Inject Mutagens","floor":22.0,"damage_taken":0.0},{"event_name":"Purifier","player_choice":"One Purge","floor":45.0,"damage_taken":0.0}],"is_beta":true,"boss_relics":[{"not_picked":["Pandora\u0027s Box","Eternal Feather"],"picked":"Fusion Hammer"},{"not_picked":["Runic Dome","White Beast Statue"],"picked":"Mark of Pain"}],"items_purged_floors":[21,36],"is_endless":false,"potions_floor_spawned":[2,7,8,16,23,28,29,33,35,41,42,47],"killed_by":"Time Eater","ascension_level":16}