{"gold_per_floor":[109,109,109,56,76,101,101,101,101,26,57,69,111,133,145],"floor_reached":15,"playtime":184,"items_purged":["Strike_R"],"score":252,"play_id":"391027c9-5269-4fb2-bc1b-7ed9ac18384c","local_time":"20190504220956","is_ascension_mode":true,"campfire_choices":[{"data":"Immolate","floor":7,"key":"SMITH"},{"data":"Dual Wield","floor":12,"key":"SMITH"},{"data":"Bash","floor":15,"key":"SMITH"}],"neow_cost":"NONE","seed_source_timestamp":299441504121428,"circlet_count":0,"master_deck":["AscendersBane","Strike_R","Strike_R","Strike_R","Strike_R","Defend_R","Defend_R","Defend_R+1","Defend_R+1","Bash+1","Immolate+1","Shrug It Off","Dual Wield+1","Shrug It Off"],"relics":["Burning Blood","NeowsBlessing","Ginger","Bronze Scales","Gambling Chip","MawBank","Odd Mushroom"],"potions_floor_usage":[],"damage_taken":[{"damage":0,"enemies":"2 Louse","floor":1,"turns":1},{"damage":0,"enemies":"Jaw Worm","floor":5,"turns":1},{"damage":0,"enemies":"Lagavulin","floor":6,"turns":1},{"damage":12,"enemies":"3 Sentries","floor":11,"turns":3},{"damage":0,"enemies":"The Mushroom Lair","floor":13,"turns":1},{"damage":0,"enemies":"Cultist","floor":14,"turns":3}],"seed_played":"-2115157854262306620","potions_obtained":[{"floor":11,"key":"AttackPotion"},{"floor":14,"key":"GamblersBrew"}],"is_trial":false,"path_per_floor":["M","?","?","$","M","E","R","?","T","$","E","R","?","M","R"],"character_chosen":"IRONCLAD","items_purchased":["Shrug It Off"],"campfire_rested":0,"item_purchase_floors":[4],"current_hp_per_floor":[74,51,51,51,57,63,63,58,58,58,52,52,58,64,64],"gold":145,"neow_bonus":"THREE_ENEMY_KILL","is_prod":false,"is_daily":false,"chose_seed":false,"campfire_upgraded":3,"win_rate":0,"timestamp":1557000596,"path_taken":["M","?","?","$","?","E","R","?","T","$","E","R","?","M","R"],"build_version":"2019-01-23","purchased_purges":1,"victory":false,"max_hp_per_floor":[75,75,75,75,75,75,75,75,75,75,75,75,75,75,75],"card_choices":[{"not_picked":["Wild Strike","Perfected Strike","Warcry"],"picked":"SKIP","floor":1},{"not_picked":["Seeing Red","Cleave"],"picked":"Dual Wield","floor":5},{"not_picked":["Twin Strike","Headbutt","Fiend Fire"],"picked":"SKIP","floor":6},{"not_picked":["Demon Form","Iron Wave","Blood for Blood"],"picked":"SKIP","floor":11},{"not_picked":["Clash","Wild Strike"],"picked":"Shrug It Off","floor":13},{"not_picked":["Anger","Sword Boomerang","Evolve"],"picked":"SKIP","floor":14}],"player_experience":861308,"relics_obtained":[{"floor":6,"key":"Ginger"},{"floor":9,"key":"Gambling Chip"},{"floor":11,"key":"MawBank"},{"floor":13,"key":"Odd Mushroom"}],"event_choices":[{"damage_healed":0,"gold_gain":0,"player_choice":"Entered Light","damage_taken":23,"max_hp_gain":0,"max_hp_loss":0,"event_name":"Shining Light","floor":2,"gold_loss":0,"cards_upgraded":["Defend_R","Defend_R"]},{"damage_healed":0,"gold_gain":0,"player_choice":"1 cards matched","damage_taken":0,"max_hp_gain":0,"max_hp_loss":0,"event_name":"Match and Keep!","floor":3,"gold_loss":0,"cards_obtained":["Immolate"]},{"damage_healed":0,"gold_gain":0,"player_choice":"Success","damage_taken":5,"relics_obtained":["Bronze Scales"],"max_hp_gain":0,"max_hp_loss":0,"event_name":"Scrap Ooze","floor":8,"gold_loss":0},{"damage_healed":0,"gold_gain":0,"player_choice":"Fought Mushrooms","damage_taken":0,"max_hp_gain":0,"max_hp_loss":0,"event_name":"Mushrooms","floor":13,"gold_loss":0}],"is_beta":false,"boss_relics":[],"items_purged_floors":[10],"is_endless":false,"potions_floor_spawned":[11,14],"ascension_level":20}