{"gold_per_floor":[119,139,64,64,87,87,87,87,111,111,111,135,168,188,188,316,316,330,355,376,400,400,400],"floor_reached":23,"playtime":1239,"items_purged":["Strike_G"],"score":191,"play_id":"d0b3dcab-3878-4852-aa87-3de79434af1b","local_time":"20180722235216","is_ascension_mode":false,"campfire_choices":[{"data":"Choke","floor":6,"key":"SMITH"},{"data":"Neutralize","floor":11,"key":"SMITH"},{"data":"Endless Agony","floor":15,"key":"SMITH"}],"neow_cost":"NONE","seed_source_timestamp":10136822953854,"circlet_count":0,"master_deck":["Defend_G","Defend_G","Defend_G","Strike_G","Strike_G","Survivor","Neutralize+1","Choke+1","Deflect","Endless Agony+1","Slice","Tools of the Trade","Terror","Tactician"],"special_seed":0,"relics":["WristBlade","Golden Idol","FaceOfCleric","Orichalcum","Gremlin Horn","Empty Cage","Strawberry"],"potions_floor_usage":[16,23],"damage_taken":[{"damage":3.0,"enemies":"Small Slimes","floor":1.0,"turns":4.0},{"damage":0,"enemies":"2 Louse","floor":2,"turns":2},{"damage":0,"enemies":"Jaw Worm","floor":5,"turns":4},{"damage":2,"enemies":"Looter","floor":12,"turns":3},{"damage":16,"enemies":"Gremlin Nob","floor":13,"turns":6},{"damage":13,"enemies":"Gremlin Gang","floor":14,"turns":4},{"damage":20,"enemies":"The Guardian","floor":16,"turns":15},{"damage":12,"enemies":"Spheric Guardian","floor":18,"turns":5},{"damage":7,"enemies":"Shell Parasite","floor":19,"turns":4},{"damage":30,"enemies":"Sentry and Sphere","floor":20,"turns":6},{"damage":36,"enemies":"Slavers","floor":23,"turns":4}],"seed_played":"-3879042208005072227","potions_obtained":[{"floor":5,"key":"EssenceOfSteel"},{"floor":13,"key":"EssenceOfSteel"},{"floor":16,"key":"FearPotion"},{"floor":20,"key":"Energy Potion"}],"is_trial":false,"path_per_floor":["M","M","$","?","M","R","?","?","T","?","R","M","E","M","R","B",null,"M","M","M","T","?"],"character_chosen":"THE_SILENT","items_purchased":[],"campfire_rested":0,"item_purchase_floors":[],"current_hp_per_floor":[67,67,67,50,50,50,50,50,50,50,50,49,34,22,22,3,74,63,57,28,35,35,0],"gold":400,"neow_bonus":"BOSS_RELIC","is_prod":false,"is_daily":false,"chose_seed":false,"campfire_upgraded":3,"win_rate":0,"timestamp":1532274736,"path_taken":["M","M","$","?","M","R","?","?","T","?","R","M","E","M","R","BOSS","M","M","?","?","?","E"],"build_version":"2018-07-19v2","purchased_purges":1,"victory":false,"max_hp_per_floor":[70,70,70,70,70,70,70,70,70,70,70,71,72,73,73,74,74,75,76,77,84,84,84],"card_choices":[{"not_picked":["Dagger Spray","Sucker Punch"],"picked":"Choke","floor":1},{"not_picked":["Flying Knee","Poisoned Stab","Eviscerate"],"picked":"SKIP","floor":2},{"not_picked":["Quick Slash","Doppelganger","Dodge and Roll"],"picked":"SKIP","floor":5},{"not_picked":["Bane","Choke"],"picked":"Deflect","floor":12},{"not_picked":["Finisher","Well Laid Plans"],"picked":"Endless Agony","floor":13},{"not_picked":["Flying Knee","Underhanded Strike"],"picked":"Slice","floor":14},{"not_picked":["Malaise","Corpse Explosion"],"picked":"Tools of the Trade","floor":16},{"not_picked":["Bane","Outmaneuver"],"picked":"Terror","floor":18},{"not_picked":["Quick Slash","Deadly Poison","PiercingWail"],"picked":"SKIP","floor":19},{"not_picked":["Well Laid Plans","Crippling Poison"],"picked":"Tactician","floor":20}],"player_experience":190735,"relics_obtained":[{"floor":9,"key":"Orichalcum"},{"floor":13,"key":"Gremlin Horn"},{"floor":21,"key":"Strawberry"}],"event_choices":[{"event_name":"Golden Idol","player_choice":"Take Damage","floor":4,"damage_taken":0},{"event_name":"FaceTrader","player_choice":"Trade","floor":7,"damage_taken":0},{"event_name":"Wheel of Change","player_choice":"Card Removal","floor":8,"damage_taken":0},{"event_name":"Liars Game","player_choice":"disagreed","floor":10,"damage_taken":0},{"event_name":"Back to Basics","player_choice":"Elegance","floor":22,"damage_taken":0}],"is_beta":false,"boss_relics":[{"not_picked":["Busted Crown","Pandora\u0027s Box"],"picked":"Empty Cage"}],"items_purged_floors":[3],"is_endless":false,"potions_floor_spawned":[5,13,16,20],"killed_by":"Slavers","ascension_level":0}