{"gold_per_floor":[211,228,239,189,114,147,160,160,185,85,85,142,160,238,238,343,343,360,370,176,276,289,316,316,316,371,383,383,418,124,136,136,136],"floor_reached":33,"playtime":897,"items_purged":["Strike_B","Strike_B","Defend_B","Defend_B"],"score":428,"play_id":"5390ca07-c14d-4f20-b19a-a034efd1570c","local_time":"20191021221827","is_ascension_mode":true,"campfire_choices":[{"data":"Dualcast","floor":8.0,"key":"SMITH"},{"data":"Zap","floor":11.0,"key":"SMITH"},{"data":"Defragment","floor":15.0,"key":"SMITH"},{"data":"Electrodynamics","floor":24.0,"key":"SMITH"},{"data":"Capacitor","floor":28.0,"key":"SMITH"},{"floor":32.0,"key":"REST"}],"neow_cost":"NONE","seed_source_timestamp":6581148380738,"circlet_count":0,"master_deck":["AscendersBane","Strike_B+1","Defend_B","Defend_B","Zap+1","Dualcast+1","Cold Snap","Ball Lightning+1","Ball Lightning","Defragment+1","Electrodynamics+1","Chaos+1","Capacitor","Capacitor+1"],"special_seed":0,"relics":["Cracked Core","Whetstone","Akabeko","Centennial Puzzle","Gremlin Horn","Velvet Choker","Sundial","Tiny Chest","Bottled Tornado","Runic Capacitor"],"potions_floor_usage":[],"damage_taken":[{"damage":2.0,"enemies":"Jaw Worm","floor":1.0,"turns":3.0},{"damage":0.0,"enemies":"Small Slimes","floor":2.0,"turns":2.0},{"damage":0.0,"enemies":"Cultist","floor":3.0,"turns":3.0},{"damage":19.0,"enemies":"Lagavulin","floor":6.0,"turns":5.0},{"damage":0.0,"enemies":"Exordium Wildlife","floor":7.0,"turns":3.0},{"damage":3.0,"enemies":"Gremlin Nob","floor":12.0,"turns":3.0},{"damage":8.0,"enemies":"Exordium Thugs","floor":13.0,"turns":2.0},{"damage":20.0,"enemies":"Hexaghost","floor":16.0,"turns":6.0},{"damage":4.0,"enemies":"Spheric Guardian","floor":18.0,"turns":3.0},{"damage":6.0,"enemies":"3 Byrds","floor":19.0,"turns":3.0},{"damage":25.0,"enemies":"Centurion and Healer","floor":22.0,"turns":4.0},{"damage":12.0,"enemies":"Book of Stabbing","floor":23.0,"turns":5.0},{"damage":9.0,"enemies":"Chosen and Byrds","floor":27.0,"turns":3.0},{"damage":25.0,"enemies":"Gremlin Leader","floor":29.0,"turns":4.0},{"damage":28.0,"enemies":"Snake Plant","floor":31.0,"turns":3.0},{"damage":40,"enemies":"Champ","floor":33,"turns":3}],"seed_played":"4183496596472325612","potions_obtained":[{"floor":2.0,"key":"Dexterity Potion"},{"floor":6.0,"key":"Block Potion"},{"floor":12.0,"key":"LiquidMemories"},{"floor":16.0,"key":"Regen Potion"},{"floor":19.0,"key":"Explosive Potion"},{"floor":29.0,"key":"FairyPotion"}],"is_trial":false,"path_per_floor":["M","M","M","?","$","E","M","R","T","$","R","?","M","T","R","B",null,"M","M","$","?","M","E","R","?","T","M","R","E","$","M","R","B"],"character_chosen":"DEFECT","items_purchased":["Capacitor","Runic Capacitor"],"campfire_rested":1,"item_purchase_floors":[20,30],"current_hp_per_floor":[66,66,66,66,66,47,47,47,47,47,47,44,36,36,36,16,60,56,50,50,50,25,27,27,52,52,43,43,18,18,14,36,0],"gold":136,"neow_bonus":"HUNDRED_GOLD","is_prod":false,"is_daily":false,"chose_seed":false,"campfire_upgraded":5,"win_rate":0,"timestamp":1571663907,"path_taken":["M","M","M","?","$","E","M","R","T","$","R","?","M","?","R","BOSS","M","M","?","?","?","E","R","?","T","M","R","E","$","M","R","BOSS"],"build_version":"2019-10-18","purchased_purges":4,"victory":false,"max_hp_per_floor":[75,75,75,75,75,75,75,75,75,75,75,75,75,75,75,75,75,75,75,75,75,75,75,75,75,75,75,75,75,75,75,75,75],"card_choices":[{"not_picked":["Melter","Beam Cell"],"picked":"Cold Snap","floor":1.0},{"not_picked":["Streamline","Go for the Eyes"],"picked":"Ball Lightning","floor":2.0},{"not_picked":["Gash","Beam Cell"],"picked":"Ball Lightning","floor":3.0},{"not_picked":["Steam","Sweeping Beam","Biased Cognition"],"picked":"SKIP","floor":6.0},{"not_picked":["Melter","Rip and Tear","Leap"],"picked":"SKIP","floor":7.0},{"not_picked":["Steam","Multi-Cast"],"picked":"Defragment","floor":13.0},{"not_picked":["Machine Learning","Seek"],"picked":"Electrodynamics","floor":16.0},{"not_picked":["Static Discharge","Compile Driver"],"picked":"Chaos+1","floor":18.0},{"not_picked":["Turbo","BootSequence+1","Stack"],"picked":"SKIP","floor":19.0},{"not_picked":["Stack","Coolheaded+1","Go for the Eyes"],"picked":"SKIP","floor":22.0},{"not_picked":["Streamline","BootSequence"],"picked":"Capacitor","floor":23.0},{"not_picked":["Aggregate","Sweeping Beam+1","Undo"],"picked":"SKIP","floor":27.0},{"not_picked":["Rip and Tear+1","Coolheaded","Streamline"],"picked":"SKIP","floor":29.0},{"not_picked":["Double Energy","Reprogram","Sunder"],"picked":"SKIP","floor":31.0}],"player_experience":619976,"relics_obtained":[{"floor":6.0,"key":"Whetstone"},{"floor":9.0,"key":"Akabeko"},{"floor":12.0,"key":"Centennial Puzzle"},{"floor":14.0,"key":"Gremlin Horn"},{"floor":23.0,"key":"Sundial"},{"floor":26.0,"key":"Tiny Chest"},{"floor":29.0,"key":"Bottled Tornado"}],"event_choices":[{"cards_removed":["Strike_B"],"damage_healed":0.0,"max_hp_gain":0.0,"max_hp_loss":0.0,"gold_gain":0.0,"event_name":"The Cleric","player_choice":"Card Removal","floor":4.0,"gold_loss":50.0,"damage_taken":0.0},{"damage_healed":0.0,"max_hp_gain":0.0,"max_hp_loss":0.0,"gold_gain":0.0,"event_name":"Dead Adventurer","player_choice":"Searched \u00271\u0027 times","floor":12.0,"gold_loss":0.0,"damage_taken":0.0},{"damage_healed":0.0,"max_hp_gain":0.0,"max_hp_loss":0.0,"gold_gain":100.0,"event_name":"Golden Shrine","player_choice":"Pray","floor":21.0,"gold_loss":0.0,"damage_taken":0.0},{"damage_healed":25.0,"max_hp_gain":0.0,"max_hp_loss":0.0,"gold_gain":0.0,"event_name":"The Library","player_choice":"Heal","floor":25.0,"gold_loss":0.0,"damage_taken":0.0}],"is_beta":true,"boss_relics":[{"not_picked":["Ectoplasm","SlaversCollar"],"picked":"Velvet Choker"}],"items_purged_floors":[5,10,20,30],"is_endless":false,"potions_floor_spawned":[2,6,12,16,18,19,29],"killed_by":"Champ","ascension_level":10}