{"gold_per_floor":[116,116,64,64,76,101,101,101,101,128,128,139,189,199,199,277,277,296,10,10,10,10,45,45,45,45,55,55,81,41,66,66,140,140,158,158,3,3,20,0,30,30,82,82,95,95,120,131,131,131],"floor_reached":50,"playtime":1204,"items_purged":["Strike_G"],"score":1160,"play_id":"9074fca4-899f-4d81-9681-0f2f62a18854","local_time":"20190610173909","is_ascension_mode":true,"campfire_choices":[{"data":"Deadly Poison","floor":8.0,"key":"SMITH"},{"data":"Neutralize","floor":11.0,"key":"SMITH"},{"data":"Dodge and Roll","floor":15.0,"key":"SMITH"},{"data":"Deadly Poison","floor":24.0,"key":"SMITH"},{"floor":28.0,"key":"REST"},{"floor":32,"key":"REST"},{"floor":44,"key":"REST"},{"data":"Venomology","floor":46,"key":"SMITH"},{"floor":49,"key":"REST"}],"neow_cost":"NONE","seed_source_timestamp":191623046904857,"circlet_count":0,"master_deck":["AscendersBane","Defend_G+1","Defend_G","Defend_G","Defend_G+1","Defend_G","Strike_G","Strike_G+1","Strike_G+1","Survivor","Neutralize+1","Deadly Poison+1","Deadly Poison+1","Escape Plan+1","Deadly Poison+1","Dodge and Roll+1","Tools of the Trade","Backflip","Deadly Poison+1","Catalyst+1","Venomology+1","Noxious Fumes","Backflip"],"special_seed":0,"relics":["Ring of the Serpent","NeowsBlessing","Ninja Scroll","Letter Opener","Bronze Scales","Busted Crown","Singing Bowl","Orichalcum","Question Card","Bag of Marbles","Shuriken","Red Mask","War Paint","Anchor","Whetstone"],"potions_floor_usage":[29,33,33,33,39,45,50],"damage_taken":[{"damage":0.0,"enemies":"Small Slimes","floor":1.0,"turns":1.0},{"damage":0.0,"enemies":"Jaw Worm","floor":5.0,"turns":1.0},{"damage":0.0,"enemies":"Gremlin Nob","floor":6.0,"turns":1.0},{"damage":12.0,"enemies":"Lagavulin","floor":10.0,"turns":5.0},{"damage":0.0,"enemies":"Cultist","floor":12.0,"turns":2.0},{"damage":0.0,"enemies":"2 Fungi Beasts","floor":14.0,"turns":2.0},{"damage":3.0,"enemies":"Hexaghost","floor":16.0,"turns":7.0},{"damage":7.0,"enemies":"Shell Parasite","floor":18.0,"turns":4.0},{"damage":4.0,"enemies":"Book of Stabbing","floor":23.0,"turns":4.0},{"damage":10.0,"enemies":"Chosen","floor":27.0,"turns":4.0},{"damage":11,"enemies":"Gremlin Leader","floor":29,"turns":8},{"damage":16,"enemies":"Book of Stabbing","floor":31,"turns":4},{"damage":44,"enemies":"Collector","floor":33,"turns":7},{"damage":2,"enemies":"Orb Walker","floor":35,"turns":3},{"damage":15,"enemies":"3 Darklings","floor":39,"turns":4},{"damage":22,"enemies":"Nemesis","floor":41,"turns":7},{"damage":0,"enemies":"Sphere and 2 Shapes","floor":45,"turns":3},{"damage":4,"enemies":"Jaw Worm Horde","floor":48,"turns":4},{"damage":61,"enemies":"Awakened One","floor":50,"turns":7}],"seed_played":"2279464698012419052","potions_obtained":[{"floor":5.0,"key":"LiquidBronze"},{"floor":6.0,"key":"Poison Potion"},{"floor":10.0,"key":"Ancient Potion"},{"floor":14.0,"key":"PowerPotion"},{"floor":18.0,"key":"Poison Potion"},{"floor":23.0,"key":"AttackPotion"},{"floor":31,"key":"Block Potion"},{"floor":41,"key":"SkillPotion"}],"is_trial":false,"path_per_floor":["M","?","$","?","M","E","?","R","T","E","R","M","?","M","R","B",null,"M","$","?","$","T","E","R","?","T","M","R","E","$","E","R","B",null,"M","?","$","?","M","?","E","$","T","R","M","R","T","M","R","B"],"character_chosen":"THE_SILENT","items_purchased":["Deadly Poison","Singing Bowl","Catalyst","Noxious Fumes"],"campfire_rested":4,"item_purchase_floors":[3,19,30,37],"current_hp_per_floor":[59,59,59,59,59,59,39,39,39,27,27,27,27,27,27,24,56,49,49,49,49,49,45,45,45,45,35,54,45,45,29,49,7,54,54,56,56,56,43,43,23,23,23,46,46,46,46,44,68,7],"gold":131,"neow_bonus":"THREE_ENEMY_KILL","is_prod":false,"is_daily":false,"chose_seed":false,"campfire_upgraded":5,"win_rate":0,"timestamp":1560181149,"path_taken":["M","?","$","?","?","E","?","R","T","E","R","M","?","M","R","BOSS","M","?","?","$","?","E","R","?","T","?","R","E","?","E","R","BOSS","M","?","$","?","?","?","E","$","T","R","M","R","?","M","R","BOSS"],"build_version":"2019-01-23","purchased_purges":1,"victory":false,"max_hp_per_floor":[66,66,66,66,66,66,66,66,66,66,66,66,66,66,66,66,66,66,66,66,66,66,66,66,66,66,66,66,68,68,68,68,70,70,72,74,74,74,76,76,78,78,78,78,78,78,78,80,80,80],"card_choices":[{"not_picked":["Quick Slash","Cloak And Dagger"],"picked":"Deadly Poison","floor":1.0},{"not_picked":["Poisoned Stab","Finisher","Calculated Gamble"],"picked":"SKIP","floor":5.0},{"not_picked":["Unload","Blade Dance","Eviscerate"],"picked":"SKIP","floor":6.0},{"not_picked":["Bane","Grand Finale","All Out Attack"],"picked":"SKIP","floor":10.0},{"not_picked":["All Out Attack","Calculated Gamble"],"picked":"Deadly Poison","floor":12.0},{"not_picked":["Prepared","Masterful Stab"],"picked":"Dodge and Roll","floor":14.0},{"not_picked":["Grand Finale","Glass Knife"],"picked":"Tools of the Trade","floor":16.0},{"not_picked":["Infinite Blades"],"picked":"SKIP","floor":18.0},{"not_picked":[],"picked":"Backflip","floor":23.0},{"not_picked":["PiercingWail+1"],"picked":"Deadly Poison+1","floor":27.0},{"not_picked":["Heel Hook","PiercingWail"],"picked":"Singing Bowl","floor":29},{"not_picked":["Predator"],"picked":"Venomology","floor":31},{"not_picked":["Bullet Time","Night Terror"],"picked":"Singing Bowl","floor":33},{"not_picked":["PiercingWail","Calculated Gamble"],"picked":"Singing Bowl","floor":35},{"not_picked":["Mayhem","Deep Breath"],"picked":"Singing Bowl","floor":36},{"not_picked":["Cloak And Dagger","Prepared"],"picked":"Singing Bowl","floor":39},{"not_picked":["Prepared","Backstab"],"picked":"Singing Bowl","floor":41},{"not_picked":["Cloak And Dagger"],"picked":"Backflip","floor":45},{"not_picked":["PiercingWail+1","Setup"],"picked":"Singing Bowl","floor":48}],"player_experience":897418,"relics_obtained":[{"floor":6.0,"key":"Ninja Scroll"},{"floor":9.0,"key":"Letter Opener"},{"floor":10.0,"key":"Bronze Scales"},{"floor":23.0,"key":"Orichalcum"},{"floor":26.0,"key":"Question Card"},{"floor":29,"key":"Bag of Marbles"},{"floor":31,"key":"Shuriken"},{"floor":41,"key":"War Paint"},{"floor":43,"key":"Anchor"},{"floor":47,"key":"Whetstone"}],"event_choices":[{"damage_healed":0.0,"max_hp_gain":0.0,"max_hp_loss":0.0,"gold_gain":0.0,"event_name":"Scrap Ooze","player_choice":"Fled","floor":2.0,"gold_loss":0.0,"damage_taken":0.0},{"damage_healed":0.0,"max_hp_gain":0.0,"max_hp_loss":0.0,"gold_gain":0.0,"cards_transformed":["Strike_G"],"event_name":"Transmorgrifier","player_choice":"Transformed","floor":4.0,"gold_loss":0.0,"damage_taken":0.0,"cards_obtained":["Escape Plan"]},{"damage_healed":0.0,"max_hp_gain":0.0,"max_hp_loss":0.0,"gold_gain":0.0,"event_name":"Shining Light","player_choice":"Entered Light","floor":7.0,"gold_loss":0.0,"damage_taken":20.0,"cards_upgraded":["Defend_G","Deadly Poison"]},{"damage_healed":0.0,"max_hp_gain":0.0,"max_hp_loss":0.0,"gold_gain":50.0,"event_name":"Golden Shrine","player_choice":"Pray","floor":13.0,"gold_loss":0.0,"damage_taken":0.0},{"damage_healed":0.0,"max_hp_gain":0.0,"max_hp_loss":0.0,"gold_gain":0.0,"event_name":"Cursed Tome","player_choice":"Ignored","floor":20.0,"gold_loss":0.0,"damage_taken":0.0},{"damage_healed":0,"gold_gain":0,"player_choice":"Memory 1","damage_taken":0,"max_hp_gain":0,"max_hp_loss":0,"event_name":"SensoryStone","floor":36,"gold_loss":0},{"damage_healed":0,"gold_gain":0,"player_choice":"Upgraded","damage_taken":0,"max_hp_gain":0,"max_hp_loss":0,"event_name":"Upgrade Shrine","floor":38,"gold_loss":0,"cards_upgraded":["Catalyst"]},{"damage_healed":0,"gold_gain":0,"player_choice":"Paid","damage_taken":0,"relics_obtained":["Red Mask"],"max_hp_gain":0,"max_hp_loss":0,"event_name":"Tomb of Lord Red Mask","floor":40,"gold_loss":20}],"is_beta":false,"boss_relics":[{"not_picked":["Calling Bell","Eternal Feather"],"picked":"Busted Crown"},{"not_picked":["WristBlade","Lizard Tail"],"picked":"Ring of the Serpent"}],"items_purged_floors":[37],"is_endless":false,"potions_floor_spawned":[5,6,10,14,18,23,31,41,48],"killed_by":"Awakened One","ascension_level":20}