{"gold_per_floor":[110,110,30,30,55,86,7,7,31,66,80,91,91,91,91,168,168,178,103,27,77,35,35],"floor_reached":23,"playtime":369,"items_purged":["Strike_G"],"score":486,"play_id":"b24ba585-0b80-413b-9ecc-96fa498f3ab9","local_time":"20190419214142","is_ascension_mode":true,"campfire_choices":[{"data":"Catalyst","floor":8,"key":"SMITH"},{"data":"Noxious Fumes","floor":15,"key":"SMITH"}],"neow_cost":"NONE","seed_source_timestamp":298604094664311,"circlet_count":0,"master_deck":["AscendersBane","Defend_G+1","Defend_G","Defend_G","Defend_G","Defend_G","Strike_G","Strike_G","Survivor+1","Neutralize","Catalyst+1","Noxious Fumes+1","Deadly Poison","Footwork+1","Deadly Poison","Corpse Explosion","Footwork","Well Laid Plans"],"relics":["Ring of the Snake","NeowsBlessing","War Paint","Juzu Bracelet","Vajra","Empty Cage"],"potions_floor_usage":[16],"damage_taken":[{"damage":0,"enemies":"2 Louse","floor":1,"turns":1},{"damage":0,"enemies":"Gremlin Nob","floor":6,"turns":1},{"damage":0,"enemies":"3 Sentries","floor":10,"turns":2},{"damage":0,"enemies":"Jaw Worm","floor":11,"turns":5},{"damage":0,"enemies":"Cultist","floor":12,"turns":4},{"damage":33,"enemies":"The Guardian","floor":16,"turns":8},{"damage":21,"enemies":"3 Byrds","floor":18,"turns":5},{"damage":47,"enemies":"Book of Stabbing","floor":23,"turns":4}],"seed_played":"-2584248822940459072","potions_obtained":[{"floor":12,"key":"PowerPotion"},{"floor":16,"key":"SpeedPotion"}],"is_trial":false,"path_per_floor":["M","?","$","?","T","E","$","R","T","E","M","M","?","?","R","B",null,"M","$","$","?","$","E"],"character_chosen":"THE_SILENT","items_purchased":["Noxious Fumes","Footwork","Footwork","Well Laid Plans"],"campfire_rested":0,"item_purchase_floors":[3,7,20,22],"current_hp_per_floor":[59,64,64,64,64,64,64,64,64,64,64,64,71,71,71,38,63,42,42,42,42,42,0],"gold":35,"neow_bonus":"THREE_ENEMY_KILL","is_prod":false,"is_daily":false,"chose_seed":false,"campfire_upgraded":2,"win_rate":0,"timestamp":1555702902,"path_taken":["M","?","$","?","?","E","?","R","T","E","M","M","?","?","R","BOSS","M","?","$","?","$","E"],"build_version":"2019-01-23","purchased_purges":1,"victory":false,"max_hp_per_floor":[66,71,71,71,71,71,71,71,71,71,71,71,71,71,71,71,71,71,71,71,71,71,71],"card_choices":[{"not_picked":["Acrobatics","Dash"],"picked":"Catalyst","floor":1},{"not_picked":["Bane","Riddle With Holes"],"picked":"Deadly Poison","floor":6},{"not_picked":["Dagger Throw","Terror","Tools of the Trade"],"picked":"SKIP","floor":10},{"not_picked":["Prepared","Outmaneuver","Setup"],"picked":"SKIP","floor":11},{"not_picked":["Quick Slash","Endless Agony"],"picked":"Deadly Poison","floor":12},{"not_picked":["Malaise","Die Die Die"],"picked":"Corpse Explosion","floor":16},{"not_picked":["Deflect","Calculated Gamble","Dagger Throw"],"picked":"SKIP","floor":18}],"player_experience":849500,"relics_obtained":[{"floor":5,"key":"War Paint"},{"floor":6,"key":"Juzu Bracelet"},{"floor":10,"key":"Vajra"}],"event_choices":[{"damage_healed":0,"gold_gain":0,"player_choice":"Donut","damage_taken":0,"max_hp_gain":5,"max_hp_loss":0,"event_name":"Big Fish","floor":2,"gold_loss":0},{"damage_healed":0,"gold_gain":0,"player_choice":"Leave","damage_taken":0,"max_hp_gain":0,"max_hp_loss":0,"event_name":"The Cleric","floor":4,"gold_loss":0},{"damage_healed":7,"gold_gain":0,"player_choice":"Full Heal","damage_taken":0,"max_hp_gain":0,"max_hp_loss":0,"event_name":"Wheel of Change","floor":13,"gold_loss":0},{"damage_healed":0,"gold_gain":0,"player_choice":"Upgraded","damage_taken":0,"max_hp_gain":0,"max_hp_loss":0,"event_name":"Upgrade Shrine","floor":14,"gold_loss":0,"cards_upgraded":["Footwork"]},{"damage_healed":0,"gold_gain":50,"player_choice":"Stole From Cult","damage_taken":0,"max_hp_gain":0,"max_hp_loss":0,"event_name":"Nest","floor":21,"gold_loss":0}],"is_beta":false,"boss_relics":[{"not_picked":["Runic Pyramid","Eternal Feather"],"picked":"Empty Cage"}],"items_purged_floors":[19],"is_endless":false,"potions_floor_spawned":[12,16],"killed_by":"Book of Stabbing","ascension_level":20}