{"path_per_floor":["M","M","M","?","M","R","E","R","T","M","M","$","M","M","R","B",null,"M","$","M","?","M","R","M","R","T"],"character_chosen":"DEFECT","items_purchased":["Melter","Regen Potion","Reinforced Body"],"gold_per_floor":[114,133,150,150,165,165,193,193,193,208,226,65,83,101,101,203,203,220,46,56,56,76,76,86,86,86,86],"floor_reached":27,"campfire_rested":1,"playtime":1696,"current_hp_per_floor":[75,75,71,71,63,63,41,41,41,40,33,33,35,37,59,52,75,75,75,63,63,32,32,28,28,28,0],"items_purged":["Regret","Strike_B"],"gold":86,"score":219,"play_id":"7128165e-c329-4c6c-8fc2-087c153ebabb","local_time":"20180427170345","is_prod":false,"is_daily":false,"chose_seed":false,"is_ascension_mode":false,"campfire_upgraded":2,"timestamp":1524841425,"path_taken":["M","M","M","?","M","R","E","R","T","M","M","$","M","M","R","BOSS","M","$","M","?","M","R","M","R","T","M"],"build_version":"2018-04-26v2","seed_source_timestamp":3367480127510,"purchased_purges":2,"victory":false,"master_deck":["Strike_B","Strike_B","Strike_B","Defend_B","Defend_B","Defend_B","Defend_B","Zap","Dualcast","Flux Capacitor","Coolheaded","Genetic Algorithm+1","Cold Snap","Streamline","Defragment","Melter","Ball Lightning","Rainbow+1","Conserve Battery+1","Reinforced Body","Tempest","Capacitor","Chaos","Capacitor+1"],"max_hp_per_floor":[75,75,75,75,75,75,75,75,75,75,75,75,75,75,75,75,75,75,75,75,75,75,75,75,75,75,75],"relics":["Cracked Core","Anchor","Blood Vial","Girya","Kunai","Nuclear Battery","Dream Catcher"],"card_choices":[{"not_picked":["Go for the Eyes","Sweeping Beam"],"picked":"Flux Capacitor","floor":1},{"not_picked":["Hologram","Barrage"],"picked":"Coolheaded","floor":2},{"not_picked":["Double Energy","Skim"],"picked":"Genetic Algorithm","floor":3},{"not_picked":["Aggregate","Barrage"],"picked":"Cold Snap","floor":5},{"not_picked":["Stack","Go for the Eyes"],"picked":"Streamline","floor":7},{"not_picked":["Reprogram","Blizzard"],"picked":"Defragment","floor":11},{"not_picked":["Axe Kick","Hologram"],"picked":"Ball Lightning","floor":14},{"not_picked":["Prime","Redo"],"picked":"Rainbow","floor":16},{"not_picked":["Self Repair","Storm"],"picked":"Conserve Battery","floor":18},{"not_picked":["Coolheaded","Ball Lightning"],"picked":"Tempest","floor":20},{"not_picked":["Coolheaded","Hello World"],"picked":"Chaos","floor":22},{"not_picked":["Melter","FTL"],"picked":"Capacitor","floor":24}],"player_experience":37163,"potions_floor_usage":[7,20,24,24,27],"damage_taken":[{"damage":0,"enemies":"Jaw Worm","floor":1,"turns":3},{"damage":0,"enemies":"2 Louse","floor":2,"turns":4},{"damage":4,"enemies":"Small Slimes","floor":3,"turns":4},{"damage":10,"enemies":"Blue Slaver","floor":5,"turns":6},{"damage":24,"enemies":"Gremlin Nob","floor":7,"turns":5},{"damage":3,"enemies":"Looter","floor":10,"turns":4},{"damage":9,"enemies":"Lots of Slimes","floor":11,"turns":4},{"damage":0,"enemies":"Exordium Wildlife","floor":13,"turns":2},{"damage":0,"enemies":"Looter","floor":14,"turns":3},{"damage":9,"enemies":"Slime Boss","floor":16,"turns":10},{"damage":0,"enemies":"Spheric Guardian","floor":18,"turns":2},{"damage":12,"enemies":"Chosen","floor":20,"turns":7},{"damage":33,"enemies":"Snake Plant","floor":22,"turns":5},{"damage":12,"enemies":"Centurion and Healer","floor":24,"turns":4},{"damage":40,"enemies":"Cultist and Chosen","floor":27,"turns":6}],"event_choices":[{"event_name":"Big Fish","player_choice":"Box","floor":4,"damage_taken":0},{"event_name":"The Library","player_choice":"Read","floor":21,"damage_taken":0}],"boss_relics":[{"not_picked":["Astrolabe","White Beast Statue"],"picked":"Nuclear Battery"}],"potions_floor_spawned":[1,7,11,16,22,24],"seed_played":"5800670783133923471","killed_by":"Cultist and Chosen","ascension_level":0,"is_trial":false}