{"gold_per_floor":[113,9,9,27,27,27,40,40,110,110,120,120,152,165,165,237,237,254,281,281,300,44,74,74],"floor_reached":24,"playtime":582,"items_purged":[],"score":478,"play_id":"e616bd89-f6af-4bdb-99b7-41b2af51467b","local_time":"20181130011417","is_ascension_mode":true,"campfire_choices":[{"data":"Darkness","floor":6,"key":"SMITH"},{"data":"Loop","floor":8,"key":"SMITH"},{"data":"Zap","floor":10,"key":"SMITH"},{"floor":15,"key":"REST"}],"neow_cost":"NONE","seed_source_timestamp":117837471467440,"circlet_count":0,"master_deck":["AscendersBane","Strike_B","Strike_B","Strike_B","Strike_B","Defend_B","Defend_B","Defend_B","Defend_B","Zap+1","Dualcast+1","Static Discharge+1","Coolheaded","Darkness+1","Loop+1","Coolheaded","Loop","Amplify","Echo Form","Leap","Reinforced Body","Defragment"],"relics":["Nuclear Battery","The Courier","Emotion Chip","Coffee Dripper","Potion Belt","Lee\u0027s Waffle","Smiling Mask"],"potions_floor_usage":[11,16,21,23],"damage_taken":[{"damage":7,"enemies":"Cultist","floor":1,"turns":5},{"damage":4,"enemies":"Small Slimes","floor":4,"turns":3},{"damage":3,"enemies":"2 Louse","floor":7,"turns":3},{"damage":10,"enemies":"Lots of Slimes","floor":11,"turns":3},{"damage":0,"enemies":"Lagavulin","floor":13,"turns":5},{"damage":20,"enemies":"3 Louse","floor":14,"turns":2},{"damage":23,"enemies":"The Guardian","floor":16,"turns":8},{"damage":34,"enemies":"2 Thieves","floor":18,"turns":3},{"damage":3,"enemies":"Spheric Guardian","floor":21,"turns":4},{"damage":72,"enemies":"Gremlin Leader","floor":23,"turns":5},{"damage":10,"enemies":"Chosen and Byrds","floor":24,"turns":2}],"seed_played":"3186829614514773504","potions_obtained":[{"floor":7,"key":"PowerPotion"},{"floor":13,"key":"Strength Potion"},{"floor":14,"key":"SpeedPotion"},{"floor":16,"key":"Ancient Potion"},{"floor":18,"key":"Block Potion"},{"floor":21,"key":"SkillPotion"}],"is_trial":false,"path_per_floor":["M","$","?","M","?","R","M","R","T","R","M","?","E","M","R","B",null,"M","T","?","M","$","E","M"],"character_chosen":"DEFECT","items_purchased":["Static Discharge","Coolheaded","Lee\u0027s Waffle","Defragment"],"campfire_rested":1,"item_purchase_floors":[2,2,22,22],"current_hp_per_floor":[57,57,57,53,53,53,50,50,50,50,40,40,40,20,41,18,58,24,24,24,21,78,6,0],"gold":74,"neow_bonus":"BOSS_RELIC","is_prod":false,"is_daily":false,"chose_seed":false,"campfire_upgraded":3,"win_rate":0,"timestamp":1543536857,"path_taken":["M","?","?","M","?","R","M","R","T","R","M","?","E","?","R","BOSS","M","?","?","M","$","E","M"],"build_version":"2018-11-15","purchased_purges":0,"victory":false,"max_hp_per_floor":[71,71,71,71,71,71,71,71,71,71,71,71,71,71,71,71,71,71,71,71,71,78,78,78],"card_choices":[{"not_picked":["Beam Cell","Turbo","Recycle"],"picked":"SKIP","floor":1},{"not_picked":["Barrage","Steam Power"],"picked":"Darkness","floor":4},{"not_picked":["Scrape","Steam"],"picked":"Loop","floor":7},{"not_picked":["Cold Snap","Steam"],"picked":"Coolheaded","floor":11},{"not_picked":["Coolheaded","Chaos"],"picked":"Loop","floor":13},{"not_picked":["Heatsinks","Cold Snap"],"picked":"Amplify","floor":14},{"not_picked":["Core Surge","Rainbow"],"picked":"Echo Form","floor":16},{"not_picked":["Coolheaded+1","Chaos"],"picked":"Leap","floor":18},{"not_picked":["Conserve Battery","Rebound"],"picked":"Reinforced Body","floor":21},{"not_picked":["Redo","Go for the Eyes","Fusion"],"picked":"SKIP","floor":23}],"player_experience":783214,"relics_obtained":[{"floor":9,"key":"The Courier"},{"floor":13,"key":"Emotion Chip"},{"floor":19,"key":"Potion Belt"},{"floor":23,"key":"Smiling Mask"}],"event_choices":[{"damage_healed":0,"gold_gain":0,"player_choice":"Leave","damage_taken":0,"max_hp_gain":0,"max_hp_loss":0,"event_name":"The Cleric","floor":3,"gold_loss":0},{"damage_healed":0,"gold_gain":0,"player_choice":"Grow","damage_taken":0,"max_hp_gain":0,"max_hp_loss":0,"event_name":"Living Wall","floor":5,"gold_loss":0,"cards_upgraded":["Static Discharge"]},{"damage_healed":0,"gold_gain":0,"player_choice":"Forge","damage_taken":0,"max_hp_gain":0,"max_hp_loss":0,"event_name":"Accursed Blacksmith","floor":12,"gold_loss":0,"cards_upgraded":["Dualcast"]},{"damage_healed":0,"gold_gain":0,"player_choice":"Ignored","damage_taken":0,"max_hp_gain":0,"max_hp_loss":0,"event_name":"Ghosts","floor":20,"gold_loss":0}],"is_beta":true,"boss_relics":[{"not_picked":["Black Star","Runic Dome"],"picked":"Coffee Dripper"}],"items_purged_floors":[],"is_endless":false,"potions_floor_spawned":[7,13,14,16,18,21],"killed_by":"Chosen and Byrds","ascension_level":20}