{"gold_per_floor":[113,127,138,151,171,171,190,204,204,204,204,36,36,46,46,120,120,139,139,157,157,82,113,113,113,137,150,50,69,69,95,95,169,169,184,0,0,0],"floor_reached":38,"playtime":826,"items_purged":["Decay","Defend_R"],"score":797,"play_id":"d3ae6746-58a7-46df-9820-c85058fb4318","local_time":"20181012232929","is_ascension_mode":true,"campfire_choices":[{"data":"Flex","floor":6.0,"key":"SMITH"},{"data":"Limit Break","floor":11.0,"key":"SMITH"},{"floor":15.0,"key":"REST"},{"data":"Heavy Blade","floor":24.0,"key":"SMITH"},{"floor":30.0,"key":"REST"},{"floor":32.0,"key":"REST"}],"neow_cost":"NONE","seed_source_timestamp":17874321811704,"circlet_count":0,"master_deck":["Strike_R","Strike_R","Strike_R","Strike_R","Strike_R","Defend_R","Defend_R","Defend_R","Bash","AscendersBane","Searing Blow","Spot Weakness","Clothesline","Pommel Strike","Flex+1","Limit Break+1","Inflame","Reaper","Heavy Blade+1","Double Tap","Shockwave","Whirlwind","Limit Break"],"special_seed":0,"relics":["Burning Blood","NeowsBlessing","Sundial","Busted Crown","Nunchaku","Ancient Tea Set","Bronze Scales","Cursed Key","Red Mask"],"potions_floor_usage":[33],"damage_taken":[{"damage":0.0,"enemies":"Cultist","floor":1.0,"turns":1.0},{"damage":0.0,"enemies":"2 Louse","floor":2.0,"turns":1.0},{"damage":0.0,"enemies":"Small Slimes","floor":3.0,"turns":1.0},{"damage":35.0,"enemies":"Exordium Thugs","floor":4.0,"turns":5.0},{"damage":10.0,"enemies":"Gremlin Gang","floor":5.0,"turns":5.0},{"damage":13.0,"enemies":"Blue Slaver","floor":7.0,"turns":3.0},{"damage":5.0,"enemies":"2 Fungi Beasts","floor":8.0,"turns":3.0},{"damage":22.0,"enemies":"Gremlin Gang","floor":14.0,"turns":6.0},{"damage":23.0,"enemies":"Slime Boss","floor":16.0,"turns":7.0},{"damage":42.0,"enemies":"Shell Parasite","floor":18.0,"turns":5.0},{"damage":0.0,"enemies":"Chosen","floor":20.0,"turns":3.0},{"damage":60.0,"enemies":"Slavers","floor":23.0,"turns":5.0},{"damage":28.0,"enemies":"Snecko","floor":27.0,"turns":4.0},{"damage":6.0,"enemies":"Chosen and Byrds","floor":29.0,"turns":3.0},{"damage":28.0,"enemies":"Book of Stabbing","floor":31.0,"turns":3.0},{"damage":93,"enemies":"Automaton","floor":33,"turns":7},{"damage":30,"enemies":"3 Shapes","floor":35,"turns":3},{"damage":39,"enemies":"3 Darklings","floor":38,"turns":2}],"seed_played":"8473216533211470275","potions_obtained":[{"floor":3.0,"key":"Strength Potion"},{"floor":5.0,"key":"Fruit Juice"},{"floor":7.0,"key":"Weak Potion"},{"floor":20.0,"key":"Explosive Potion"},{"floor":23.0,"key":"FearPotion"},{"floor":31.0,"key":"Fire Potion"},{"floor":35,"key":"LiquidBronze"}],"is_trial":false,"path_per_floor":["M","M","M","M","M","R","M","M","T","$","R","$","?","M","R","B",null,"M","?","M","?","$","E","R","?","T","M","$","M","R","E","R","B",null,"M","?","$"],"character_chosen":"IRONCLAD","items_purchased":["Reaper"],"campfire_rested":3,"item_purchase_floors":[12],"current_hp_per_floor":[74,75,75,46,47,47,40,41,41,41,41,41,41,25,49,38,70,40,40,46,46,46,37,37,37,37,27,27,27,51,44,68,8,62,38,38,38,0],"gold":0,"neow_bonus":"THREE_ENEMY_KILL","is_prod":false,"is_daily":false,"chose_seed":false,"campfire_upgraded":3,"win_rate":0,"timestamp":1539379769,"path_taken":["M","M","M","M","M","R","?","M","T","$","R","$","?","?","R","BOSS","M","?","M","?","$","E","R","?","T","M","?","M","R","E","R","BOSS","M","?","?","M"],"build_version":"2018-10-11","purchased_purges":2,"victory":false,"max_hp_per_floor":[75,75,75,75,80,80,80,80,80,80,80,80,80,80,80,80,80,80,80,80,80,80,80,80,80,80,80,80,80,80,80,80,80,80,80,80,80,80],"card_choices":[{"not_picked":["Armaments","Sword Boomerang"],"picked":"Searing Blow","floor":1.0},{"not_picked":["Headbutt","Battle Trance"],"picked":"Spot Weakness","floor":2.0},{"not_picked":["Hemokinesis","Anger"],"picked":"Clothesline","floor":3.0},{"not_picked":["Headbutt","Wild Strike"],"picked":"Pommel Strike","floor":4.0},{"not_picked":["Anger","Hemokinesis"],"picked":"Flex","floor":5.0},{"not_picked":["Perfected Strike","Twin Strike"],"picked":"Limit Break","floor":7.0},{"not_picked":["Spot Weakness","Carnage"],"picked":"Inflame","floor":8.0},{"not_picked":["Headbutt","Uppercut"],"picked":"Heavy Blade","floor":14.0},{"not_picked":["Bludgeon","Barricade"],"picked":"Double Tap","floor":16.0},{"not_picked":["Evolve"],"picked":"SKIP","floor":18.0},{"not_picked":[],"picked":"Shockwave","floor":20.0},{"not_picked":["Thunderclap"],"picked":"SKIP","floor":23.0},{"not_picked":["Clash"],"picked":"SKIP","floor":27.0},{"not_picked":[],"picked":"Whirlwind","floor":29.0},{"not_picked":["Battle Trance"],"picked":"SKIP","floor":31.0},{"not_picked":[],"picked":"Limit Break","floor":33},{"not_picked":["Havoc"],"picked":"SKIP","floor":35}],"player_experience":675219,"relics_obtained":[{"floor":9.0,"key":"Sundial"},{"floor":23.0,"key":"Nunchaku"},{"floor":26.0,"key":"Ancient Tea Set"},{"floor":31.0,"key":"Bronze Scales"}],"event_choices":[{"event_name":"Golden Idol","player_choice":"Ignored","floor":13.0,"damage_taken":0.0},{"event_name":"Forgotten Altar","player_choice":"Smashed Altar","floor":19.0,"damage_taken":0.0},{"event_name":"Transmorgrifier","player_choice":"Skipped","floor":21.0,"damage_taken":0.0},{"event_name":"Ghosts","player_choice":"Ignored","floor":25.0,"damage_taken":0.0},{"event_name":"Tomb of Lord Red Mask","player_choice":"Paid","floor":36,"damage_taken":0}],"is_beta":true,"boss_relics":[{"not_picked":["Black Blood","Tiny House"],"picked":"Busted Crown"},{"not_picked":["Astrolabe","Runic Pyramid"],"picked":"Cursed Key"}],"items_purged_floors":[22,28],"is_endless":false,"potions_floor_spawned":[3,5,7,14,20,23,31,35],"killed_by":"3 Darklings","ascension_level":17}