{"gold_per_floor":[117,42,62,62,77,105,117,143,143,162,162,173,200,213,213,315,315,329,344,444,469,469,499,499,513,513,513],"floor_reached":27,"playtime":2789,"items_purged":["Strike_P"],"score":280,"play_id":"f22b423c-61a9-404c-9245-92a4bfdba514","local_time":"20190920223452","is_ascension_mode":false,"campfire_choices":[{"floor":11.0,"key":"REST"},{"data":"Collect","floor":15,"key":"SMITH"},{"floor":24,"key":"REST"}],"neow_cost":"NONE","seed_source_timestamp":2215133947354,"circlet_count":0,"master_deck":["Strike_P","Strike_P","Defend_P","Defend_P","Defend_P","Defend_P","Eruption","Vigilance","FlyingSleeves","JustLucky","CrushJoints","FlyingSleeves","JustLucky","Collect+1","Sanctity","FearNoEvil","Swivel","Wallop","Nirvana","Vengeance","ThirdEye+1","JustLucky+1","DevaForm+1","EmptyFist"],"special_seed":0,"relics":["Black Star","Blue Candle","Anchor","Orichalcum","Turnip","Juzu Bracelet","Oddly Smooth Stone","White Beast Statue","MealTicket","Philosopher\u0027s Stone","Red Mask","Bronze Scales","Frozen Egg 2","Shovel"],"potions_floor_usage":[16,18,21,21,25,27],"damage_taken":[{"damage":4.0,"enemies":"Cultist","floor":1.0,"turns":5.0},{"damage":4.0,"enemies":"Jaw Worm","floor":3.0,"turns":3.0},{"damage":0.0,"enemies":"Small Slimes","floor":5.0,"turns":2.0},{"damage":23.0,"enemies":"3 Sentries","floor":6.0,"turns":9.0},{"damage":8.0,"enemies":"2 Fungi Beasts","floor":7.0,"turns":2.0},{"damage":10.0,"enemies":"Gremlin Nob","floor":8.0,"turns":3.0},{"damage":0.0,"enemies":"Looter","floor":10.0,"turns":4.0},{"damage":7.0,"enemies":"Lots of Slimes","floor":12.0,"turns":4.0},{"damage":0,"enemies":"Lagavulin","floor":13,"turns":6},{"damage":0,"enemies":"2 Fungi Beasts","floor":14,"turns":3},{"damage":4,"enemies":"Hexaghost","floor":16,"turns":8},{"damage":7,"enemies":"3 Byrds","floor":18,"turns":7},{"damage":0,"enemies":"Shell Parasite","floor":19,"turns":4},{"damage":27,"enemies":"Masked Bandits","floor":21,"turns":5},{"damage":16,"enemies":"Gremlin Leader","floor":23,"turns":11},{"damage":18,"enemies":"Snecko","floor":25,"turns":6},{"damage":19,"enemies":"Centurion and Healer","floor":27,"turns":5}],"seed_played":"8111847499249381502","potions_obtained":[{"floor":3.0,"key":"Fire Potion"},{"floor":5.0,"key":"Swift Potion"},{"floor":12.0,"key":"Weak Potion"},{"floor":14,"key":"Ancient Potion"},{"floor":16,"key":"Swift Potion"},{"floor":18,"key":"GamblersBrew"},{"floor":19,"key":"Block Potion"},{"floor":21,"key":"SneckoOil"},{"floor":23,"key":"GamblersBrew"},{"floor":25,"key":"Weak Potion"}],"is_trial":false,"path_per_floor":["M","$","M","T","M","E","M","E","T","M","R","M","E","M","R","B",null,"M","M","?","?","?","E","R","M","T","M"],"character_chosen":"WATCHER","items_purchased":[],"campfire_rested":2,"item_purchase_floors":[],"current_hp_per_floor":[61,61,57,57,57,34,26,16,16,16,35,28,28,28,28,24,65,58,58,58,31,31,15,34,16,16,0],"gold":513,"neow_bonus":"BOSS_RELIC","is_prod":false,"is_daily":false,"chose_seed":false,"campfire_upgraded":1,"win_rate":0.0,"timestamp":1568986492,"path_taken":["M","?","M","?","?","E","M","E","T","M","R","M","E","M","R","BOSS","M","M","?","?","?","E","R","M","T","M"],"build_version":"2019-09-19","purchased_purges":1,"victory":false,"max_hp_per_floor":[65,65,65,65,65,65,65,65,65,65,65,65,65,65,65,65,65,65,65,65,65,65,65,65,65,65,65],"card_choices":[{"not_picked":["Protect","Halt"],"picked":"FlyingSleeves","floor":1.0},{"not_picked":["ClearTheMind","WreathOfFlame"],"picked":"JustLucky","floor":3.0},{"not_picked":["Prostrate","EmptyBody"],"picked":"CrushJoints","floor":5.0},{"not_picked":["WreathOfFlame","EmptyFist"],"picked":"FlyingSleeves","floor":6.0},{"not_picked":["ClearTheMind","CrushJoints"],"picked":"JustLucky","floor":7.0},{"not_picked":["Protect","CrushJoints"],"picked":"Collect","floor":8.0},{"not_picked":["Worship","ClearTheMind"],"picked":"Sanctity","floor":10.0},{"not_picked":["FlyingSleeves","Worship"],"picked":"FearNoEvil","floor":12.0},{"not_picked":["Protect","Crescendo"],"picked":"Swivel","floor":13},{"not_picked":["WreathOfFlame","WindmillStrike"],"picked":"Wallop","floor":14},{"not_picked":["Blasphemy","Ragnarok"],"picked":"Nirvana","floor":16},{"not_picked":["Weave","CutThroughFate"],"picked":"Vengeance","floor":18},{"not_picked":["CrushJoints","BowlingBash"],"picked":"ThirdEye+1","floor":19},{"not_picked":["Weave+1","WaveOfTheHand"],"picked":"JustLucky+1","floor":21},{"not_picked":["DeceiveReality+1","Weave"],"picked":"DevaForm","floor":23},{"not_picked":["Collect+1","WindmillStrike"],"picked":"EmptyFist","floor":25}],"player_experience":492184,"relics_obtained":[{"floor":4.0,"key":"Blue Candle"},{"floor":6.0,"key":"Anchor"},{"floor":6.0,"key":"Orichalcum"},{"floor":8.0,"key":"Turnip"},{"floor":8.0,"key":"Juzu Bracelet"},{"floor":9.0,"key":"Oddly Smooth Stone"},{"floor":13,"key":"White Beast Statue"},{"floor":13,"key":"MealTicket"},{"floor":21,"key":"Red Mask"},{"floor":23,"key":"Bronze Scales"},{"floor":23,"key":"Frozen Egg 2"},{"floor":26,"key":"Shovel"}],"event_choices":[{"damage_healed":0,"gold_gain":100,"player_choice":"Pray","damage_taken":0,"max_hp_gain":0,"max_hp_loss":0,"event_name":"Golden Shrine","floor":20,"gold_loss":0},{"damage_healed":0,"gold_gain":0,"player_choice":"Fought Bandits","damage_taken":0,"max_hp_gain":0,"max_hp_loss":0,"event_name":"Masked Bandits","floor":21,"gold_loss":0},{"cards_removed":["Strike_P"],"damage_healed":0,"gold_gain":0,"player_choice":"Elegance","damage_taken":0,"max_hp_gain":0,"max_hp_loss":0,"event_name":"Back to Basics","floor":22,"gold_loss":0}],"is_beta":true,"boss_relics":[{"not_picked":["Tiny House","Pandora\u0027s Box"],"picked":"Philosopher\u0027s Stone"}],"items_purged_floors":[2],"is_endless":false,"potions_floor_spawned":[3,5,12,14,16,18,19,21,23,25],"killed_by":"Centurion and Healer","ascension_level":0}