{"gold_per_floor":[118,118,43,43,43,43,60,60,115,146,156,174,189,189],"floor_reached":14,"playtime":323,"items_purged":["Strike_G"],"score":230,"play_id":"c4f9eb33-5d7b-4733-8ad7-409cb8ddf351","local_time":"20190413194741","is_ascension_mode":true,"campfire_choices":[{"data":"Dodge and Roll","floor":6,"key":"SMITH"},{"data":"Backflip","floor":8,"key":"SMITH"}],"neow_cost":"NONE","seed_source_timestamp":202104238153871,"circlet_count":0,"master_deck":["AscendersBane","Defend_G","Defend_G","Defend_G","Defend_G","Defend_G","Strike_G","Strike_G","Strike_G","Survivor","Neutralize","Dodge and Roll+1","Backflip+1","Blur","Caltrops"],"relics":["Ring of the Snake","NeowsBlessing","Anchor","Matryoshka"],"potions_floor_usage":[11,13,14],"damage_taken":[{"damage":0,"enemies":"Small Slimes","floor":1,"turns":1},{"damage":0,"enemies":"2 Louse","floor":7,"turns":1},{"damage":0,"enemies":"3 Sentries","floor":10,"turns":2},{"damage":1,"enemies":"Jaw Worm","floor":11,"turns":6},{"damage":0,"enemies":"2 Fungi Beasts","floor":12,"turns":5},{"damage":20,"enemies":"Large Slime","floor":13,"turns":13},{"damage":35,"enemies":"Gremlin Gang","floor":14,"turns":3}],"seed_played":"-1086752890954967534","potions_obtained":[{"floor":7,"key":"GhostInAJar"},{"floor":10,"key":"Poison Potion"},{"floor":11,"key":"LiquidBronze"}],"is_trial":false,"path_per_floor":["M","?","$","?","?","R","M","R","T","E","M","M","M","M"],"character_chosen":"THE_SILENT","items_purchased":[],"campfire_rested":0,"item_purchase_floors":[],"current_hp_per_floor":[59,59,59,59,52,52,52,52,52,52,51,51,31,0],"gold":189,"neow_bonus":"THREE_ENEMY_KILL","is_prod":false,"is_daily":false,"chose_seed":false,"campfire_upgraded":2,"win_rate":0,"timestamp":1555177661,"path_taken":["M","?","$","?","?","R","M","R","T","E","M","M","M","M"],"build_version":"2019-01-23","purchased_purges":1,"victory":false,"max_hp_per_floor":[66,66,66,66,66,66,66,66,66,66,66,66,66,66],"card_choices":[{"not_picked":["Backflip","Slice"],"picked":"Dodge and Roll","floor":1},{"not_picked":["Cloak And Dagger","Dagger Throw"],"picked":"Backflip","floor":7},{"not_picked":["Dagger Throw","Poisoned Stab"],"picked":"Blur","floor":10},{"not_picked":["Predator","Slice","Eviscerate"],"picked":"SKIP","floor":11},{"not_picked":["Acrobatics","Dagger Throw"],"picked":"Caltrops","floor":12},{"not_picked":["Accuracy","Eviscerate","Sucker Punch"],"picked":"SKIP","floor":13}],"player_experience":828657,"relics_obtained":[{"floor":9,"key":"Anchor"},{"floor":10,"key":"Matryoshka"}],"event_choices":[{"damage_healed":0,"gold_gain":0,"player_choice":"Leave","damage_taken":0,"max_hp_gain":0,"max_hp_loss":0,"event_name":"The Cleric","floor":2,"gold_loss":0},{"damage_healed":0,"gold_gain":0,"player_choice":"Ignored","damage_taken":0,"max_hp_gain":0,"max_hp_loss":0,"event_name":"Shining Light","floor":4,"gold_loss":0},{"cards_removed":["Strike_G"],"damage_healed":0,"gold_gain":0,"player_choice":"Card Removal","damage_taken":7,"max_hp_gain":0,"max_hp_loss":0,"event_name":"Golden Wing","floor":5,"gold_loss":0}],"is_beta":false,"boss_relics":[],"items_purged_floors":[3],"is_endless":false,"potions_floor_spawned":[7,10,11],"killed_by":"Gremlin Gang","ascension_level":20}