{"gold_per_floor":[111,111,34,51,64,64,64,80,80,80,80,96,96,113,113,184,184,201,251,251,30,34,65,65,65,111,137,160,186,247,294,306,390,402,427,439,451],"floor_reached":37,"playtime":1151,"items_purged":["Decay"],"score":934,"play_id":"adde65a8-2a8d-4f00-b14c-e31f8e02a8a3","local_time":"20190417123524","is_ascension_mode":true,"campfire_choices":[{"data":"Poisoned Stab","floor":6.0,"key":"SMITH"},{"data":"Bouncing Flask","floor":10.0,"key":"SMITH"},{"data":"Footwork","floor":13.0,"key":"SMITH"},{"data":"Blur","floor":15.0,"key":"SMITH"},{"floor":24.0,"key":"REST"},{"floor":32.0,"key":"REST"}],"neow_cost":"NONE","seed_source_timestamp":92015209718250,"circlet_count":0,"master_deck":["AscendersBane","Defend_G+1","Defend_G+1","Defend_G+1","Defend_G+1","Defend_G+1","Strike_G+1","Strike_G+1","Strike_G+1","Strike_G+1","Strike_G+1","Survivor","Neutralize","Blur+1","Footwork+1","Poisoned Stab+1","Bouncing Flask+1","Burst","Footwork","Deadly Poison","Well Laid Plans","Footwork","Blur","Dash","Dash","Malaise","Deadly Poison"],"special_seed":0,"relics":["Ring of the Snake","The Courier","Meat on the Bone","Mummified Hand","Velvet Choker","Thread and Needle","Blood Vial","MawBank","Snake Skull","Pocketwatch","WristBlade"],"potions_floor_usage":[],"damage_taken":[{"damage":0.0,"enemies":"2 Louse","floor":1.0,"turns":3.0},{"damage":1.0,"enemies":"Jaw Worm","floor":4.0,"turns":8.0},{"damage":1.0,"enemies":"Cultist","floor":5.0,"turns":5.0},{"damage":5.0,"enemies":"2 Fungi Beasts","floor":8.0,"turns":6.0},{"damage":6.0,"enemies":"Large Slime","floor":12.0,"turns":7.0},{"damage":1.0,"enemies":"Looter","floor":14.0,"turns":3.0},{"damage":0.0,"enemies":"Hexaghost","floor":16.0,"turns":9.0},{"damage":0.0,"enemies":"Spheric Guardian","floor":18.0,"turns":2.0},{"damage":21.0,"enemies":"2 Thieves","floor":22.0,"turns":4.0},{"damage":34.0,"enemies":"Book of Stabbing","floor":23.0,"turns":5.0},{"damage":23.0,"enemies":"Slavers","floor":27.0,"turns":10.0},{"damage":0.0,"enemies":"Centurion and Healer","floor":28.0,"turns":8.0},{"damage":0.0,"enemies":"Cultist and Chosen","floor":29.0,"turns":8.0},{"damage":4.0,"enemies":"Book of Stabbing","floor":31.0,"turns":5.0},{"damage":32.0,"enemies":"Collector","floor":33.0,"turns":8.0},{"damage":0.0,"enemies":"Orb Walker","floor":35.0,"turns":4.0},{"damage":28,"enemies":"3 Darklings","floor":37,"turns":4}],"seed_played":"-2660004785025322256","potions_obtained":[{"floor":1.0,"key":"Regen Potion"},{"floor":5.0,"key":"Strength Potion"},{"floor":16.0,"key":"FearPotion"},{"floor":22.0,"key":"LiquidBronze"},{"floor":27.0,"key":"Ancient Potion"},{"floor":28.0,"key":"Block Potion"},{"floor":31.0,"key":"Poison Potion"},{"floor":35.0,"key":"Explosive Potion"}],"is_trial":false,"path_per_floor":["M","?","$","M","M","R","T","M","T","R","T","M","R","M","R","B",null,"M","?","?","$","M","E","R","?","T","E","M","M","T","E","R","B",null,"M","?","M"],"character_chosen":"THE_SILENT","items_purchased":["Footwork","Deadly Poison","Well Laid Plans","Footwork"],"campfire_rested":2,"item_purchase_floors":[3,21,21,21],"current_hp_per_floor":[65,70,70,69,68,68,68,63,63,63,63,57,57,56,56,56,72,72,72,72,72,51,29,52,52,52,46,48,50,50,48,71,41,68,70,70,44],"gold":451,"neow_bonus":"TEN_PERCENT_HP_BONUS","is_prod":false,"is_daily":false,"chose_seed":false,"campfire_upgraded":4,"win_rate":0,"timestamp":1555497324,"path_taken":["M","?","$","M","M","R","?","M","T","R","?","?","R","M","R","BOSS","M","?","?","$","M","E","R","?","T","E","M","M","?","E","R","BOSS","M","?","M"],"build_version":"2019-01-23","purchased_purges":1,"victory":false,"max_hp_per_floor":[72,77,77,77,77,77,77,77,77,77,77,77,77,77,77,77,77,77,77,77,77,77,77,77,77,77,77,77,77,77,77,77,77,77,77,77,77],"card_choices":[{"not_picked":["Blade Dance","Dodge and Roll"],"picked":"Blur","floor":1.0},{"not_picked":["Deflect","Eviscerate","Bane"],"picked":"SKIP","floor":4.0},{"not_picked":["Slice","Quick Slash"],"picked":"Poisoned Stab","floor":5.0},{"not_picked":["Blade Dance","Predator"],"picked":"Bouncing Flask","floor":8.0},{"not_picked":["Dagger Spray","Masterful Stab","Cloak And Dagger"],"picked":"SKIP","floor":12.0},{"not_picked":["Outmaneuver","Die Die Die","Flying Knee"],"picked":"SKIP","floor":14.0},{"not_picked":["Wraith Form v2","Phantasmal Killer"],"picked":"Burst","floor":16.0},{"not_picked":["Deadly Poison","Underhanded Strike"],"picked":"Footwork","floor":18.0},{"not_picked":["Blade Dance","PiercingWail","Dagger Spray"],"picked":"SKIP","floor":22.0},{"not_picked":["Predator","Outmaneuver"],"picked":"Blur","floor":23.0},{"not_picked":["Slice","Quick Slash"],"picked":"Dash","floor":27.0},{"not_picked":["Dagger Throw","Calculated Gamble","Cloak And Dagger"],"picked":"SKIP","floor":28.0},{"not_picked":["Flying Knee","Sucker Punch"],"picked":"Dash","floor":29.0},{"not_picked":["Blur","Terror","Accuracy"],"picked":"SKIP","floor":31.0},{"not_picked":["Wraith Form v2","Bullet Time"],"picked":"Malaise","floor":33.0},{"not_picked":["Eviscerate+1","Tactician"],"picked":"Deadly Poison","floor":35.0}],"player_experience":843636,"relics_obtained":[{"floor":7.0,"key":"The Courier"},{"floor":9.0,"key":"Meat on the Bone"},{"floor":11.0,"key":"Mummified Hand"},{"floor":23.0,"key":"Thread and Needle"},{"floor":26.0,"key":"Blood Vial"},{"floor":27.0,"key":"MawBank"},{"floor":30.0,"key":"Snake Skull"},{"floor":31.0,"key":"Pocketwatch"}],"event_choices":[{"damage_healed":0.0,"max_hp_gain":5.0,"max_hp_loss":0.0,"gold_gain":0.0,"event_name":"Big Fish","player_choice":"Donut","floor":2.0,"gold_loss":0.0,"damage_taken":0.0},{"damage_healed":0.0,"max_hp_gain":0.0,"max_hp_loss":0.0,"gold_gain":50.0,"event_name":"Nest","player_choice":"Stole From Cult","floor":19.0,"gold_loss":0.0,"damage_taken":0.0},{"damage_healed":0.0,"max_hp_gain":0.0,"max_hp_loss":0.0,"gold_gain":0.0,"event_name":"Forgotten Altar","player_choice":"Smashed Altar","floor":20.0,"gold_loss":0.0,"damage_taken":0.0,"cards_obtained":["Decay"]},{"damage_healed":0.0,"max_hp_gain":0.0,"max_hp_loss":0.0,"gold_gain":0.0,"event_name":"Back to Basics","player_choice":"Simplicity","floor":25.0,"gold_loss":0.0,"damage_taken":0.0,"cards_upgraded":["Defend_G","Defend_G","Defend_G","Defend_G","Defend_G","Strike_G","Strike_G","Strike_G","Strike_G","Strike_G"]},{"damage_healed":0,"gold_gain":0,"player_choice":"Ignored","damage_taken":0,"max_hp_gain":0,"max_hp_loss":0,"event_name":"Mysterious Sphere","floor":36,"gold_loss":0}],"is_beta":false,"boss_relics":[{"not_picked":["Calling Bell","Runic Pyramid"],"picked":"Velvet Choker"},{"not_picked":["HoveringKite","Snecko Eye"],"picked":"WristBlade"}],"items_purged_floors":[21],"is_endless":false,"potions_floor_spawned":[1,5,16,22,27,28,31,35],"killed_by":"3 Darklings","ascension_level":20}