{"gold_per_floor":[119,119,44,62,135,178,178,198,198,239,239,254,254,273,273,398,398,418,333,34,34,48,79,79,79,102,202,252,252,270,305,305,430,430,449,464,33,51,71,111,111,135,159,200,223,286,305,328,328,328],"floor_reached":51,"playtime":4697,"items_purged":["Injury","Normality"],"score":857,"play_id":"3de421cc-9a9f-4163-96f8-fa6cc43a5cb7","local_time":"20180630205758","is_ascension_mode":false,"campfire_choices":[{"data":"1","floor":7,"key":"LIFT"},{"data":"2","floor":11,"key":"LIFT"},{"floor":13,"key":"REST"},{"data":"3","floor":15,"key":"LIFT"},{"data":"After Image","floor":24,"key":"SMITH"},{"data":"Dodge and Roll","floor":29,"key":"SMITH"},{"floor":32,"key":"REST"},{"data":"After Image","floor":41,"key":"SMITH"},{"data":"Flying Knee","floor":49,"key":"SMITH"}],"neow_cost":"NONE","seed_source_timestamp":2219983409203,"circlet_count":0,"master_deck":["Defend_G","Defend_G","Defend_G","Defend_G","Defend_G","Strike_G","Strike_G","Strike_G","Strike_G","Strike_G","Survivor","Neutralize","Predator","Blur","After Image","Slice","Die Die Die","Noxious Fumes","Slice","After Image+1","Choke","Dodge and Roll+1","Endless Agony","Flying Knee+1","Dagger Spray","Flying Knee+1","Endless Agony+1","Endless Agony+1","Envenom","Finisher+1","Caltrops","Skewer+1","After Image+1","Writhe","Injury","Backflip+1","Escape Plan+1","Sadistic Nature","Backstab+1","Quick Slash+1","Caltrops","Skewer+1","Terror+1","Quick Slash+1","Quick Slash+1","Caltrops+1","Expertise+1"],"relics":["Black Star","Golden Idol","Ornamental Fan","Girya","Thread and Needle","Mummified Hand","Bottled Tornado","Kunai","Orrery","Molten Egg 2","Matryoshka","Centennial Puzzle","Tough Bandages","Snake Skull","Blood Vial","Juzu Bracelet","Boot","Toxic Egg 2","Bottled Flame","Calling Bell","Regal Pillow","Mercury Hourglass","Bird Faced Urn","Oddly Smooth Stone","Omamori","Happy Flower","Lantern","Bronze Scales","Anchor","Ginger"],"potions_floor_usage":[14,16,18,40,44,46,50],"damage_taken":[{"damage":2,"enemies":"Small Slimes","floor":1,"turns":4},{"damage":4,"enemies":"Cultist","floor":4,"turns":4},{"damage":31,"enemies":"3 Sentries","floor":6,"turns":13},{"damage":0,"enemies":"Jaw Worm","floor":8,"turns":5},{"damage":7,"enemies":"Gremlin Nob","floor":10,"turns":5},{"damage":0,"enemies":"Lots of Slimes","floor":12,"turns":3},{"damage":0,"enemies":"Large Slime","floor":14,"turns":4},{"damage":17,"enemies":"Hexaghost","floor":16,"turns":9},{"damage":0,"enemies":"2 Thieves","floor":18,"turns":2},{"damage":0,"enemies":"Chosen","floor":22,"turns":3},{"damage":19,"enemies":"Slavers","floor":23,"turns":3},{"damage":0,"enemies":"Snake Plant","floor":30,"turns":4},{"damage":9,"enemies":"Gremlin Leader","floor":31,"turns":5},{"damage":17,"enemies":"Automaton","floor":33,"turns":11},{"damage":0,"enemies":"Orb Walker","floor":35,"turns":3},{"damage":7,"enemies":"3 Darklings","floor":36,"turns":3},{"damage":4,"enemies":"4 Shapes","floor":38,"turns":3},{"damage":4,"enemies":"Maw","floor":39,"turns":7},{"damage":9,"enemies":"Nemesis","floor":40,"turns":5},{"damage":0,"enemies":"Sphere and 2 Shapes","floor":42,"turns":3},{"damage":17,"enemies":"2 Orb Walkers","floor":44,"turns":5},{"damage":0,"enemies":"4 Shapes","floor":45,"turns":3},{"damage":0,"floor":46,"turns":4},{"damage":5,"enemies":"Maw","floor":47,"turns":5},{"damage":0,"enemies":"Sphere and 2 Shapes","floor":48,"turns":4},{"damage":0,"enemies":"Donu and Deca","floor":50,"turns":7}],"seed_played":"-2358803588332701273","potions_obtained":[{"floor":1,"key":"Regen Potion"},{"floor":6,"key":"SkillPotion"},{"floor":10,"key":"Fire Potion"},{"floor":16,"key":"FearPotion"},{"floor":30,"key":"SteroidPotion"},{"floor":31,"key":"Block Potion"},{"floor":33,"key":"SpeedPotion"},{"floor":35,"key":"Dexterity Potion"},{"floor":36,"key":"Explosive Potion"},{"floor":42,"key":"SpeedPotion"},{"floor":45,"key":"Weak Potion"},{"floor":48,"key":"Energy Potion"}],"is_trial":false,"path_per_floor":["M","?","$","M","T","E","R","M","T","E","R","M","R","M","R","B",null,"M","?","$","?","M","E","R","?","T","?","T","R","M","E","R","B",null,"M","M","$","M","M","E","R","M","T","E","M","?","M","M","R","B"],"character_chosen":"THE_SILENT","items_purchased":["Matryoshka","Endless Agony+1","Sadistic Nature","Oddly Smooth Stone"],"campfire_rested":2,"item_purchase_floors":[20,20,37,37],"current_hp_per_floor":[68,68,68,64,64,33,33,33,33,26,26,26,47,61,61,44,70,70,70,70,70,70,51,51,51,51,51,51,51,53,46,67,52,70,70,65,65,66,68,70,70,70,70,63,70,70,69,70,70,70],"gold":328,"neow_bonus":"BOSS_RELIC","is_prod":false,"is_daily":false,"chose_seed":false,"campfire_upgraded":4,"win_rate":0.0,"timestamp":1530363478,"path_taken":["M","?","?","M","?","E","R","M","T","E","R","?","R","M","R","BOSS","M","?","$","?","?","E","R","?","T","?","?","R","M","E","R","BOSS","M","M","$","M","M","E","R","M","T","E","M","?","M","M","R","BOSS"],"build_version":"2018-06-28","purchased_purges":2,"victory":true,"max_hp_per_floor":[70,70,70,70,70,70,70,70,70,70,70,70,70,70,70,70,70,70,70,70,70,70,70,70,70,70,70,70,70,70,70,70,70,70,70,70,70,70,70,70,70,70,70,70,70,70,70,70,70,70],"card_choices":[{"not_picked":["Crippling Poison","Dagger Throw"],"picked":"Predator","floor":1},{"not_picked":["Sucker Punch","PiercingWail"],"picked":"Blur","floor":4},{"not_picked":["Wraith Form v2","Flying Knee"],"picked":"After Image","floor":6},{"not_picked":["Riddle With Holes","Outmaneuver"],"picked":"Slice","floor":8},{"not_picked":["Expertise","Sucker Punch"],"picked":"Die Die Die","floor":10},{"not_picked":["Underhanded Strike","Crippling Poison"],"picked":"Noxious Fumes","floor":12},{"not_picked":["Sucker Punch","Prepared"],"picked":"Slice","floor":14},{"not_picked":["Phantasmal Killer","Burst"],"picked":"After Image","floor":16},{"not_picked":["Terror","Sucker Punch"],"picked":"Choke","floor":17},{"not_picked":["Backflip","Poisoned Stab"],"picked":"Dodge and Roll","floor":17},{"not_picked":["Backflip","Dagger Throw"],"picked":"Endless Agony","floor":17},{"not_picked":["Deadly Poison","Prepared"],"picked":"Flying Knee","floor":17},{"not_picked":["Dagger Throw","Eviscerate"],"picked":"Dagger Spray","floor":17},{"not_picked":["Flechettes","Crippling Poison"],"picked":"Flying Knee+1","floor":18},{"not_picked":["Distraction","Choke+1"],"picked":"Endless Agony+1","floor":22},{"not_picked":["PiercingWail","Underhanded Strike+1"],"picked":"Envenom","floor":23},{"not_picked":["Blur","Distraction"],"picked":"Caltrops","floor":30},{"not_picked":["Dodge and Roll","Calculated Gamble"],"picked":"Skewer+1","floor":31},{"not_picked":["Tactician+1","Phantasmal Killer+1"],"picked":"After Image","floor":33},{"not_picked":["Skewer+1","Escape Plan+1"],"picked":"Backflip+1","floor":35},{"not_picked":["Expertise+1","Dagger Spray+1"],"picked":"Escape Plan+1","floor":36},{"not_picked":["Eviscerate+1","Prepared+1"],"picked":"Backstab+1","floor":38},{"not_picked":["Underhanded Strike+1","Backflip+1"],"picked":"Quick Slash+1","floor":39},{"not_picked":["Footwork+1","Expertise+1"],"picked":"Caltrops","floor":40},{"not_picked":["Acrobatics+1","Outmaneuver+1"],"picked":"Skewer+1","floor":42},{"not_picked":["Burst+1","Poisoned Stab+1"],"picked":"Terror+1","floor":44},{"not_picked":["Choke+1","Sucker Punch+1"],"picked":"Quick Slash+1","floor":45},{"not_picked":["Dodge and Roll+1","Flying Knee+1"],"picked":"Quick Slash+1","floor":46},{"not_picked":["Poisoned Stab+1","Quick Slash+1"],"picked":"Caltrops+1","floor":47},{"not_picked":["Distraction+1","Die Die Die+1"],"picked":"Expertise+1","floor":48}],"player_experience":20359,"relics_obtained":[{"floor":5,"key":"Ornamental Fan"},{"floor":6,"key":"Girya"},{"floor":6,"key":"Thread and Needle"},{"floor":9,"key":"Mummified Hand"},{"floor":10,"key":"Bottled Tornado"},{"floor":10,"key":"Kunai"},{"floor":23,"key":"Centennial Puzzle"},{"floor":23,"key":"Tough Bandages"},{"floor":26,"key":"Snake Skull"},{"floor":26,"key":"Blood Vial"},{"floor":28,"key":"Juzu Bracelet"},{"floor":28,"key":"Boot"},{"floor":31,"key":"Toxic Egg 2"},{"floor":31,"key":"Bottled Flame"},{"floor":34,"key":"Regal Pillow"},{"floor":34,"key":"Mercury Hourglass"},{"floor":34,"key":"Bird Faced Urn"},{"floor":40,"key":"Omamori"},{"floor":40,"key":"Happy Flower"},{"floor":43,"key":"Lantern"},{"floor":44,"key":"Bronze Scales"},{"floor":44,"key":"Anchor"},{"floor":46,"key":"Ginger"}],"event_choices":[{"event_name":"Golden Idol","player_choice":"Take Wound","floor":2,"damage_taken":0},{"event_name":"Addict","player_choice":"Obtained Relic","floor":19,"damage_taken":0},{"event_name":"Ghosts","player_choice":"Ignored","floor":21,"damage_taken":0},{"event_name":"The Library","player_choice":"Read","floor":25,"damage_taken":0},{"event_name":"Golden Shrine","player_choice":"Pray","floor":27,"damage_taken":0},{"event_name":"Mysterious Sphere","player_choice":"Fight","floor":46,"damage_taken":0}],"boss_relics":[{"not_picked":["Runic Dome","Tiny House"],"picked":"Orrery"},{"not_picked":["Snecko Eye","Astrolabe"],"picked":"Calling Bell"}],"items_purged_floors":[3,37],"is_endless":false,"potions_floor_spawned":[1,6,10,16,30,31,33,35,36,42,45,48],"ascension_level":0}