{"gold_per_floor":[113,58,58,58,58,97,97,131,131,172,172,199,199],"floor_reached":13,"playtime":135,"items_purged":[],"score":287,"play_id":"580ae52c-db2d-4431-8ec7-7c67d56b68f0","local_time":"20181104134350","is_ascension_mode":true,"campfire_choices":[{"data":"Deadly Poison","floor":7,"key":"SMITH"},{"data":"Deadly Poison","floor":11,"key":"SMITH"}],"neow_cost":"NONE","seed_source_timestamp":98677098502683,"circlet_count":0,"master_deck":["AscendersBane","Defend_G","Defend_G","Defend_G","Defend_G","Defend_G","Strike_G","Strike_G","Strike_G","Strike_G","Strike_G","Survivor","Neutralize","Dodge and Roll","Deadly Poison+1","Deadly Poison+1","Dodge and Roll"],"relics":["Ring of the Snake","NeowsBlessing","Golden Idol","Omamori","Lantern","Unceasing Top","Ancient Tea Set","Potion Belt"],"potions_floor_usage":[10],"damage_taken":[{"damage":0,"enemies":"Cultist","floor":1,"turns":1},{"damage":0,"enemies":"Gremlin Nob","floor":6,"turns":1},{"damage":0,"enemies":"3 Sentries","floor":8,"turns":2},{"damage":8,"enemies":"Lagavulin","floor":10,"turns":5},{"damage":11,"enemies":"Gremlin Nob","floor":13,"turns":3}],"seed_played":"8700828541680119525","potions_obtained":[{"floor":6,"key":"GamblersBrew"}],"is_trial":false,"path_per_floor":["M","$","?","?","?","E","R","E","T","E","R","T","E"],"character_chosen":"THE_SILENT","items_purchased":["Deadly Poison"],"campfire_rested":0,"item_purchase_floors":[2],"current_hp_per_floor":[59,59,59,64,40,40,40,40,40,32,32,32,21],"gold":199,"neow_bonus":"THREE_ENEMY_KILL","is_prod":false,"is_daily":false,"chose_seed":false,"campfire_upgraded":2,"win_rate":0,"timestamp":1541335430,"path_taken":["M","$","?","?","?","E","R","E","T","E","R","?","E"],"build_version":"2018-11-02","purchased_purges":0,"victory":false,"max_hp_per_floor":[66,66,66,71,71,71,71,71,71,71,71,71,71],"card_choices":[{"not_picked":["Backflip","Prepared"],"picked":"Dodge and Roll","floor":1},{"not_picked":["Dagger Throw","Cloak And Dagger"],"picked":"Deadly Poison","floor":6},{"not_picked":["Slice","Bullet Time","Outmaneuver"],"picked":"SKIP","floor":8},{"not_picked":["Distraction","Flying Knee"],"picked":"Dodge and Roll","floor":10}],"player_experience":738383,"relics_obtained":[{"floor":6,"key":"Omamori"},{"floor":8,"key":"Lantern"},{"floor":9,"key":"Unceasing Top"},{"floor":10,"key":"Ancient Tea Set"},{"floor":12,"key":"Potion Belt"}],"event_choices":[{"damage_healed":0,"gold_gain":0,"player_choice":"Leave","damage_taken":0,"max_hp_gain":0,"max_hp_loss":0,"event_name":"The Cleric","floor":3,"gold_loss":0},{"damage_healed":0,"gold_gain":0,"player_choice":"Donut","damage_taken":0,"max_hp_gain":5,"max_hp_loss":0,"event_name":"Big Fish","floor":4,"gold_loss":0},{"damage_healed":0,"gold_gain":0,"player_choice":"Take Damage","damage_taken":24,"relics_obtained":["Golden Idol"],"max_hp_gain":0,"max_hp_loss":0,"event_name":"Golden Idol","floor":5,"gold_loss":0}],"is_beta":true,"boss_relics":[],"items_purged_floors":[],"is_endless":false,"potions_floor_spawned":[6],"killed_by":"Gremlin Nob","ascension_level":19}