{"gold_per_floor":[111,128,141,156,175,209,209,234,316,316,316,391,9,25,25,25],"floor_reached":16,"playtime":925,"items_purged":["Injury"],"score":162,"play_id":"a64c98f1-7b30-4122-aad1-32a3dbb10daf","local_time":"20180722124355","is_ascension_mode":true,"campfire_choices":[{"floor":7,"key":"REST"},{"data":"Streamline","floor":10,"key":"SMITH"},{"data":"Streamline","floor":15,"key":"SMITH"}],"neow_cost":"","seed_source_timestamp":9431157557538,"circlet_count":0,"master_deck":["Strike_B","Strike_B+1","Strike_B","Strike_B","Defend_B","Defend_B","Defend_B","Defend_B","Zap","Dualcast","Go for the Eyes+1","Chaos","Conserve Battery","Streamline+1","Conserve Battery","Turbo","Streamline+1","Storm","White Noise","Conserve Battery"],"relics":["Cracked Core","Bag of Preparation","Whetstone","Pantograph","Golden Idol","Bag of Marbles"],"potions_floor_usage":[5,5,6,16],"damage_taken":[{"damage":2,"enemies":"2 Louse","floor":1,"turns":2},{"damage":4,"enemies":"Jaw Worm","floor":2,"turns":3},{"damage":10,"enemies":"Small Slimes","floor":3,"turns":3},{"damage":5,"enemies":"Red Slaver","floor":4,"turns":3},{"damage":14,"enemies":"Exordium Thugs","floor":5,"turns":5},{"damage":14,"enemies":"Lagavulin","floor":6,"turns":7},{"damage":15,"enemies":"3 Sentries","floor":8,"turns":8},{"damage":3,"enemies":"Large Slime","floor":14,"turns":4},{"damage":38,"enemies":"Slime Boss","floor":16,"turns":9}],"seed_played":"622622599782116751","potions_obtained":[{"floor":1,"key":"Weak Potion"},{"floor":4,"key":"Poison Potion"},{"floor":5,"key":"AttackPotion"},{"floor":8,"key":"Swift Potion"}],"is_trial":false,"path_per_floor":["M","M","M","M","M","E","R","E","T","R","?","?","$","M","R"],"character_chosen":"DEFECT","items_purchased":["Storm","White Noise","Bag of Marbles"],"campfire_rested":1,"item_purchase_floors":[13,13,13],"current_hp_per_floor":[66,62,52,47,33,19,41,26,26,26,26,15,15,12,12,0],"gold":25,"neow_bonus":"","is_prod":false,"is_daily":false,"chose_seed":false,"campfire_upgraded":2,"win_rate":0,"timestamp":1532256235,"path_taken":["M","M","M","M","M","E","R","E","T","R","?","?","$","M","R","BOSS"],"build_version":"2018-07-19","purchased_purges":1,"victory":false,"max_hp_per_floor":[75,75,75,75,75,75,75,75,75,75,75,75,75,75,75,75],"card_choices":[{"not_picked":["Scrape","Auto Shields"],"picked":"Go for the Eyes","floor":1},{"not_picked":["Rebound","Coolheaded"],"picked":"Chaos","floor":2},{"not_picked":["Scrape","Sweeping Beam"],"picked":"Conserve Battery","floor":3},{"not_picked":["Darkness","Blizzard"],"picked":"Streamline","floor":4},{"not_picked":["Rip and Tear","Darkness"],"picked":"Conserve Battery","floor":5},{"not_picked":["Fission","Leap"],"picked":"Turbo","floor":6},{"not_picked":["Cold Snap","Force Field"],"picked":"Streamline","floor":8},{"not_picked":["Leap","BootSequence"],"picked":"Conserve Battery","floor":14}],"player_experience":420056,"relics_obtained":[{"floor":6,"key":"Bag of Preparation"},{"floor":8,"key":"Whetstone"},{"floor":9,"key":"Pantograph"}],"event_choices":[{"event_name":"Golden Idol","player_choice":"Take Wound","floor":11,"damage_taken":0},{"event_name":"World of Goop","player_choice":"Gather Gold","floor":12,"damage_taken":0}],"is_beta":true,"boss_relics":[],"items_purged_floors":[13],"is_endless":false,"potions_floor_spawned":[1,4,5,8],"killed_by":"Slime Boss","ascension_level":9}