{"gold_per_floor":[110,126,51,51,77,111,111,136,136,170,170,96,106,106,106,204,204,220,220,319,337,337,362,362,277,277,277,312,20,45,56,56,157,157,173,173,184,196,206,236,284,309,335,351,378,378,378,378,378,378],"floor_reached":51,"playtime":3669,"items_purged":["Defend_G","Strike_G","Regret"],"score":982,"play_id":"cdf0e9a0-85cb-4250-bd0a-a2cada587e8d","local_time":"20180708212231","is_ascension_mode":false,"campfire_choices":[{"floor":11.0,"key":"REST"},{"data":"Prepared","floor":15.0,"key":"SMITH"},{"data":"Infinite Blades","floor":24,"key":"SMITH"},{"floor":32,"key":"DIG"},{"floor":46,"key":"DIG"},{"floor":49,"key":"DIG"}],"neow_cost":"NONE","seed_source_timestamp":2836586998193,"circlet_count":0,"master_deck":["Defend_G","Defend_G","Strike_G+1","Strike_G","Strike_G+1","Survivor","Neutralize","Skewer","Acrobatics","Calculated Gamble","Prepared+1","Backstab","Outmaneuver","Predator","After Image","Writhe","Parasite","Terror+1","Infinite Blades+1","Underhanded Strike","Flechettes+1","Escape Plan+1","Cloak And Dagger+1","After Image+1","Well Laid Plans+1","Prepared+1","Calculated Gamble+1","Eviscerate","Infinite Blades+1","Tools of the Trade+1","Madness","Madness","Sadistic Nature+1"],"special_seed":0,"relics":["Black Star","Juzu Bracelet","Bag of Marbles","Centennial Puzzle","Anchor","Whetstone","Tingsha","Smiling Mask","Pear","Calling Bell","Boot","Ornamental Fan","Dead Branch","Bottled Tornado","Du-Vu Doll","Mango","Pantograph","Frozen Egg 2","Shovel","Ice Cream","Gremlin Horn","Snake Skull","Pen Nib","Letter Opener","Fusion Hammer","Darkstone Periapt","Ninja Scroll","Sundial","Dream Catcher","Art of War","Lantern","Strawberry","Singing Bowl","Mummified Hand","Unceasing Top"],"potions_floor_usage":[28,37,40,42],"damage_taken":[{"damage":0.0,"enemies":"Jaw Worm","floor":1.0,"turns":4.0},{"damage":2.0,"enemies":"Cultist","floor":2.0,"turns":4.0},{"damage":42.0,"enemies":"Lagavulin","floor":6.0,"turns":7.0},{"damage":12.0,"enemies":"3 Sentries","floor":8.0,"turns":9.0},{"damage":18.0,"enemies":"Lagavulin","floor":10.0,"turns":5.0},{"damage":0.0,"enemies":"Small Slimes","floor":13.0,"turns":2.0},{"damage":33.0,"enemies":"Hexaghost","floor":16.0,"turns":9.0},{"damage":0,"enemies":"Chosen","floor":18,"turns":4},{"damage":2,"enemies":"2 Thieves","floor":21,"turns":3},{"damage":6,"enemies":"Book of Stabbing","floor":23,"turns":5},{"damage":10,"enemies":"Gremlin Leader","floor":28,"turns":5},{"damage":10,"enemies":"Book of Stabbing","floor":30,"turns":3},{"damage":0,"enemies":"3 Cultists","floor":31,"turns":3},{"damage":8,"enemies":"Collector","floor":33,"turns":5},{"damage":2,"enemies":"Orb Walker","floor":35,"turns":2},{"damage":0,"enemies":"3 Darklings","floor":37,"turns":3},{"damage":11,"enemies":"Maw","floor":38,"turns":4},{"damage":0,"enemies":"Sphere and 2 Shapes","floor":39,"turns":3},{"damage":0,"enemies":"Nemesis","floor":40,"turns":3},{"damage":0,"floor":41,"turns":1},{"damage":0,"enemies":"Giant Head","floor":42,"turns":3},{"damage":0,"enemies":"3 Darklings","floor":44,"turns":2},{"damage":0,"enemies":"Nemesis","floor":45,"turns":3},{"damage":0,"enemies":"Awakened One","floor":50,"turns":5}],"seed_played":"4409520508872079771","potions_obtained":[{"floor":6.0,"key":"Swift Potion"},{"floor":8.0,"key":"Regen Potion"},{"floor":13.0,"key":"AttackPotion"},{"floor":16.0,"key":"SpeedPotion"},{"floor":28,"key":"Regen Potion"},{"floor":33,"key":"EssenceOfSteel"},{"floor":38,"key":"GamblersBrew"},{"floor":40,"key":"Energy Potion"},{"floor":41,"key":"Dexterity Potion"}],"is_trial":false,"path_per_floor":["M","M","$","?","T","E","?","E","T","E","R","$","M","?","R","B",null,"M","T","?","M","?","E","R","?","T","?","E","$","E","M","R","B",null,"M","?","M","M","M","E","?","E","T","M","E","R","?","?","R","B"],"character_chosen":"THE_SILENT","items_purchased":["Outmaneuver","Gremlin Horn"],"campfire_rested":1,"item_purchase_floors":[12,29],"current_hp_per_floor":[70,68,68,68,68,26,49,37,37,29,53,53,53,53,53,20,80,80,80,80,78,78,86,86,86,86,67,69,69,59,59,59,76,99,97,97,97,86,86,95,95,95,95,95,104,104,90,90,90,108],"gold":378,"neow_bonus":"BOSS_RELIC","is_prod":false,"is_daily":false,"chose_seed":false,"campfire_upgraded":2,"win_rate":0,"timestamp":1531056151,"path_taken":["M","M","$","?","?","E","?","E","T","E","R","$","M","?","R","BOSS","M","?","?","M","?","E","R","?","T","?","E","$","E","M","R","BOSS","M","?","M","M","M","E","?","E","T","M","E","R","?","?","R","BOSS"],"build_version":"2018-07-05","purchased_purges":3,"victory":true,"max_hp_per_floor":[70,70,70,70,70,70,70,70,70,80,80,80,80,80,80,80,80,80,80,80,80,80,94,94,94,94,99,99,99,99,99,99,99,99,99,99,99,99,99,99,99,99,99,99,108,108,108,108,108,108],"card_choices":[{"not_picked":["Dagger Throw","Flechettes"],"picked":"Skewer","floor":1.0},{"not_picked":["Distraction","Underhanded Strike"],"picked":"Acrobatics","floor":2.0},{"not_picked":["Masterful Stab","Predator"],"picked":"Calculated Gamble","floor":6.0},{"not_picked":["Storm of Steel","Deadly Poison"],"picked":"Prepared","floor":8.0},{"not_picked":["Poisoned Stab","Footwork"],"picked":"Backstab","floor":10.0},{"not_picked":["Cloak And Dagger","Dagger Spray"],"picked":"Predator","floor":13.0},{"not_picked":["Phantasmal Killer","Venomology"],"picked":"After Image","floor":16.0},{"not_picked":["Dagger Spray","Poisoned Stab+1"],"picked":"Terror+1","floor":18},{"not_picked":["PiercingWail","Dash","Deadly Poison"],"picked":"SKIP","floor":21},{"not_picked":["All Out Attack","Bane"],"picked":"Underhanded Strike","floor":23},{"not_picked":["Dash","Deflect"],"picked":"Flechettes+1","floor":28},{"not_picked":["Quick Slash","Deflect"],"picked":"Escape Plan+1","floor":30},{"not_picked":["Acrobatics","Eviscerate"],"picked":"Cloak And Dagger+1","floor":31},{"not_picked":["Wraith Form v2+1","Corpse Explosion"],"picked":"After Image+1","floor":33},{"not_picked":["Sucker Punch+1","Flechettes+1"],"picked":"Well Laid Plans+1","floor":35},{"not_picked":["Malaise+1","Dagger Spray"],"picked":"Prepared+1","floor":37},{"not_picked":["Backflip+1","Underhanded Strike"],"picked":"Calculated Gamble+1","floor":38},{"not_picked":["Cloak And Dagger","Dodge and Roll+1"],"picked":"Eviscerate","floor":39},{"not_picked":["Quick Slash","Deadly Poison","Flechettes+1"],"picked":"SKIP","floor":40},{"not_picked":["Backstab","Sucker Punch"],"picked":"Infinite Blades+1","floor":41},{"not_picked":["PiercingWail+1","Noxious Fumes+1"],"picked":"Tools of the Trade+1","floor":42},{"not_picked":["Footwork+1","Bane","Dagger Spray"],"picked":"SKIP","floor":44},{"not_picked":["Backflip+1","Sucker Punch+1","Predator"],"picked":"Singing Bowl","floor":45},{"not_picked":["Madness","Good Instincts"],"picked":"Sadistic Nature+1","floor":48}],"player_experience":100909,"relics_obtained":[{"floor":5.0,"key":"Juzu Bracelet"},{"floor":6.0,"key":"Bag of Marbles"},{"floor":6.0,"key":"Centennial Puzzle"},{"floor":8.0,"key":"Anchor"},{"floor":8.0,"key":"Whetstone"},{"floor":9.0,"key":"Tingsha"},{"floor":10.0,"key":"Smiling Mask"},{"floor":10.0,"key":"Pear"},{"floor":17.0,"key":"Boot"},{"floor":17.0,"key":"Ornamental Fan"},{"floor":17.0,"key":"Dead Branch"},{"floor":19,"key":"Bottled Tornado"},{"floor":23,"key":"Du-Vu Doll"},{"floor":23,"key":"Mango"},{"floor":26,"key":"Frozen Egg 2"},{"floor":28,"key":"Shovel"},{"floor":28,"key":"Ice Cream"},{"floor":30,"key":"Snake Skull"},{"floor":30,"key":"Pen Nib"},{"floor":32,"key":"Letter Opener"},{"floor":40,"key":"Darkstone Periapt"},{"floor":40,"key":"Ninja Scroll"},{"floor":41,"key":"Sundial"},{"floor":42,"key":"Dream Catcher"},{"floor":42,"key":"Art of War"},{"floor":43,"key":"Lantern"},{"floor":45,"key":"Strawberry"},{"floor":45,"key":"Singing Bowl"},{"floor":46,"key":"Mummified Hand"},{"floor":49,"key":"Unceasing Top"}],"event_choices":[{"event_name":"Purifier","player_choice":"One Purge","floor":4.0,"damage_taken":0.0},{"event_name":"Big Fish","player_choice":"Banana","floor":7.0,"damage_taken":0.0},{"event_name":"Living Wall","player_choice":"Change","floor":14.0,"damage_taken":0.0},{"event_name":"Nest","player_choice":"Stole From Cult","floor":20,"damage_taken":0},{"event_name":"Transmorgrifier","player_choice":"Transform","floor":22,"damage_taken":0},{"event_name":"Addict","player_choice":"Obtained Relic","floor":25,"damage_taken":0},{"event_name":"Forgotten Altar","player_choice":"Shed Blood","floor":27,"damage_taken":0},{"event_name":"Falling","player_choice":"Removed Skill","floor":36,"damage_taken":0},{"event_name":"Mysterious Sphere","player_choice":"Fight","floor":41,"damage_taken":0},{"event_name":"Winding Halls","player_choice":"Embrace Madness","floor":47,"damage_taken":0},{"event_name":"SensoryStone","player_choice":"Memory 1","floor":48,"damage_taken":0}],"boss_relics":[{"not_picked":["Runic Pyramid","Pandora\u0027s Box"],"picked":"Calling Bell"},{"not_picked":["Philosopher\u0027s Stone","Busted Crown"],"picked":"Fusion Hammer"}],"items_purged_floors":[3,12,29],"is_endless":false,"potions_floor_spawned":[6,8,13,16,23,28,31,33,38,40,41],"ascension_level":0}