{"gold_per_floor":[114,134,146,160,11,11,28,28,28,40,79,105,146,233,245,357,369,400,412,441,472,241,276,276,276,302,302,0,16,30,47,47,147,147,162,175,175,139,157,80,80,109,177,177,197,211,221,221,221,221],"floor_reached":50,"playtime":3213,"items_purged":["Defend_B","Defend_B","Strike_B"],"score":714,"play_id":"a50a09ea-8dfb-4077-9656-489411d0e47d","local_time":"20181027055701","is_ascension_mode":true,"campfire_choices":[{"data":"Zap","floor":6.0,"key":"SMITH"},{"data":"Dualcast","floor":8.0,"key":"SMITH"},{"data":"Defragment","floor":10.0,"key":"SMITH"},{"floor":15.0,"key":"REST"},{"data":"Fission","floor":24.0,"key":"SMITH"},{"data":"Barrage","floor":32.0,"key":"SMITH"},{"data":"Coolheaded","floor":41.0,"key":"SMITH"},{"data":"Tempest","floor":49.0,"key":"SMITH"}],"neow_cost":"TEN_PERCENT_HP_LOSS","seed_source_timestamp":17309369813661,"circlet_count":0,"master_deck":["Strike_B","Zap+1","Dualcast+1","Coolheaded+1","Glacier+1","Sweeping Beam","Defragment+1","Cold Snap","Cold Snap","Leap+1","Fission+1","Chill+1","Fusion+1","Panache+1","Capacitor+1","Compile Driver+1","Barrage+1","Creative AI+1","Tempest+1","Hologram+1","Capacitor+1","Loop+1","Force Field+1","Defragment+1"],"special_seed":0,"relics":["Cracked Core","MawBank","Dream Catcher","Sundial","Empty Cage","MutagenicStrength","Art of War","Regal Pillow","Mummified Hand","War Paint","Frozen Egg 2","Coffee Dripper","Oddly Smooth Stone","Kunai"],"potions_floor_usage":[50,50,50,50],"damage_taken":[{"damage":7.0,"enemies":"Jaw Worm","floor":1.0,"turns":3.0},{"damage":0.0,"enemies":"Cultist","floor":2.0,"turns":3.0},{"damage":0.0,"enemies":"2 Louse","floor":3.0,"turns":3.0},{"damage":20.0,"enemies":"Exordium Thugs","floor":4.0,"turns":6.0},{"damage":5.0,"enemies":"Looter","floor":7.0,"turns":3.0},{"damage":20.0,"enemies":"3 Sentries","floor":11.0,"turns":5.0},{"damage":0.0,"enemies":"Blue Slaver","floor":12.0,"turns":3.0},{"damage":4.0,"enemies":"3 Sentries","floor":13.0,"turns":6.0},{"damage":0.0,"enemies":"The Guardian","floor":16.0,"turns":10.0},{"damage":0.0,"enemies":"Shell Parasite","floor":18.0,"turns":6.0},{"damage":0.0,"enemies":"3 Byrds","floor":20.0,"turns":4.0},{"damage":0.0,"enemies":"Cultist and Chosen","floor":21.0,"turns":7.0},{"damage":22.0,"enemies":"Book of Stabbing","floor":23.0,"turns":8.0},{"damage":0.0,"enemies":"Sentry and Sphere","floor":29.0,"turns":3.0},{"damage":0.0,"enemies":"3 Cultists","floor":30.0,"turns":3.0},{"damage":0.0,"enemies":"Cultist and Chosen","floor":31.0,"turns":3.0},{"damage":7.0,"enemies":"Automaton","floor":33.0,"turns":7.0},{"damage":0.0,"enemies":"Orb Walker","floor":35.0,"turns":3.0},{"damage":0.0,"enemies":"3 Shapes","floor":36.0,"turns":2.0},{"damage":18.0,"enemies":"Maw","floor":39.0,"turns":5.0},{"damage":0.0,"enemies":"Reptomancer","floor":42.0,"turns":5.0},{"damage":28.0,"enemies":"Spire Growth","floor":45.0,"turns":3.0},{"damage":0.0,"enemies":"4 Shapes","floor":46.0,"turns":5.0},{"damage":9.0,"enemies":"Jaw Worm Horde","floor":47.0,"turns":3.0},{"damage":45,"enemies":"Time Eater","floor":50,"turns":2}],"seed_played":"4247313850665955774","potions_obtained":[{"floor":1.0,"key":"Strength Potion"},{"floor":4.0,"key":"Swift Potion"},{"floor":11.0,"key":"FocusPotion"},{"floor":13.0,"key":"PowerPotion"},{"floor":16.0,"key":"Block Potion"},{"floor":18.0,"key":"SteroidPotion"},{"floor":29.0,"key":"Strength Potion"},{"floor":33.0,"key":"EntropicBrew"},{"floor":36.0,"key":"PowerPotion"},{"floor":46.0,"key":"Dexterity Potion"}],"is_trial":false,"path_per_floor":["M","M","M","M","$","R","M","R","T","R","E","M","?","?","R","B",null,"M","?","M","M","$","E","R","T","T","?","$","M","M","M","R","B",null,"M","M","?","$","M","$","R","E","T","?","M","M","M","?","R"],"character_chosen":"DEFECT","items_purchased":["Defragment","Art of War","Panache+1","Tempest","Capacitor+1"],"campfire_rested":1,"item_purchase_floors":[5,22,28,38,40],"current_hp_per_floor":[61,61,61,41,41,41,36,36,36,36,16,16,12,1,21,21,56,56,56,56,56,56,34,34,34,34,34,34,34,34,34,34,27,58,58,58,58,58,40,40,40,40,40,40,12,12,3,3,3,0],"gold":221,"neow_bonus":"REMOVE_TWO","is_prod":false,"is_daily":false,"chose_seed":false,"campfire_upgraded":7,"win_rate":0,"timestamp":1540591021,"path_taken":["M","M","M","M","$","R","M","R","T","R","E","M","?","?","R","BOSS","M","?","?","M","$","E","R","?","T","?","$","M","?","M","R","BOSS","M","M","?","$","M","$","R","E","T","?","M","?","M","?","R","BOSS"],"build_version":"2018-10-25v2","purchased_purges":3,"victory":false,"max_hp_per_floor":[68,68,68,68,68,68,68,68,68,68,68,68,68,68,68,68,68,68,68,68,68,68,68,68,68,68,68,68,68,68,68,68,68,68,68,68,68,68,68,68,68,68,68,68,68,68,68,68,68,68],"card_choices":[{"not_picked":["Double Energy","Stack"],"picked":"Coolheaded","floor":1.0},{"not_picked":["Hello World","Cold Snap"],"picked":"Glacier","floor":2.0},{"not_picked":["Rebound","Turbo","Darkness"],"picked":"SKIP","floor":3.0},{"not_picked":["Conserve Battery","Thunder Strike"],"picked":"Sweeping Beam","floor":4.0},{"not_picked":["Coolheaded","Aggregate","Turbo"],"picked":"SKIP","floor":7.0},{"not_picked":["Rip and Tear","Hello World"],"picked":"Cold Snap","floor":11.0},{"not_picked":["Recycle","Gash","Fusion"],"picked":"SKIP","floor":12.0},{"not_picked":["Skim","Double Energy"],"picked":"Cold Snap","floor":13.0},{"not_picked":["Hologram","Coolheaded"],"picked":"Leap","floor":15.0},{"not_picked":["Biased Cognition","Hyperbeam"],"picked":"Fission","floor":16.0},{"not_picked":["Go for the Eyes","Skim","Barrage"],"picked":"SKIP","floor":18.0},{"not_picked":["Go for the Eyes","Skim","Barrage"],"picked":"SKIP","floor":18.0},{"not_picked":["Hologram","Rebound"],"picked":"Chill+1","floor":20.0},{"not_picked":["Steam+1","Heatsinks"],"picked":"Fusion+1","floor":21.0},{"not_picked":["Turbo","Rebound","Self Repair"],"picked":"SKIP","floor":23.0},{"not_picked":["Loop+1","Cold Snap"],"picked":"Capacitor+1","floor":29.0},{"not_picked":["Rebound","Redo"],"picked":"Compile Driver+1","floor":30.0},{"not_picked":["Gash","Rebound"],"picked":"Barrage","floor":31.0},{"not_picked":["Thunder Strike","Biased Cognition+1"],"picked":"Creative AI+1","floor":33.0},{"not_picked":["Cold Snap","Go for the Eyes+1","Beam Cell+1"],"picked":"SKIP","floor":35.0},{"not_picked":["Genetic Algorithm","Skim+1","Rip and Tear+1"],"picked":"SKIP","floor":36.0},{"not_picked":["Ball Lightning+1","White Noise+1"],"picked":"Hologram+1","floor":39.0},{"not_picked":["Reinforced Body+1","Recycle"],"picked":"Loop+1","floor":42.0},{"not_picked":["Gash+1","Scrape"],"picked":"Force Field+1","floor":45.0},{"not_picked":["Recycle+1","Steam+1","Cold Snap"],"picked":"SKIP","floor":46.0},{"not_picked":["Stack+1","Leap"],"picked":"Defragment+1","floor":47.0}],"player_experience":351650,"relics_obtained":[{"floor":9.0,"key":"MawBank"},{"floor":11.0,"key":"Dream Catcher"},{"floor":13.0,"key":"Sundial"},{"floor":23.0,"key":"Regal Pillow"},{"floor":25.0,"key":"Mummified Hand"},{"floor":26.0,"key":"War Paint"},{"floor":42.0,"key":"Oddly Smooth Stone"},{"floor":43.0,"key":"Kunai"}],"event_choices":[{"damage_healed":0.0,"max_hp_gain":0.0,"max_hp_loss":0.0,"gold_gain":30.0,"event_name":"Dead Adventurer","player_choice":"Searched \u00272\u0027 times","floor":13.0,"gold_loss":0.0,"damage_taken":0.0},{"damage_healed":0.0,"max_hp_gain":0.0,"max_hp_loss":0.0,"gold_gain":75.0,"event_name":"World of Goop","player_choice":"Gather Gold","floor":14.0,"gold_loss":0.0,"damage_taken":11.0},{"damage_healed":0.0,"max_hp_gain":0.0,"max_hp_loss":0.0,"gold_gain":0.0,"event_name":"Drug Dealer","player_choice":"Inject Mutagens","floor":19.0,"gold_loss":0.0,"damage_taken":0.0,"relics_obtained":["MutagenicStrength"]},{"damage_healed":0.0,"max_hp_gain":0.0,"max_hp_loss":0.0,"gold_gain":0.0,"event_name":"WeMeetAgain","player_choice":"Gave Potion","floor":27.0,"gold_loss":0.0,"damage_taken":0.0,"relics_obtained":["Frozen Egg 2"]},{"damage_healed":0.0,"max_hp_gain":0.0,"max_hp_loss":0.0,"gold_gain":0.0,"event_name":"Tomb of Lord Red Mask","player_choice":"Ignored","floor":37.0,"gold_loss":0.0,"damage_taken":0.0},{"damage_healed":0.0,"max_hp_gain":0.0,"max_hp_loss":0.0,"gold_gain":0.0,"event_name":"SensoryStone","player_choice":"Memory 1","floor":44.0,"gold_loss":0.0,"damage_taken":0.0},{"damage_healed":0.0,"max_hp_gain":0.0,"max_hp_loss":0.0,"gold_gain":0.0,"event_name":"Match and Keep!","player_choice":"0 cards matched","floor":48.0,"gold_loss":0.0,"damage_taken":0.0,"cards_obtained":[]}],"is_beta":false,"boss_relics":[{"not_picked":["Lizard Tail","Black Star"],"picked":"Empty Cage"},{"not_picked":["Astrolabe","Velvet Choker"],"picked":"Coffee Dripper"}],"items_purged_floors":[5,22,28],"is_endless":false,"potions_floor_spawned":[1,4,11,13,16,18,29,33,36,46],"killed_by":"Time Eater","ascension_level":5}