{"gold_per_floor":[15,15,33,33,33,60,60,70,70,88,88,88,88,107,107,210,210,229,245,264,264,264,264,179,179,262,262,285,285,303,313,313,313],"floor_reached":33,"playtime":1547,"items_purged":[],"score":380,"play_id":"354eda25-1fd8-4835-93af-bd43bcc38c09","local_time":"20831003124900","is_ascension_mode":true,"campfire_choices":[{"data":"Bloodletting","floor":7,"key":"SMITH"},{"data":"Rage","floor":11,"key":"SMITH"},{"data":"Thunderclap","floor":15,"key":"SMITH"},{"data":"Juggernaut","floor":23,"key":"SMITH"},{"data":"Pommel Strike","floor":25,"key":"SMITH"},{"data":"Bash","floor":27,"key":"SMITH"},{"data":"True Grit","floor":32,"key":"SMITH"}],"neow_cost":"NO_GOLD","seed_source_timestamp":376162532485,"circlet_count":0,"master_deck":["Strike_R","Strike_R","Strike_R","Strike_R","Strike_R","Defend_R","Defend_R","Bash+1","True Grit+1","Bloodletting+1","Pommel Strike+1","Thunderclap+1","Rage+1","Warcry+1","Armaments+1","Juggernaut+1","Spot Weakness+1","Thunderclap+1","Infernal Blade+1","Cleave+1"],"relics":["Burning Blood","Singing Bowl","Toxic Egg 2","Vajra","Velvet Choker","Ancient Tea Set","Oddly Smooth Stone","Tiny Chest","Art of War","Du-Vu Doll"],"potions_floor_usage":[6,16,20,33],"damage_taken":[{"damage":19,"enemies":"Small Slimes","floor":1,"turns":5},{"damage":6,"enemies":"Cultist","floor":3,"turns":4},{"damage":55,"enemies":"Lagavulin","floor":6,"turns":7},{"damage":7,"enemies":"Jaw Worm","floor":8,"turns":3},{"damage":10,"enemies":"3 Louse","floor":10,"turns":3},{"damage":3,"enemies":"Red Slaver","floor":14,"turns":2},{"damage":20,"enemies":"Hexaghost","floor":16,"turns":9},{"damage":7,"enemies":"3 Byrds","floor":18,"turns":5},{"damage":26,"enemies":"Shell Parasite","floor":19,"turns":6},{"damage":24,"enemies":"Chosen and Byrds","floor":20,"turns":5},{"damage":8,"enemies":"Snake Plant","floor":30,"turns":3},{"damage":30,"enemies":"Shelled Parasite and Fungi","floor":31,"turns":4},{"damage":58,"enemies":"Automaton","floor":33,"turns":8}],"seed_played":"280379642183359361","potions_obtained":[{"floor":3,"key":"Weak Potion"},{"floor":10,"key":"Block Potion"},{"floor":19,"key":"Weak Potion"},{"floor":30,"key":"Weak Potion"}],"is_trial":false,"path_per_floor":["M","?","M","?","?","E","R","M","T","M","R","?","T","M","R","B",null,"M","M","M","?","?","R","?","R","T","R","T","T","M","M","R","B"],"character_chosen":"IRONCLAD","items_purchased":[],"campfire_rested":0,"item_purchase_floors":[],"current_hp_per_floor":[75,75,75,75,75,26,26,25,25,21,21,26,26,29,29,15,80,79,59,41,74,74,74,74,74,74,74,74,74,74,50,50,0],"gold":313,"neow_bonus":"TWENTY_PERCENT_HP_BONUS","is_prod":false,"is_daily":false,"chose_seed":false,"campfire_upgraded":7,"win_rate":0,"timestamp":3589764540,"path_taken":["M","?","?","?","?","E","R","?","T","M","R","?","?","M","R","BOSS","M","M","M","?","?","R","?","R","T","R","?","?","M","M","R","BOSS"],"build_version":"2019-07-17","purchased_purges":0,"victory":false,"max_hp_per_floor":[96,96,96,96,96,96,96,96,96,96,96,101,101,101,101,101,101,101,101,101,101,101,101,101,101,101,101,101,101,103,103,103,103],"card_choices":[{"not_picked":["Combust","Clothesline"],"picked":"True Grit","floor":1},{"not_picked":["Heavy Blade","Body Slam"],"picked":"Pommel Strike","floor":3},{"not_picked":["Heavy Blade","Berserk"],"picked":"Thunderclap","floor":6},{"not_picked":["Headbutt","Pommel Strike"],"picked":"Rage","floor":8},{"not_picked":["Evolve","Fire Breathing"],"picked":"Warcry+1","floor":10},{"not_picked":["Body Slam","Heavy Blade"],"picked":"Armaments+1","floor":14},{"not_picked":["Barricade","Brutality"],"picked":"Juggernaut","floor":16},{"not_picked":["Reckless Charge+1","Wild Strike+1"],"picked":"Spot Weakness+1","floor":18},{"not_picked":["Wild Strike+1","Pummel"],"picked":"Thunderclap+1","floor":19},{"not_picked":["Entrench+1","Clothesline+1"],"picked":"Infernal Blade+1","floor":20},{"not_picked":["Reaper","Twin Strike","Entrench+1"],"picked":"Singing Bowl","floor":30},{"not_picked":["Hemokinesis","Twin Strike+1"],"picked":"Cleave+1","floor":31}],"player_experience":479685,"relics_obtained":[{"floor":6,"key":"Singing Bowl"},{"floor":9,"key":"Toxic Egg 2"},{"floor":13,"key":"Vajra"},{"floor":26,"key":"Tiny Chest"},{"floor":28,"key":"Art of War"},{"floor":29,"key":"Du-Vu Doll"}],"event_choices":[{"damage_healed":0,"gold_gain":0,"cards_transformed":["Defend_R"],"player_choice":"Transformed","damage_taken":0,"max_hp_gain":0,"max_hp_loss":0,"event_name":"Transmorgrifier","floor":2,"gold_loss":0,"cards_obtained":["Bloodletting"]},{"damage_healed":0,"gold_gain":0,"player_choice":"Ignored","damage_taken":0,"max_hp_gain":0,"max_hp_loss":0,"event_name":"Shining Light","floor":4,"gold_loss":0},{"cards_removed":["Defend_R"],"damage_healed":0,"gold_gain":0,"player_choice":"Purged","damage_taken":0,"max_hp_gain":0,"max_hp_loss":0,"event_name":"Purifier","floor":5,"gold_loss":0},{"damage_healed":0,"gold_gain":0,"player_choice":"Donut","damage_taken":0,"max_hp_gain":5,"max_hp_loss":0,"event_name":"Big Fish","floor":12,"gold_loss":0},{"damage_healed":33,"gold_gain":0,"player_choice":"Heal","damage_taken":0,"max_hp_gain":0,"max_hp_loss":0,"event_name":"The Library","floor":21,"gold_loss":0},{"damage_healed":0,"gold_gain":0,"player_choice":"Opened","damage_taken":0,"relics_obtained":["Ancient Tea Set"],"max_hp_gain":0,"max_hp_loss":0,"event_name":"The Mausoleum","floor":22,"gold_loss":0},{"damage_healed":0,"gold_gain":0,"player_choice":"Obtained Relic","damage_taken":0,"relics_obtained":["Oddly Smooth Stone"],"max_hp_gain":0,"max_hp_loss":0,"event_name":"Addict","floor":24,"gold_loss":85}],"is_beta":false,"boss_relics":[{"not_picked":["Orrery","Fusion Hammer"],"picked":"Velvet Choker"}],"items_purged_floors":[],"is_endless":false,"potions_floor_spawned":[3,10,19,30],"killed_by":"Automaton","ascension_level":9}