{"gold_per_floor":[110,121,131,142,159,159,176,176,176,236,86,103,137,150,150,221,221,234,73,73,91,91,91],"floor_reached":23,"playtime":715,"items_purged":["Strike_B"],"score":404,"play_id":"1652f4bb-349e-4d97-8a80-eb32873aba92","local_time":"20181017231520","is_ascension_mode":true,"campfire_choices":[{"data":"Sunder","floor":6,"key":"SMITH"},{"data":"Conserve Battery","floor":8,"key":"SMITH"},{"data":"Zap","floor":15,"key":"SMITH"}],"neow_cost":"NONE","seed_source_timestamp":93786995069397,"circlet_count":0,"master_deck":["Strike_B","Strike_B","Strike_B","Defend_B","Defend_B","Defend_B","Defend_B","Zap+1","Dualcast","AscendersBane","Auto Shields","Storm","Sunder+1","Conserve Battery+1","Glacier","Cold Snap","Self Repair","White Noise","Ball Lightning","Blizzard","Electrodynamics","Consume"],"relics":["Cracked Core","Mango","Tiny Chest","Dead Branch","Black Star","Strawberry"],"potions_floor_usage":[4,5,10,13,23],"damage_taken":[{"damage":1,"enemies":"Cultist","floor":1,"turns":3},{"damage":2,"enemies":"Jaw Worm","floor":2,"turns":3},{"damage":0,"enemies":"Small Slimes","floor":3,"turns":2},{"damage":0,"enemies":"Looter","floor":4,"turns":2},{"damage":0,"enemies":"Lots of Slimes","floor":5,"turns":2},{"damage":0,"enemies":"Exordium Wildlife","floor":7,"turns":2},{"damage":35,"enemies":"Gremlin Nob","floor":10,"turns":6},{"damage":0,"enemies":"Large Slime","floor":12,"turns":6},{"damage":5,"enemies":"3 Sentries","floor":13,"turns":5},{"damage":0,"enemies":"Gremlin Gang","floor":14,"turns":5},{"damage":41,"enemies":"Slime Boss","floor":16,"turns":8},{"damage":32,"enemies":"Shell Parasite","floor":18,"turns":8},{"damage":14,"enemies":"Chosen","floor":21,"turns":3},{"damage":62,"enemies":"Slavers","floor":23,"turns":3}],"seed_played":"-3815251940413972000","potions_obtained":[{"floor":1,"key":"Explosive Potion"},{"floor":3,"key":"Poison Potion"},{"floor":7,"key":"Dexterity Potion"},{"floor":10,"key":"Energy Potion"},{"floor":16,"key":"GamblersBrew"}],"is_trial":false,"path_per_floor":["M","M","M","M","M","R","M","R","T","E","$","M","E","M","R","B",null,"M","$","?","M","?"],"character_chosen":"DEFECT","items_purchased":["Self Repair","Strawberry"],"campfire_rested":0,"item_purchase_floors":[11,19],"current_hp_per_floor":[70,68,68,68,68,68,68,68,82,47,47,54,56,63,63,29,76,51,58,58,44,44,0],"gold":91,"neow_bonus":"TEN_PERCENT_HP_BONUS","is_prod":false,"is_daily":false,"chose_seed":false,"campfire_upgraded":3,"win_rate":0,"timestamp":1539810920,"path_taken":["M","M","M","M","M","R","M","R","T","E","$","?","E","M","R","BOSS","M","$","?","?","?","E"],"build_version":"2018-10-17","purchased_purges":1,"victory":false,"max_hp_per_floor":[78,78,78,78,78,78,78,78,92,92,92,92,92,92,92,92,92,92,99,99,99,99,99],"card_choices":[{"not_picked":["Double Energy","Genetic Algorithm"],"picked":"Auto Shields","floor":1},{"not_picked":["Melter","Sweeping Beam"],"picked":"Storm","floor":2},{"not_picked":["Blizzard","Auto Shields"],"picked":"Sunder","floor":3},{"not_picked":["Compile Driver","Auto Shields"],"picked":"Conserve Battery","floor":4},{"not_picked":["Compile Driver","Scrape"],"picked":"Glacier","floor":5},{"not_picked":["Fusion","Chaos","Auto Shields"],"picked":"SKIP","floor":7},{"not_picked":["Steam","Double Energy"],"picked":"Cold Snap","floor":10},{"not_picked":["Doom and Gloom","Chaos"],"picked":"White Noise","floor":12},{"not_picked":["Genetic Algorithm","Conserve Battery"],"picked":"Ball Lightning","floor":13},{"not_picked":["Hologram","Sweeping Beam"],"picked":"Blizzard","floor":14},{"not_picked":["Reboot","Seek"],"picked":"Electrodynamics","floor":16},{"not_picked":["FTL","Gash","Sweeping Beam"],"picked":"SKIP","floor":18},{"not_picked":["Double Energy","Conserve Battery"],"picked":"Consume","floor":21}],"player_experience":696104,"relics_obtained":[{"floor":9,"key":"Mango"},{"floor":10,"key":"Tiny Chest"},{"floor":13,"key":"Dead Branch"}],"event_choices":[{"damage_healed":0,"gold_gain":0,"player_choice":"Ignored","damage_taken":0,"max_hp_gain":0,"max_hp_loss":0,"event_name":"Ghosts","floor":22,"gold_loss":0}],"is_beta":true,"boss_relics":[{"not_picked":["Eternal Feather","Snecko Eye"],"picked":"Black Star"}],"items_purged_floors":[11],"is_endless":false,"potions_floor_spawned":[1,3,7,10,16],"killed_by":"Slavers","ascension_level":17}