{"gold_per_floor":[116,136,20,20,170,195,195,213,213,213,41,59,79,79,79,157,157,172,183,183,98,108,108,108],"floor_reached":24,"playtime":659,"items_purged":["Strike_R"],"score":466,"play_id":"bb3968b6-5671-48eb-9077-9d7c2d9d277a","local_time":"20190507184749","is_ascension_mode":true,"campfire_choices":[{"data":"Flame Barrier","floor":7,"key":"SMITH"},{"data":"Shrug It Off","floor":10,"key":"SMITH"},{"data":"Body Slam","floor":15,"key":"SMITH"},{"data":"Body Slam","floor":23,"key":"SMITH"}],"neow_cost":"NONE","seed_source_timestamp":7796399330737,"circlet_count":0,"master_deck":["AscendersBane","Strike_R","Strike_R","Strike_R","Defend_R","Defend_R","Defend_R","Defend_R","Bash","Shrug It Off+1","Flame Barrier+1","Battle Trance","Body Slam+1","Body Slam+1","Immolate","Body Slam","Body Slam","Body Slam","Flame Barrier+1"],"relics":["Burning Blood","NeowsBlessing","Blue Candle","Matryoshka","Happy Flower","Spirit Poop","Orrery","Nilry\u0027s Codex","Toxic Egg 2"],"potions_floor_usage":[12,18,22,24],"damage_taken":[{"damage":0,"enemies":"2 Louse","floor":1,"turns":1},{"damage":0,"enemies":"Small Slimes","floor":2,"turns":1},{"damage":0,"enemies":"Gremlin Nob","floor":6,"turns":1},{"damage":7,"enemies":"Jaw Worm","floor":8,"turns":4},{"damage":32,"enemies":"Gremlin Gang","floor":12,"turns":5},{"damage":3,"enemies":"2 Fungi Beasts","floor":13,"turns":4},{"damage":25,"enemies":"The Guardian","floor":16,"turns":14},{"damage":0,"enemies":"2 Thieves","floor":18,"turns":4},{"damage":13,"enemies":"Spheric Guardian","floor":19,"turns":4},{"damage":2,"enemies":"3 Cultists","floor":22,"turns":4},{"damage":23,"enemies":"Gremlin Leader","floor":24,"turns":5}],"seed_played":"-7595394443450703658","potions_obtained":[{"floor":2,"key":"Regen Potion"},{"floor":8,"key":"Strength Potion"},{"floor":12,"key":"Block Potion"},{"floor":16,"key":"LiquidBronze"},{"floor":19,"key":"Strength Potion"}],"is_trial":false,"path_per_floor":["M","M","$","?","?","E","R","M","T","R","$","M","M","?","R","B",null,"M","M","?","?","M","R","E"],"character_chosen":"IRONCLAD","items_purchased":["Flame Barrier","Happy Flower"],"campfire_rested":0,"item_purchase_floors":[3,11],"current_hp_per_floor":[74,75,75,68,68,74,74,73,73,73,73,47,50,50,50,31,64,70,63,42,42,46,46,23],"gold":108,"neow_bonus":"THREE_ENEMY_KILL","is_prod":false,"is_daily":false,"chose_seed":false,"campfire_upgraded":4,"win_rate":0,"timestamp":1557247669,"path_taken":["M","M","$","?","?","E","R","M","T","R","$","M","M","?","R","BOSS","M","?","?","?","M","R","E"],"build_version":"2019-01-23","purchased_purges":1,"victory":false,"max_hp_per_floor":[75,75,75,75,75,75,75,75,75,75,75,75,75,75,75,75,75,75,75,75,75,75,75,75],"card_choices":[{"not_picked":["Perfected Strike","Iron Wave","Warcry"],"picked":"SKIP","floor":1},{"not_picked":["Sword Boomerang","Perfected Strike"],"picked":"Shrug It Off","floor":2},{"not_picked":["Sword Boomerang","Reckless Charge","Fiend Fire"],"picked":"SKIP","floor":6},{"not_picked":["Blood for Blood","Warcry"],"picked":"Battle Trance","floor":8},{"not_picked":["Perfected Strike","Twin Strike"],"picked":"Body Slam","floor":12},{"not_picked":["Heavy Blade","True Grit"],"picked":"Body Slam","floor":13},{"not_picked":["Fiend Fire","Berserk"],"picked":"Immolate","floor":16},{"not_picked":["Bloodletting","Headbutt"],"picked":"Body Slam","floor":17},{"not_picked":["Havoc","Anger"],"picked":"Body Slam","floor":17},{"not_picked":["Twin Strike","Fiend Fire"],"picked":"Body Slam","floor":17},{"not_picked":["Havoc","Pummel","Heavy Blade"],"picked":"SKIP","floor":18},{"not_picked":["Armaments","Body Slam"],"picked":"Flame Barrier+1","floor":19},{"not_picked":["Anger","Uppercut","Clothesline"],"picked":"SKIP","floor":22}],"player_experience":869566,"relics_obtained":[{"floor":6,"key":"Blue Candle"},{"floor":9,"key":"Matryoshka"},{"floor":20,"key":"Nilry\u0027s Codex"}],"event_choices":[{"cards_removed":["Strike_R"],"damage_healed":0,"gold_gain":0,"player_choice":"Card Removal","damage_taken":7,"max_hp_gain":0,"max_hp_loss":0,"event_name":"Golden Wing","floor":4,"gold_loss":0},{"damage_healed":0,"gold_gain":150,"player_choice":"AGREE","damage_taken":0,"max_hp_gain":0,"max_hp_loss":0,"event_name":"Liars Game","floor":5,"gold_loss":0,"cards_obtained":["Doubt"]},{"cards_removed":["Doubt"],"damage_healed":0,"gold_gain":0,"player_choice":"Offered Curse","damage_taken":0,"relics_obtained":["Spirit Poop"],"max_hp_gain":0,"max_hp_loss":0,"event_name":"Bonfire Elementals","floor":14,"gold_loss":0},{"damage_healed":0,"gold_gain":0,"player_choice":"Obtained Book","damage_taken":21,"max_hp_gain":0,"max_hp_loss":0,"event_name":"Cursed Tome","floor":20,"gold_loss":0},{"damage_healed":0,"gold_gain":0,"player_choice":"Obtained Relic","damage_taken":0,"relics_obtained":["Toxic Egg 2"],"max_hp_gain":0,"max_hp_loss":0,"event_name":"Addict","floor":21,"gold_loss":85}],"is_beta":false,"boss_relics":[{"not_picked":["Runic Cube","Lizard Tail"],"picked":"Orrery"}],"items_purged_floors":[3],"is_endless":false,"potions_floor_spawned":[2,8,12,16,19],"killed_by":"Gremlin Leader","ascension_level":20}