{"gold_per_floor":[115,127,127,147,66,66,94,94,94,94,94,169,169,58,58,162,162,173,193,193,227,142,142,142,142,167,184,200,200,200,29,29,124,124,141,158,158,8,28,28,59,59,59,159,509,1,20,20,20,20],"floor_reached":51,"playtime":2665,"items_purged":["Regret","Defend_B","Strike_B"],"score":742,"play_id":"bfe5a8b8-1947-495c-a60d-d206a3c4e863","local_time":"20190123014147","is_ascension_mode":false,"campfire_choices":[{"data":"Storm","floor":6,"key":"SMITH"},{"data":"Hologram","floor":8,"key":"SMITH"},{"data":"Zap","floor":10,"key":"SMITH"},{"floor":15,"key":"REST"},{"data":"Creative AI","floor":23,"key":"SMITH"},{"floor":25,"key":"REST"},{"data":"Barrage","floor":29,"key":"SMITH"},{"data":"White Noise","floor":30,"key":"SMITH"},{"data":"Storm","floor":32,"key":"SMITH"},{"data":"Glacier","floor":40,"key":"SMITH"},{"data":"Capacitor","floor":42,"key":"SMITH"},{"data":"Loop","floor":49,"key":"SMITH"}],"neow_cost":"CURSE","seed_source_timestamp":4423856329990,"circlet_count":0,"master_deck":["Strike_B","Strike_B","Strike_B","Defend_B","Defend_B","Zap+1","Dualcast+1","Conserve Battery","Hologram+1","White Noise+1","Storm+1","Barrage+1","Capacitor+1","Creative AI+1","Glacier+1","Force Field","Self Repair","Storm+1","Machine Learning+1","Go for the Eyes+1","Loop+1"],"relics":["Cracked Core","Bird Faced Urn","Unceasing Top","Ornamental Fan","WingedGreaves","Question Card","Busted Crown","MutagenicStrength","Red Mask","Bag of Marbles","Lantern","Runic Pyramid","DataDisk","Strawberry","Singing Bowl","Torii","Old Coin","Nunchaku"],"potions_floor_usage":[16,41,45,50,50,50],"damage_taken":[{"damage":1,"enemies":"Jaw Worm","floor":1,"turns":4},{"damage":0,"enemies":"2 Louse","floor":2,"turns":2},{"damage":0,"enemies":"Small Slimes","floor":4,"turns":3},{"damage":23,"enemies":"3 Sentries","floor":7,"turns":6},{"damage":16,"enemies":"Slime Boss","floor":16,"turns":8},{"damage":18,"enemies":"Spheric Guardian","floor":18,"turns":5},{"damage":19,"enemies":"Chosen","floor":19,"turns":5},{"damage":44,"enemies":"Masked Bandits","floor":21,"turns":8},{"damage":13,"enemies":"3 Cultists","floor":27,"turns":4},{"damage":7,"enemies":"Centurion and Healer","floor":28,"turns":4},{"damage":12,"enemies":"Champ","floor":33,"turns":9},{"damage":18,"enemies":"3 Darklings","floor":35,"turns":4},{"damage":6,"enemies":"3 Shapes","floor":36,"turns":3},{"damage":14,"enemies":"3 Darklings","floor":39,"turns":5},{"damage":0,"enemies":"Reptomancer","floor":41,"turns":5},{"damage":0,"enemies":"Mind Bloom Boss Battle","floor":44,"turns":5},{"damage":18,"enemies":"2 Orb Walkers","floor":45,"turns":3},{"damage":0,"enemies":"Transient","floor":47,"turns":5},{"damage":42,"enemies":"Donu and Deca","floor":50,"turns":5}],"seed_played":"-1186233996603823472","potions_obtained":[{"floor":2,"key":"Energy Potion"},{"floor":21,"key":"Dexterity Potion"},{"floor":28,"key":"FocusPotion"},{"floor":33,"key":"GamblersBrew"},{"floor":36,"key":"PowerPotion"},{"floor":41,"key":"AttackPotion"},{"floor":45,"key":"SpeedPotion"},{"floor":47,"key":"FocusPotion"}],"is_trial":false,"path_per_floor":["M","M","?","M","$","R","E","R","T","R","?","?","?","$","R","B",null,"M","M","?","?","?","R","?","R","T","M","M","R","R","$","R","B",null,"M","M","?","$","M","R","E","R","T","?","?","$","M","?","R","B",null],"character_chosen":"DEFECT","items_purchased":["Storm","Capacitor","Storm","DataDisk","Nunchaku","EssenceOfSteel"],"campfire_rested":2,"item_purchase_floors":[5,14,31,38,46,46],"current_hp_per_floor":[74,74,67,67,67,67,48,48,48,48,45,34,34,34,56,46,75,61,54,54,22,22,22,22,44,44,41,55,55,55,55,55,75,75,75,75,75,75,75,75,82,82,82,84,79,79,86,86,86,65],"gold":20,"neow_bonus":"ONE_RARE_RELIC","is_prod":false,"is_daily":false,"chose_seed":false,"campfire_upgraded":10,"win_rate":0,"timestamp":1548178907,"path_taken":["M","M","?","M","$","R","E","R","T","R","?","?","?","$","R","BOSS","M","M","?","?","?","R","?","R","T","?","M","R","R","?","R","BOSS","M","M","?","?","?","R","E","R","T","?","?","?","M","?","R","BOSS"],"build_version":"2019-01-17v2","purchased_purges":3,"victory":true,"max_hp_per_floor":[75,75,75,75,75,75,75,75,75,75,75,75,75,75,75,75,75,75,75,75,75,75,75,75,75,75,75,75,75,75,75,75,75,75,75,75,75,75,75,75,82,82,82,84,86,86,86,86,86,86],"card_choices":[{"not_picked":["Hologram","Beam Cell"],"picked":"Conserve Battery","floor":1},{"not_picked":["Go for the Eyes","Melter"],"picked":"Hologram","floor":2},{"not_picked":["Leap","Blizzard"],"picked":"White Noise","floor":4},{"not_picked":["Streamline","Compile Driver"],"picked":"Barrage","floor":7},{"not_picked":["Core Surge","Echo Form","Rainbow"],"picked":"Creative AI","floor":16},{"not_picked":["Skim","Compile Driver"],"picked":"SKIP","floor":18},{"not_picked":["Leap"],"picked":"Glacier","floor":19},{"not_picked":["Coolheaded+1"],"picked":"Force Field","floor":21},{"not_picked":["Cold Snap"],"picked":"Self Repair","floor":27},{"not_picked":["Tempest","BootSequence+1"],"picked":"SKIP","floor":28},{"not_picked":["Tempest","BootSequence+1"],"picked":"SKIP","floor":28},{"not_picked":["Reboot"],"picked":"Machine Learning","floor":33},{"not_picked":["Coolheaded+1","Turbo"],"picked":"SKIP","floor":35},{"not_picked":["Cold Snap+1","Ball Lightning+1"],"picked":"SKIP","floor":36},{"not_picked":["Go for the Eyes+1","Streamline"],"picked":"SKIP","floor":39},{"not_picked":["Streamline"],"picked":"Go for the Eyes+1","floor":39},{"not_picked":["Genetic Algorithm+1","Chaos+1"],"picked":"SKIP","floor":41},{"not_picked":["Conserve Battery+1","Barrage+1"],"picked":"Singing Bowl","floor":44},{"not_picked":["Conserve Battery","Darkness+1"],"picked":"Singing Bowl","floor":45},{"not_picked":["Conserve Battery"],"picked":"Loop","floor":47}],"player_experience":458153,"relics_obtained":[{"floor":7,"key":"Unceasing Top"},{"floor":9,"key":"Ornamental Fan"},{"floor":21,"key":"Red Mask"},{"floor":26,"key":"Lantern"},{"floor":41,"key":"Strawberry"},{"floor":43,"key":"Singing Bowl"},{"floor":44,"key":"Torii"},{"floor":45,"key":"Old Coin"}],"event_choices":[{"cards_removed":["Injury"],"damage_healed":0,"gold_gain":0,"player_choice":"Card Removal","damage_taken":7,"max_hp_gain":0,"max_hp_loss":0,"event_name":"Golden Wing","floor":3,"gold_loss":0},{"damage_healed":0,"gold_gain":0,"player_choice":"Success","damage_taken":3,"relics_obtained":["WingedGreaves"],"max_hp_gain":0,"max_hp_loss":0,"event_name":"Scrap Ooze","floor":11,"gold_loss":0},{"damage_healed":0,"gold_gain":75,"player_choice":"Gather Gold","damage_taken":11,"max_hp_gain":0,"max_hp_loss":0,"event_name":"World of Goop","floor":12,"gold_loss":0},{"damage_healed":0,"gold_gain":0,"player_choice":"Box","damage_taken":0,"relics_obtained":["Question Card"],"max_hp_gain":0,"max_hp_loss":0,"event_name":"Big Fish","floor":13,"gold_loss":0,"cards_obtained":["Regret"]},{"damage_healed":0,"gold_gain":0,"player_choice":"Inject Mutagens","damage_taken":0,"relics_obtained":["MutagenicStrength"],"max_hp_gain":0,"max_hp_loss":0,"event_name":"Drug Dealer","floor":20,"gold_loss":0},{"damage_healed":0,"gold_gain":0,"player_choice":"Fought Bandits","damage_taken":0,"max_hp_gain":0,"max_hp_loss":0,"event_name":"Masked Bandits","floor":21,"gold_loss":0},{"damage_healed":0,"gold_gain":0,"player_choice":"Obtained Relic","damage_taken":0,"relics_obtained":["Bag of Marbles"],"max_hp_gain":0,"max_hp_loss":0,"event_name":"Addict","floor":22,"gold_loss":85},{"damage_healed":0,"gold_gain":0,"player_choice":"Upgraded","damage_taken":0,"max_hp_gain":0,"max_hp_loss":0,"event_name":"Upgrade Shrine","floor":24,"gold_loss":0,"cards_upgraded":["Dualcast"]},{"damage_healed":0,"gold_gain":0,"player_choice":"Upgraded","damage_taken":0,"max_hp_gain":0,"max_hp_loss":0,"event_name":"Upgrade Shrine","floor":37,"gold_loss":0,"cards_upgraded":["Machine Learning"]},{"damage_healed":0,"gold_gain":0,"player_choice":"Fight","damage_taken":0,"max_hp_gain":0,"max_hp_loss":0,"event_name":"MindBloom","floor":44,"gold_loss":0},{"damage_healed":0,"gold_gain":0,"player_choice":"Fight","damage_taken":0,"max_hp_gain":0,"max_hp_loss":0,"event_name":"Mysterious Sphere","floor":45,"gold_loss":0},{"cards_removed":["Defend_B"],"damage_healed":0,"gold_gain":0,"player_choice":"Removed Skill","damage_taken":0,"max_hp_gain":0,"max_hp_loss":0,"event_name":"Falling","floor":48,"gold_loss":0}],"is_beta":false,"boss_relics":[{"not_picked":["Calling Bell","White Beast Statue"],"picked":"Busted Crown"},{"not_picked":["Snecko Eye","Coffee Dripper"],"picked":"Runic Pyramid"}],"items_purged_floors":[14,31,46],"is_endless":false,"potions_floor_spawned":[2,21,28,33,36,41,45,47],"ascension_level":0}