{"gold_per_floor":[113,113,113,113,131,131,30,56,79,91,119,131,155,167,179,191],"floor_reached":16,"playtime":229,"items_purged":["Strike_R"],"score":246,"play_id":"68e98c07-a1c8-415b-9070-76bd376db278","local_time":"20190507023344","is_ascension_mode":true,"campfire_choices":[{"data":"Defend_R","floor":6,"key":"SMITH"},{"data":"Armaments","floor":12,"key":"SMITH"},{"data":"Defend_R","floor":15,"key":"SMITH"}],"neow_cost":"NONE","seed_source_timestamp":488028059592170,"circlet_count":0,"master_deck":["AscendersBane","Strike_R","Strike_R","Strike_R","Strike_R","Defend_R+1","Defend_R+1","Defend_R","Defend_R+1","Bash","Intimidate","Armaments+1","Shrug It Off"],"relics":["Burning Blood","NeowsBlessing","Du-Vu Doll","Mercury Hourglass","MawBank","Mango"],"potions_floor_usage":[16,16],"damage_taken":[{"damage":0,"enemies":"Small Slimes","floor":1,"turns":1},{"damage":0,"enemies":"Jaw Worm","floor":5,"turns":1},{"damage":0,"enemies":"Gremlin Nob","floor":8,"turns":1},{"damage":11,"enemies":"2 Louse","floor":11,"turns":4},{"damage":1,"enemies":"Red Slaver","floor":13,"turns":3},{"damage":44,"enemies":"Slime Boss","floor":16,"turns":5}],"seed_played":"5000615381139030433","potions_obtained":[{"floor":1,"key":"BloodPotion"},{"floor":5,"key":"SkillPotion"},{"floor":13,"key":"PowerPotion"}],"is_trial":false,"path_per_floor":["M","?","?","?","M","R","$","E","T","T","M","R","M","?","R","B"],"character_chosen":"IRONCLAD","items_purchased":["Armaments"],"campfire_rested":0,"item_purchase_floors":[7],"current_hp_per_floor":[74,74,74,69,75,75,75,75,75,89,84,84,89,89,89,45],"gold":191,"neow_bonus":"THREE_ENEMY_KILL","is_prod":false,"is_daily":false,"chose_seed":false,"campfire_upgraded":3,"win_rate":0,"timestamp":1557189224,"path_taken":["M","?","?","?","M","R","$","E","T","?","M","R","M","?","R","BOSS"],"build_version":"2019-01-23","purchased_purges":1,"victory":false,"max_hp_per_floor":[75,75,75,75,75,75,75,75,75,89,89,89,89,89,89,89],"card_choices":[{"not_picked":["Spot Weakness","Thunderclap"],"picked":"Intimidate","floor":1},{"not_picked":["Clash","Flex","Havoc"],"picked":"SKIP","floor":5},{"not_picked":["Inflame","Intimidate","Searing Blow"],"picked":"SKIP","floor":8},{"not_picked":["Clash","Twin Strike"],"picked":"Shrug It Off","floor":11},{"not_picked":["Infernal Blade","Sword Boomerang","Fire Breathing"],"picked":"SKIP","floor":13}],"player_experience":867569,"relics_obtained":[{"floor":8,"key":"Mercury Hourglass"},{"floor":9,"key":"MawBank"},{"floor":10,"key":"Mango"}],"event_choices":[{"damage_healed":0,"gold_gain":0,"player_choice":"Grow","damage_taken":0,"max_hp_gain":0,"max_hp_loss":0,"event_name":"Living Wall","floor":2,"gold_loss":0,"cards_upgraded":["Defend_R"]},{"damage_healed":0,"gold_gain":0,"player_choice":"Ignored","damage_taken":0,"max_hp_gain":0,"max_hp_loss":0,"event_name":"Liars Game","floor":3,"gold_loss":0},{"damage_healed":0,"gold_gain":0,"player_choice":"Success","damage_taken":5,"relics_obtained":["Du-Vu Doll"],"max_hp_gain":0,"max_hp_loss":0,"event_name":"Scrap Ooze","floor":4,"gold_loss":0},{"damage_healed":0,"gold_gain":0,"player_choice":"Got Potions","damage_taken":0,"max_hp_gain":0,"max_hp_loss":0,"event_name":"Lab","floor":14,"gold_loss":0}],"is_beta":false,"boss_relics":[],"items_purged_floors":[7],"is_endless":false,"potions_floor_spawned":[1,5,11,13],"killed_by":"Slime Boss","ascension_level":20}