{"gold_per_floor":[113,37,37,100,118,146,146,180,180,180,230,280,280,348,348,423,423,437,499,515,530,55,55,105,105,152,67,67,97,116,182,182,253,253,267,317,102,121,121,153,171,189,212,278,328,328,378,410,422,434,446,458,470,85,117,117],"floor_reached":56,"playtime":1631,"items_purged":["Defend_R","Defend_R","Strike_R"],"score":1970,"play_id":"488df16b-a1eb-4c9b-9e96-765d90437dd8","local_time":"20190917160712","is_ascension_mode":true,"campfire_choices":[{"data":"Whirlwind","floor":7.0,"key":"SMITH"},{"data":"Sword Boomerang","floor":10.0,"key":"SMITH"},{"floor":13.0,"key":"REST"},{"data":"Demon Form","floor":15.0,"key":"SMITH"},{"data":"Heavy Blade","floor":23.0,"key":"SMITH"},{"data":"Flex","floor":25.0,"key":"SMITH"},{"data":"Offering","floor":28.0,"key":"SMITH"},{"data":"Flex","floor":32.0,"key":"SMITH"},{"floor":46.0,"key":"RECALL"},{"floor":49.0,"key":"REST"},{"floor":53.0,"key":"REST"}],"neow_cost":"NONE","seed_source_timestamp":6139131042545,"circlet_count":0,"master_deck":["AscendersBane","Strike_R","Strike_R","Strike_R","Defend_R","Bash","Perfected Strike","Demon Form+1","Sword Boomerang+1","Spot Weakness","Whirlwind+1","Spot Weakness","Flex+1","Reaper","Heavy Blade+1","Heavy Blade+1","Carnage","Heavy Blade+1","Offering+1","Flex+1","Double Tap+1","Heavy Blade+1"],"special_seed":0,"relics":["Burning Blood","NeowsBlessing","SsserpentHead","Du-Vu Doll","Thread and Needle","Incense Burner","Nunchaku","Velvet Choker","ClockworkSouvenir","Happy Flower","Boot","Art of War","SlaversCollar","DollysMirror","Magic Flower","MawBank","Orichalcum","Letter Opener"],"potions_floor_usage":[55,55],"damage_taken":[{"damage":0.0,"enemies":"Cultist","floor":1.0,"turns":1.0},{"damage":0.0,"enemies":"Small Slimes","floor":4.0,"turns":1.0},{"damage":0.0,"enemies":"2 Louse","floor":5.0,"turns":1.0},{"damage":30.0,"enemies":"Lagavulin","floor":6.0,"turns":6.0},{"damage":8.0,"enemies":"Gremlin Nob","floor":8.0,"turns":3.0},{"damage":9.0,"enemies":"Exordium Thugs","floor":14.0,"turns":2.0},{"damage":20.0,"enemies":"The Guardian","floor":16.0,"turns":7.0},{"damage":7.0,"enemies":"Shell Parasite","floor":18.0,"turns":2.0},{"damage":0.0,"enemies":"3 Byrds","floor":19.0,"turns":3.0},{"damage":2.0,"enemies":"Sentry and Sphere","floor":20.0,"turns":3.0},{"damage":3.0,"enemies":"Chosen and Byrds","floor":21.0,"turns":3.0},{"damage":22.0,"enemies":"Slavers","floor":29.0,"turns":3.0},{"damage":16.0,"enemies":"Shelled Parasite and Fungi","floor":30.0,"turns":3.0},{"damage":0.0,"enemies":"Snake Plant","floor":31.0,"turns":2.0},{"damage":29.0,"enemies":"Champ","floor":33.0,"turns":4.0},{"damage":12.0,"enemies":"Orb Walker","floor":35.0,"turns":2.0},{"damage":20.0,"enemies":"3 Shapes","floor":38.0,"turns":3.0},{"damage":0.0,"enemies":"Reptomancer","floor":40.0,"turns":2.0},{"damage":0.0,"enemies":"Transient","floor":41.0,"turns":6.0},{"damage":6.0,"enemies":"Jaw Worm Horde","floor":42.0,"turns":1.0},{"damage":1.0,"enemies":"Spire Growth","floor":44.0,"turns":2.0},{"damage":17.0,"enemies":"Nemesis","floor":48.0,"turns":3.0},{"damage":71.0,"enemies":"Awakened One","floor":50.0,"turns":6.0},{"damage":56.0,"enemies":"Donu and Deca","floor":51.0,"turns":5.0},{"damage":67,"enemies":"Shield and Spear","floor":55,"turns":5},{"damage":14,"enemies":"The Heart","floor":56,"turns":2}],"seed_played":"-1668323991263236831","potions_obtained":[{"floor":4.0,"key":"Explosive Potion"},{"floor":8.0,"key":"Block Potion"},{"floor":20.0,"key":"PowerPotion"},{"floor":29.0,"key":"SpeedPotion"},{"floor":31.0,"key":"Fire Potion"},{"floor":33.0,"key":"AttackPotion"},{"floor":40.0,"key":"Explosive Potion"},{"floor":41.0,"key":"AttackPotion"},{"floor":55,"key":"Swift Potion"}],"is_trial":false,"path_per_floor":["M","$","?","M","M","E","R","E","T","R","?","?","R","M","R","B",null,"M","M","M","M","$","R","?","R","T","$","R","E","M","M","R","B",null,"M","?","$","M","$","E","M","M","T","M","?","R","?","E","R","B","B",null,"R","$","E","B"],"character_chosen":"IRONCLAD","items_purchased":["Demon Form","ClockworkSouvenir","Happy Flower","Carnage","Offering","DollysMirror","Orichalcum","Strength Potion","SteroidPotion"],"campfire_rested":3,"item_purchase_floors":[2,22,22,22,27,37,54,54,54],"current_hp_per_floor":[74,74,74,75,75,51,51,49,49,49,31,31,53,50,50,36,65,64,75,75,75,75,75,75,75,75,75,75,59,54,60,60,37,66,60,60,60,70,70,75,75,75,75,75,75,75,71,63,71,42,19,58,71,71,13,0],"gold":117,"neow_bonus":"THREE_ENEMY_KILL","is_prod":false,"is_daily":false,"chose_seed":false,"campfire_upgraded":7,"win_rate":0,"timestamp":1568729232,"path_taken":["M","$","?","?","M","E","R","E","T","R","?","?","R","?","R","BOSS","M","?","M","M","$","R","?","R","T","$","R","E","M","?","R","BOSS","M","?","?","M","$","E","M","M","T","?","?","R","?","E","R","BOSS","BOSS","R","$","E","BOSS"],"build_version":"2019-09-16v2","purchased_purges":3,"victory":false,"max_hp_per_floor":[75,75,75,75,75,75,75,75,75,75,75,75,75,75,75,75,75,75,75,75,75,75,75,75,75,75,75,75,75,75,75,75,75,75,75,75,75,75,75,75,75,75,75,75,75,75,71,71,71,71,71,71,71,71,71,71],"card_choices":[{"not_picked":["Shrug It Off","Clothesline"],"picked":"Perfected Strike","floor":1.0},{"not_picked":["Twin Strike","Rupture"],"picked":"Sword Boomerang","floor":4.0},{"not_picked":["Disarm","Dual Wield"],"picked":"Spot Weakness","floor":5.0},{"not_picked":["Reckless Charge","Headbutt"],"picked":"Whirlwind","floor":6.0},{"not_picked":["Seeing Red","Searing Blow"],"picked":"Spot Weakness","floor":8.0},{"not_picked":["Searing Blow","Inflame"],"picked":"Flex","floor":14.0},{"not_picked":["Offering","Exhume"],"picked":"Reaper","floor":16.0},{"not_picked":["Thunderclap","Pommel Strike","Blood for Blood"],"picked":"SKIP","floor":18.0},{"not_picked":["Thunderclap","Flex"],"picked":"Heavy Blade+1","floor":19.0},{"not_picked":["Shockwave","Armaments","Ghostly Armor"],"picked":"SKIP","floor":20.0},{"not_picked":["Anger","Headbutt"],"picked":"Heavy Blade","floor":21.0},{"not_picked":["Cleave","Fiend Fire","Twin Strike"],"picked":"SKIP","floor":29.0},{"not_picked":["Blood for Blood","Headbutt","Combust+1"],"picked":"SKIP","floor":30.0},{"not_picked":["Heavy Blade","Wild Strike"],"picked":"Flex","floor":31.0},{"not_picked":["Feed","Immolate"],"picked":"Double Tap","floor":33.0},{"not_picked":["Pummel","Intimidate","True Grit+1"],"picked":"SKIP","floor":35.0},{"not_picked":["Sentinel","Carnage","Anger"],"picked":"SKIP","floor":38.0},{"not_picked":["Berserk","Iron Wave","Sword Boomerang"],"picked":"SKIP","floor":40.0},{"not_picked":["Anger","Clothesline","Thunderclap"],"picked":"SKIP","floor":41.0},{"not_picked":["Second Wind","Body Slam","Heavy Blade"],"picked":"SKIP","floor":42.0},{"not_picked":["Flex","Sword Boomerang+1","Bloodletting"],"picked":"SKIP","floor":44.0},{"not_picked":["Rage","Evolve","Intimidate"],"picked":"SKIP","floor":48.0},{"not_picked":["Barricade","Whirlwind","Shockwave"],"picked":"SKIP","floor":55}],"player_experience":824784,"relics_obtained":[{"floor":6.0,"key":"Du-Vu Doll"},{"floor":8.0,"key":"Thread and Needle"},{"floor":9.0,"key":"Incense Burner"},{"floor":26.0,"key":"Boot"},{"floor":29.0,"key":"Art of War"},{"floor":40.0,"key":"Magic Flower"},{"floor":48.0,"key":"MawBank"},{"floor":55,"key":"Letter Opener"}],"event_choices":[{"damage_healed":0.0,"max_hp_gain":0.0,"max_hp_loss":0.0,"gold_gain":0.0,"event_name":"FaceTrader","player_choice":"Trade","floor":3.0,"gold_loss":0.0,"damage_taken":0.0,"relics_obtained":["SsserpentHead"]},{"damage_healed":0.0,"max_hp_gain":0.0,"max_hp_loss":0.0,"gold_gain":0.0,"event_name":"Scrap Ooze","player_choice":"Success","floor":11.0,"gold_loss":0.0,"damage_taken":18.0,"relics_obtained":["Nunchaku"]},{"cards_removed":["Defend_R"],"damage_healed":0.0,"max_hp_gain":0.0,"max_hp_loss":0.0,"gold_gain":0.0,"event_name":"Bonfire Elementals","player_choice":"Offered Basic","floor":12.0,"gold_loss":0.0,"damage_taken":0.0},{"damage_healed":0.0,"max_hp_gain":0.0,"max_hp_loss":0.0,"gold_gain":0.0,"event_name":"Duplicator","player_choice":"Copied","floor":24.0,"gold_loss":0.0,"damage_taken":0.0,"cards_obtained":["Heavy Blade"]},{"damage_healed":0.0,"max_hp_gain":0.0,"max_hp_loss":0.0,"gold_gain":0.0,"event_name":"Accursed Blacksmith","player_choice":"Forge","floor":36.0,"gold_loss":0.0,"damage_taken":0.0,"cards_upgraded":["Double Tap"]},{"cards_removed":["Strike_R"],"damage_healed":0.0,"max_hp_gain":0.0,"max_hp_loss":0.0,"gold_gain":0.0,"event_name":"Falling","player_choice":"Removed Attack","floor":45.0,"gold_loss":0.0,"damage_taken":0.0},{"damage_healed":0.0,"max_hp_gain":0.0,"max_hp_loss":4.0,"gold_gain":0.0,"event_name":"Winding Halls","player_choice":"Max HP","floor":47.0,"gold_loss":0.0,"damage_taken":0.0}],"is_beta":true,"boss_relics":[{"not_picked":["Calling Bell","Pandora\u0027s Box"],"picked":"Velvet Choker"},{"not_picked":["Empty Cage","Sozu"],"picked":"SlaversCollar"}],"items_purged_floors":[22,37,54],"is_endless":false,"potions_floor_spawned":[4,8,14,20,29,31,33,35,40,41,55],"killed_by":"The Heart","ascension_level":20}