{"gold_per_floor":[113,24,97,97,109,137,148,164,164,164,89,89,89,99,99,177,177,189,39,39],"floor_reached":20,"playtime":475,"items_purged":["Strike_B"],"score":394,"play_id":"ba2b261a-4f37-4a86-9652-68d3a723ea5b","local_time":"20190418180412","is_ascension_mode":true,"campfire_choices":[{"data":"Creative AI","floor":10,"key":"SMITH"},{"data":"Double Energy","floor":13,"key":"SMITH"},{"floor":15,"key":"REST"}],"neow_cost":"NONE","seed_source_timestamp":199046737978404,"circlet_count":0,"master_deck":["AscendersBane","Strike_B","Strike_B","Defend_B","Defend_B","Defend_B","Defend_B","Zap","Dualcast","Double Energy+1","Streamline","Steam","Creative AI+1","Conserve Battery","Conserve Battery","Electrodynamics+1","Heatsinks+1"],"relics":["Cracked Core","NeowsBlessing","Pear","Matryoshka","Dream Catcher","Frozen Egg 2","Sozu"],"potions_floor_usage":[],"damage_taken":[{"damage":0,"enemies":"Small Slimes","floor":1,"turns":1},{"damage":0,"enemies":"Cultist","floor":5,"turns":1},{"damage":0,"enemies":"Gremlin Nob","floor":6,"turns":1},{"damage":6,"enemies":"Jaw Worm","floor":7,"turns":4},{"damage":19,"enemies":"Exordium Thugs","floor":8,"turns":6},{"damage":22,"enemies":"2 Fungi Beasts","floor":14,"turns":4},{"damage":42,"enemies":"The Guardian","floor":16,"turns":13},{"damage":21,"enemies":"2 Thieves","floor":18,"turns":4},{"damage":22,"enemies":"Colosseum Slavers","floor":20,"turns":4},{"damage":16,"enemies":"Colosseum Nobs","floor":20,"turns":3}],"seed_played":"5755476004378965010","potions_obtained":[{"floor":5,"key":"Explosive Potion"},{"floor":16,"key":"LiquidBronze"}],"is_trial":false,"path_per_floor":["M","$","?","?","M","E","M","M","T","R","?","T","R","M","R","B",null,"M","$","?"],"character_chosen":"DEFECT","items_purchased":["Streamline","Steam","Heatsinks+1"],"campfire_rested":1,"item_purchase_floors":[2,2,19],"current_hp_per_floor":[64,64,64,64,64,74,68,49,49,49,49,49,49,27,51,9,63,42,42,4],"gold":39,"neow_bonus":"THREE_ENEMY_KILL","is_prod":false,"is_daily":false,"chose_seed":false,"campfire_upgraded":2,"win_rate":0,"timestamp":1555603452,"path_taken":["M","$","?","?","?","E","M","M","T","R","?","?","R","M","R","BOSS","M","$","?"],"build_version":"2019-01-23","purchased_purges":1,"victory":false,"max_hp_per_floor":[71,71,71,71,71,81,81,81,81,81,81,81,81,81,81,81,81,81,81,81],"card_choices":[{"not_picked":["Compile Driver","Barrage"],"picked":"Double Energy","floor":1},{"not_picked":["Hologram","Stack"],"picked":"Conserve Battery","floor":5},{"not_picked":["Go for the Eyes","Doom and Gloom"],"picked":"Conserve Battery","floor":6},{"not_picked":["Leap","Compile Driver","Cold Snap"],"picked":"SKIP","floor":7},{"not_picked":["Sweeping Beam","Steam","BootSequence"],"picked":"SKIP","floor":8},{"not_picked":["Beam Cell","Darkness","Force Field"],"picked":"SKIP","floor":14},{"not_picked":["Rainbow","Meteor Strike"],"picked":"Electrodynamics+1","floor":16},{"not_picked":["Sweeping Beam","White Noise","Undo"],"picked":"SKIP","floor":18}],"player_experience":849025,"relics_obtained":[{"floor":6,"key":"Pear"},{"floor":9,"key":"Matryoshka"},{"floor":12,"key":"Dream Catcher"},{"floor":12,"key":"Frozen Egg 2"}],"event_choices":[{"damage_healed":0,"gold_gain":73,"player_choice":"Gained Gold","damage_taken":0,"max_hp_gain":0,"max_hp_loss":0,"event_name":"Golden Wing","floor":3,"gold_loss":0},{"damage_healed":0,"gold_gain":0,"player_choice":"1 cards matched","damage_taken":0,"max_hp_gain":0,"max_hp_loss":0,"event_name":"Match and Keep!","floor":4,"gold_loss":0,"cards_obtained":["Creative AI"]},{"cards_removed":["Strike_B"],"damage_healed":0,"gold_gain":0,"player_choice":"Card Removal","damage_taken":0,"max_hp_gain":0,"max_hp_loss":0,"event_name":"The Cleric","floor":11,"gold_loss":75},{"damage_healed":0,"gold_gain":0,"player_choice":"Fight","damage_taken":0,"max_hp_gain":0,"max_hp_loss":0,"event_name":"Colosseum","floor":20,"gold_loss":0},{"damage_healed":0,"gold_gain":0,"player_choice":"Fought Nobs","damage_taken":0,"max_hp_gain":0,"max_hp_loss":0,"event_name":"Colosseum","floor":20,"gold_loss":0}],"is_beta":false,"boss_relics":[{"not_picked":["Black Star","Busted Crown"],"picked":"Sozu"}],"items_purged_floors":[19],"is_endless":false,"potions_floor_spawned":[5,16,20],"killed_by":"Colosseum Nobs","ascension_level":20}