{"gold_per_floor":[110,127,52,127,143,143,5,5,5,5,19,32,32,52,52,154,154,166,166,88,107,127,127,140,153,179,179,27,27,38,73,73,171,171,189,189,204,217,229,279,279,279,279,279,295,295,306,340,340,340],"floor_reached":50,"playtime":1240,"items_purged":["Strike_B","Strike_B"],"score":493,"play_id":"28b80e27-4a76-4998-b822-8258d9f1e26c","local_time":"20191024170632","is_ascension_mode":false,"campfire_choices":[{"data":"Doom and Gloom","floor":6.0,"key":"SMITH"},{"data":"Consume","floor":13.0,"key":"SMITH"},{"data":"Static Discharge","floor":15.0,"key":"SMITH"},{"data":"Self Repair","floor":23,"key":"SMITH"},{"data":"Loop","floor":27,"key":"SMITH"},{"data":"Storm","floor":29,"key":"SMITH"},{"floor":32,"key":"REST"},{"floor":42,"key":"REST"},{"data":"Strike_B","floor":44,"key":"PURGE"},{"floor":49,"key":"RECALL"}],"neow_cost":"NONE","seed_source_timestamp":20150883270402,"circlet_count":0,"master_deck":["Defend_B","Defend_B","Defend_B","Defend_B","Zap","Dualcast","Self Repair+1","Doom and Gloom+1","Static Discharge+1","Consume+1","Storm+1","Seek","Capacitor","Loop+1","Coolheaded","Creative AI","Chaos","Apotheosis"],"special_seed":0,"relics":["Cracked Core","Sozu","Nloth\u0027s Gift","Centennial Puzzle","Runic Capacitor","Red Mask","Philosopher\u0027s Stone","Peace Pipe","Darkstone Periapt","Eternal Feather"],"potions_floor_usage":[16,31,38],"damage_taken":[{"damage":0.0,"enemies":"Cultist","floor":1.0,"turns":1.0},{"damage":0.0,"enemies":"2 Louse","floor":2.0,"turns":1.0},{"damage":0.0,"enemies":"Jaw Worm","floor":5.0,"turns":1.0},{"damage":0.0,"enemies":"Gremlin Gang","floor":10.0,"turns":1.0},{"damage":6.0,"enemies":"Red Slaver","floor":11.0,"turns":4.0},{"damage":5.0,"enemies":"Looter","floor":12.0,"turns":4.0},{"damage":11.0,"enemies":"Exordium Wildlife","floor":14.0,"turns":5.0},{"damage":21,"enemies":"The Guardian","floor":16,"turns":7},{"damage":5,"enemies":"Chosen","floor":18,"turns":4},{"damage":10,"enemies":"Spheric Guardian","floor":21,"turns":3},{"damage":32,"enemies":"Snake Plant","floor":22,"turns":3},{"damage":14,"enemies":"Sentry and Sphere","floor":24,"turns":3},{"damage":17,"enemies":"3 Cultists","floor":25,"turns":4},{"damage":15,"enemies":"Snake Plant","floor":30,"turns":3},{"damage":10,"enemies":"Masked Bandits","floor":31,"turns":2},{"damage":50,"enemies":"Collector","floor":33,"turns":7},{"damage":17,"enemies":"Orb Walker","floor":35,"turns":4},{"damage":21,"enemies":"3 Darklings","floor":37,"turns":4},{"damage":16,"enemies":"Sphere and 2 Shapes","floor":38,"turns":4},{"damage":41,"enemies":"Jaw Worm Horde","floor":39,"turns":3},{"damage":0,"enemies":"Mind Bloom Boss Battle","floor":40,"turns":6},{"damage":11,"enemies":"Spire Growth","floor":45,"turns":5},{"damage":9,"enemies":"Maw","floor":47,"turns":6},{"damage":8,"enemies":"Giant Head","floor":48,"turns":7},{"damage":63,"enemies":"Donu and Deca","floor":50,"turns":3}],"seed_played":"707835297919504214","potions_obtained":[{"floor":1.0,"key":"SmokeBomb"},{"floor":5.0,"key":"DuplicationPotion"},{"floor":14.0,"key":"DuplicationPotion"},{"floor":16,"key":"SkillPotion"}],"is_trial":false,"path_per_floor":["M","M","$","?","M","R","$","?","T","M","M","M","R","M","R","B",null,"M","?","$","M","M","R","M","M","T","R","$","R","M","?","R","B",null,"M","?","M","M","M","?","?","R","T","R","M","?","M","E","R","B"],"character_chosen":"DEFECT","items_purchased":["Static Discharge","Capacitor","Runic Capacitor"],"campfire_rested":2,"item_purchase_floors":[7,20,28],"current_hp_per_floor":[75,75,75,64,64,64,64,64,64,64,65,67,67,63,63,49,75,75,75,75,72,47,47,43,36,36,36,36,36,31,31,53,13,75,68,68,57,51,20,30,30,52,52,52,51,51,52,54,63,0],"gold":340,"neow_bonus":"THREE_ENEMY_KILL","is_prod":false,"is_daily":false,"chose_seed":false,"campfire_upgraded":6,"win_rate":0,"timestamp":1571929592,"path_taken":["M","?","$","?","M","R","$","?","T","M","?","M","R","M","R","BOSS","M","?","$","?","M","R","M","M","T","R","?","R","?","?","R","BOSS","M","?","?","M","M","?","?","R","T","R","M","?","?","E","R","BOSS"],"build_version":"2019-10-23","purchased_purges":2,"victory":false,"max_hp_per_floor":[75,75,75,75,75,75,75,75,75,75,75,75,75,75,75,75,75,75,75,75,75,75,75,75,75,75,75,75,75,75,75,75,75,75,75,75,75,75,75,75,75,75,75,75,75,75,75,75,75,75],"card_choices":[{"not_picked":["Hologram","Gash"],"picked":"Self Repair","floor":1.0},{"not_picked":["Undo","Skim","Leap"],"picked":"SKIP","floor":2.0},{"not_picked":["Conserve Battery","Sweeping Beam"],"picked":"Doom and Gloom","floor":5.0},{"not_picked":["Scrape","Double Energy"],"picked":"Consume","floor":11.0},{"not_picked":["Compile Driver","Barrage","Aggregate"],"picked":"SKIP","floor":12.0},{"not_picked":["Turbo","Recycle"],"picked":"Storm","floor":14.0},{"not_picked":["Hyperbeam","Fission"],"picked":"Seek","floor":16},{"not_picked":["Hologram","Coolheaded","Stack"],"picked":"SKIP","floor":18},{"not_picked":["Stack","Blizzard","Coolheaded"],"picked":"SKIP","floor":21},{"not_picked":["Skim","Aggregate","Beam Cell"],"picked":"SKIP","floor":22},{"not_picked":["Multi-Cast","Go for the Eyes"],"picked":"Loop","floor":24},{"not_picked":["Reinforced Body+1","Barrage","Hyperbeam"],"picked":"SKIP","floor":25},{"not_picked":["Leap","Heatsinks"],"picked":"Coolheaded","floor":30},{"not_picked":["Core Surge","Thunder Strike"],"picked":"Creative AI","floor":33},{"not_picked":["Sweeping Beam+1","Reinforced Body","Steam Power"],"picked":"SKIP","floor":35},{"not_picked":["Ball Lightning+1","Tempest+1","Meteor Strike"],"picked":"SKIP","floor":37},{"not_picked":["Sweeping Beam+1","Gash","Scrape+1"],"picked":"SKIP","floor":38},{"not_picked":["Streamline+1","Ball Lightning+1","Go for the Eyes"],"picked":"SKIP","floor":39},{"not_picked":["Panache","Sadistic Nature"],"picked":"Apotheosis","floor":41},{"not_picked":["Ball Lightning+1","Compile Driver","Steam"],"picked":"SKIP","floor":45},{"not_picked":["Hologram","Barrage+1","Turbo"],"picked":"SKIP","floor":47},{"not_picked":["Steam","Stack+1","Scrape+1"],"picked":"SKIP","floor":48}],"player_experience":892825,"relics_obtained":[{"floor":26,"key":"Centennial Puzzle"},{"floor":31,"key":"Red Mask"},{"floor":40,"key":"Peace Pipe"},{"floor":43,"key":"Darkstone Periapt"},{"floor":48,"key":"Eternal Feather"}],"event_choices":[{"damage_healed":0.0,"max_hp_gain":0.0,"max_hp_loss":0.0,"gold_gain":75.0,"event_name":"World of Goop","player_choice":"Gather Gold","floor":4.0,"gold_loss":0.0,"damage_taken":11.0},{"damage_healed":0.0,"max_hp_gain":0.0,"max_hp_loss":0.0,"gold_gain":0.0,"event_name":"NoteForYourself","player_choice":"Ignored","floor":8.0,"gold_loss":0.0,"damage_taken":0.0},{"damage_healed":0,"gold_gain":0,"player_choice":"Traded Relic","damage_taken":0,"relics_obtained":["Nloth\u0027s Gift"],"max_hp_gain":0,"max_hp_loss":0,"event_name":"N\u0027loth","floor":19,"relics_lost":["NeowsBlessing"],"gold_loss":0},{"damage_healed":0,"gold_gain":0,"player_choice":"Fought Bandits","damage_taken":0,"max_hp_gain":0,"max_hp_loss":0,"event_name":"Masked Bandits","floor":31,"gold_loss":0},{"damage_healed":0,"gold_gain":0,"cards_transformed":["Strike_B"],"player_choice":"Transformed","damage_taken":0,"max_hp_gain":0,"max_hp_loss":0,"event_name":"Transmorgrifier","floor":36,"gold_loss":0,"cards_obtained":["Chaos"]},{"damage_healed":0,"gold_gain":0,"player_choice":"Fight","damage_taken":0,"max_hp_gain":0,"max_hp_loss":0,"event_name":"MindBloom","floor":40,"gold_loss":0},{"damage_healed":0,"gold_gain":0,"player_choice":"Memory 1","damage_taken":0,"max_hp_gain":0,"max_hp_loss":0,"event_name":"SensoryStone","floor":41,"gold_loss":0},{"damage_healed":0,"gold_gain":0,"player_choice":"Got Potions","damage_taken":0,"max_hp_gain":0,"max_hp_loss":0,"event_name":"Lab","floor":46,"gold_loss":0}],"is_beta":true,"boss_relics":[{"not_picked":["Calling Bell","Fusion Hammer"],"picked":"Sozu"},{"not_picked":["Astrolabe","Cursed Key"],"picked":"Philosopher\u0027s Stone"}],"items_purged_floors":[3,7],"is_endless":false,"potions_floor_spawned":[1,5,14,16,21,24,25,35,37,45],"killed_by":"Donu and Deca","ascension_level":0}