{"gold_per_floor":[119,119,129,55,55,81,81,81,81,93,93,107,107,107,107,107],"floor_reached":16,"playtime":324,"items_purged":[],"score":246,"play_id":"7c67b09c-19b0-4786-a9f1-90c23e3ad497","local_time":"20190418155730","is_ascension_mode":true,"campfire_choices":[{"data":"Poisoned Stab","floor":7,"key":"SMITH"},{"data":"Deadly Poison","floor":11,"key":"SMITH"},{"data":"Dodge and Roll","floor":13,"key":"SMITH"},{"data":"Survivor","floor":15,"key":"SMITH"}],"neow_cost":"NONE","seed_source_timestamp":191597842663989,"circlet_count":0,"master_deck":["AscendersBane","Defend_G","Defend_G","Defend_G","Defend_G","Defend_G","Strike_G","Strike_G","Strike_G","Strike_G","Strike_G","Survivor+1","Neutralize","Poisoned Stab+1","Noxious Fumes+1","Dodge and Roll+1","Deadly Poison+1"],"relics":["Ring of the Snake","NeowsBlessing","Happy Flower","Bottled Lightning","Singing Bowl"],"potions_floor_usage":[12],"damage_taken":[{"damage":0,"enemies":"2 Louse","floor":1,"turns":1},{"damage":0,"enemies":"Jaw Worm","floor":3,"turns":1},{"damage":0,"enemies":"3 Sentries","floor":6,"turns":1},{"damage":1,"enemies":"Small Slimes","floor":10,"turns":4},{"damage":14,"enemies":"Gremlin Gang","floor":12,"turns":5},{"damage":29,"enemies":"Slime Boss","floor":16,"turns":10}],"seed_played":"-1109662360558228592","potions_obtained":[{"floor":3,"key":"PowerPotion"},{"floor":6,"key":"Weak Potion"}],"is_trial":false,"path_per_floor":["M","?","M","$","?","E","R","?","T","M","R","M","R","?","R","B"],"character_chosen":"THE_SILENT","items_purchased":["Noxious Fumes"],"campfire_rested":0,"item_purchase_floors":[4],"current_hp_per_floor":[59,64,64,64,64,64,64,54,54,53,53,39,39,34,34,5],"gold":107,"neow_bonus":"THREE_ENEMY_KILL","is_prod":false,"is_daily":false,"chose_seed":false,"campfire_upgraded":4,"win_rate":0,"timestamp":1555595850,"path_taken":["M","?","M","$","?","E","R","?","T","?","R","?","R","?","R","BOSS"],"build_version":"2019-01-23","purchased_purges":0,"victory":false,"max_hp_per_floor":[66,71,71,71,71,71,71,71,71,71,71,71,71,71,71,71],"card_choices":[{"not_picked":["Quick Slash","Slice","Cloak And Dagger"],"picked":"SKIP","floor":1},{"not_picked":["Riddle With Holes","Dagger Spray"],"picked":"Poisoned Stab","floor":3},{"not_picked":["Choke","Setup"],"picked":"Dodge and Roll","floor":6},{"not_picked":["Blade Dance","Cloak And Dagger"],"picked":"Deadly Poison","floor":10},{"not_picked":["Setup","Flying Knee","Expertise"],"picked":"SKIP","floor":12}],"player_experience":848701,"relics_obtained":[{"floor":6,"key":"Happy Flower"},{"floor":9,"key":"Bottled Lightning"}],"event_choices":[{"damage_healed":0,"gold_gain":0,"player_choice":"Donut","damage_taken":0,"max_hp_gain":5,"max_hp_loss":0,"event_name":"Big Fish","floor":2,"gold_loss":0},{"damage_healed":0,"gold_gain":0,"player_choice":"Grow","damage_taken":0,"max_hp_gain":0,"max_hp_loss":0,"event_name":"Living Wall","floor":5,"gold_loss":0,"cards_upgraded":["Noxious Fumes"]},{"damage_healed":0,"gold_gain":0,"player_choice":"Damaged","damage_taken":10,"max_hp_gain":0,"max_hp_loss":0,"event_name":"Wheel of Change","floor":8,"gold_loss":0},{"damage_healed":0,"gold_gain":0,"player_choice":"Success","damage_taken":5,"relics_obtained":["Singing Bowl"],"max_hp_gain":0,"max_hp_loss":0,"event_name":"Scrap Ooze","floor":14,"gold_loss":0}],"is_beta":false,"boss_relics":[],"items_purged_floors":[],"is_endless":false,"potions_floor_spawned":[3,6],"killed_by":"Slime Boss","ascension_level":20}