{"gold_per_floor":[13,13,13,13,24,24,52,2,2,2,2,2,2,33,33,130,130,148,73,84,97,12,12,46,46,71,96,96,119,119],"floor_reached":30,"playtime":1034,"items_purged":["Strike_G"],"score":417,"play_id":"3b33a3dc-ef16-48ba-9be9-b2e022b7dfd3","local_time":"20191011230521","is_ascension_mode":true,"campfire_choices":[{"data":"Blade Dance","floor":6.0,"key":"SMITH"},{"data":"Neutralize","floor":10.0,"key":"SMITH"},{"data":"Poisoned Stab","floor":12.0,"key":"SMITH"},{"data":"All Out Attack","floor":15.0,"key":"SMITH"},{"floor":23,"key":"REST"},{"floor":25,"key":"REST"}],"neow_cost":"NO_GOLD","seed_source_timestamp":4129122332812,"circlet_count":0,"master_deck":["Strike_G","Strike_G","Strike_G","Defend_G","Defend_G","Defend_G","Defend_G","Survivor","Neutralize+1","Poisoned Stab+1","Blade Dance+1","All Out Attack+1","Envenom","Dagger Spray","Escape Plan","Deflect","Outmaneuver+1","Decay"],"special_seed":0,"relics":["Ring of the Serpent","Ginger","Shuriken","Pear","Ice Cream","Pantograph","Mango","Anchor","Bird Faced Urn","Akabeko","Happy Flower","Smiling Mask"],"potions_floor_usage":[24],"damage_taken":[{"damage":6.0,"enemies":"Cultist","floor":1.0,"turns":5.0},{"damage":0.0,"enemies":"Jaw Worm","floor":5.0,"turns":4.0},{"damage":28.0,"enemies":"Gremlin Nob","floor":7.0,"turns":4.0},{"damage":17.0,"enemies":"Lagavulin","floor":14.0,"turns":5.0},{"damage":26.0,"enemies":"Hexaghost","floor":16.0,"turns":8.0},{"damage":3,"enemies":"3 Byrds","floor":18,"turns":4},{"damage":28,"enemies":"Shell Parasite","floor":20,"turns":4},{"damage":29,"enemies":"Shelled Parasite and Fungi","floor":21,"turns":5},{"damage":26,"enemies":"Slavers","floor":24,"turns":3},{"damage":37,"enemies":"Book of Stabbing","floor":27,"turns":5},{"damage":21,"enemies":"Snake Plant","floor":30,"turns":3}],"seed_played":"-9121163081390587523","potions_obtained":[{"floor":5.0,"key":"Poison Potion"},{"floor":7.0,"key":"CunningPotion"},{"floor":18,"key":"Energy Potion"}],"is_trial":false,"path_per_floor":["M","T","?","$","M","R","E","?","T","R","T","R","$","E","R","B",null,"M","$","M","M","?","R","E","R","T","E","?","T","M"],"character_chosen":"THE_SILENT","items_purchased":[],"campfire_rested":2,"item_purchase_floors":[],"current_hp_per_floor":[57,57,50,50,50,50,32,32,32,32,32,32,32,29,29,28,78,75,75,47,18,18,46,20,48,48,13,13,13,0],"gold":119,"neow_bonus":"ONE_RARE_RELIC","is_prod":false,"is_daily":false,"chose_seed":false,"campfire_upgraded":4,"win_rate":0,"timestamp":1570802721,"path_taken":["M","?","?","$","M","R","E","?","T","R","?","R","?","E","R","BOSS","M","?","?","M","?","R","E","R","T","E","?","?","M"],"build_version":"2019-10-10","purchased_purges":1,"victory":false,"max_hp_per_floor":[70,70,70,70,70,70,80,80,80,80,80,80,80,94,94,94,94,94,94,94,94,94,94,94,94,94,94,94,94,94],"card_choices":[{"not_picked":["Acrobatics","Catalyst"],"picked":"Poisoned Stab","floor":1.0},{"not_picked":["Blur","Deflect"],"picked":"Blade Dance","floor":5.0},{"not_picked":["Expertise","Reflex","Underhanded Strike"],"picked":"SKIP","floor":7.0},{"not_picked":["Acrobatics","Grand Finale"],"picked":"All Out Attack","floor":14.0},{"not_picked":["Wraith Form v2","Storm of Steel"],"picked":"Envenom","floor":16.0},{"not_picked":["Sucker Punch","Dagger Throw"],"picked":"Dagger Spray","floor":18},{"not_picked":["PiercingWail+1","Reflex"],"picked":"Escape Plan","floor":20},{"not_picked":["Sucker Punch+1","PiercingWail","Bane"],"picked":"SKIP","floor":21},{"not_picked":["Night Terror","Prepared"],"picked":"Deflect","floor":24},{"not_picked":["Flying Knee","Finisher"],"picked":"Outmaneuver+1","floor":27}],"player_experience":586167,"relics_obtained":[{"floor":2.0,"key":"Shuriken"},{"floor":7.0,"key":"Pear"},{"floor":9.0,"key":"Ice Cream"},{"floor":11.0,"key":"Pantograph"},{"floor":14.0,"key":"Mango"},{"floor":24,"key":"Bird Faced Urn"},{"floor":26,"key":"Akabeko"},{"floor":27,"key":"Happy Flower"},{"floor":29,"key":"Smiling Mask"}],"event_choices":[{"cards_removed":["Strike_G"],"damage_healed":0.0,"max_hp_gain":0.0,"max_hp_loss":0.0,"gold_gain":0.0,"event_name":"Golden Wing","player_choice":"Card Removal","floor":3.0,"gold_loss":0.0,"damage_taken":7.0},{"cards_removed":["Defend_G"],"damage_healed":0.0,"max_hp_gain":0.0,"max_hp_loss":0.0,"gold_gain":0.0,"event_name":"The Cleric","player_choice":"Card Removal","floor":8.0,"gold_loss":50.0,"damage_taken":0.0},{"damage_healed":0,"gold_gain":0,"player_choice":"Obtained Relic","damage_taken":0,"relics_obtained":["Anchor"],"max_hp_gain":0,"max_hp_loss":0,"event_name":"Addict","floor":22,"gold_loss":85},{"damage_healed":0,"gold_gain":0,"player_choice":"Smashed Altar","damage_taken":0,"max_hp_gain":0,"max_hp_loss":0,"event_name":"Forgotten Altar","floor":28,"gold_loss":0,"cards_obtained":["Decay"]}],"is_beta":true,"boss_relics":[{"not_picked":["SlaversCollar","Coffee Dripper"],"picked":"Ring of the Serpent"}],"items_purged_floors":[19],"is_endless":false,"potions_floor_spawned":[5,7,18],"killed_by":"Snake Plant","ascension_level":9}