{"gold_per_floor":[113,113,38,38,57,57,70,85,110,133,163,179,179,45,45,165,165,189,212,212,212,212,212,256,256,283,301,332,346,346,72,72,72],"floor_reached":33,"playtime":1309,"items_purged":["Strike_B","Strike_B","Strike_B"],"score":344,"play_id":"b522de73-e9fb-4f62-99a8-87574433ab44","local_time":"20181111151342","is_ascension_mode":true,"campfire_choices":[{"data":"Zap","floor":6.0,"key":"SMITH"},{"data":"Redo","floor":13.0,"key":"SMITH"},{"data":"Darkness","floor":15.0,"key":"SMITH"},{"data":"Dualcast","floor":23.0,"key":"SMITH"},{"floor":25.0,"key":"REST"},{"data":"Lockon","floor":30.0,"key":"SMITH"},{"floor":32.0,"key":"REST"}],"neow_cost":"NONE","seed_source_timestamp":11171365168487,"circlet_count":0,"master_deck":["Strike_B","Defend_B","Defend_B","Defend_B","Defend_B","Zap+1","Dualcast+1","Cold Snap","Conserve Battery","Sweeping Beam","Redo+1","Melter","Darkness+1","Rebound+1","Rip and Tear+1","Lockon+1","Undo+1","Machine Learning","Doom and Gloom"],"special_seed":0,"relics":["Cracked Core","Orichalcum","Golden Idol","Bronze Scales","Happy Flower","Busted Crown","Darkstone Periapt","Oddly Smooth Stone","Red Mask"],"potions_floor_usage":[33],"damage_taken":[{"damage":6.0,"enemies":"Jaw Worm","floor":1.0,"turns":2.0},{"damage":0.0,"enemies":"Small Slimes","floor":5.0,"turns":3.0},{"damage":0.0,"enemies":"2 Louse","floor":7.0,"turns":2.0},{"damage":12.0,"enemies":"Exordium Wildlife","floor":8.0,"turns":5.0},{"damage":1.0,"enemies":"Looter","floor":10.0,"turns":3.0},{"damage":2.0,"enemies":"2 Fungi Beasts","floor":12.0,"turns":3.0},{"damage":16.0,"enemies":"The Guardian","floor":16.0,"turns":7.0},{"damage":0.0,"enemies":"Spheric Guardian","floor":18.0,"turns":2.0},{"damage":9.0,"enemies":"Shell Parasite","floor":19.0,"turns":2.0},{"damage":16.0,"enemies":"Colosseum Slavers","floor":22.0,"turns":3.0},{"damage":36.0,"enemies":"Book of Stabbing","floor":24.0,"turns":5.0},{"damage":8.0,"enemies":"Cultist and Chosen","floor":27.0,"turns":5.0},{"damage":4.0,"enemies":"Masked Bandits","floor":28.0,"turns":3.0},{"damage":13.0,"enemies":"Snecko","floor":29.0,"turns":4.0},{"damage":50,"enemies":"Automaton","floor":33,"turns":6}],"seed_played":"6963647230588014528","potions_obtained":[{"floor":8.0,"key":"SkillPotion"},{"floor":10.0,"key":"Explosive Potion"},{"floor":12.0,"key":"Swift Potion"},{"floor":16.0,"key":"EssenceOfSteel"},{"floor":19.0,"key":"Ancient Potion"},{"floor":28.0,"key":"Poison Potion"},{"floor":29.0,"key":"Poison Potion"}],"is_trial":false,"path_per_floor":["M","?","$","?","M","R","M","M","T","M","?","M","R","$","R","B",null,"M","M","?","?","?","R","E","R","T","M","?","M","R","$","R","B"],"character_chosen":"DEFECT","items_purchased":["Darkness","Machine Learning","Doom and Gloom"],"campfire_rested":2,"item_purchase_floors":[14,31,31],"current_hp_per_floor":[62,62,62,67,67,67,67,55,55,54,54,52,52,52,52,36,65,65,56,56,56,40,40,4,26,26,18,14,1,1,1,23,0],"gold":72,"neow_bonus":"RANDOM_COMMON_RELIC","is_prod":false,"is_daily":false,"chose_seed":false,"campfire_upgraded":5,"win_rate":0,"timestamp":1541920422,"path_taken":["M","?","$","?","M","R","M","M","T","M","?","M","R","?","R","BOSS","M","M","?","?","?","R","E","R","T","M","?","M","R","?","R","BOSS"],"build_version":"2018-11-08","purchased_purges":3,"victory":false,"max_hp_per_floor":[75,69,69,74,74,74,74,74,74,74,74,74,74,74,74,74,74,74,74,74,74,74,74,74,74,74,74,74,74,74,74,74,74],"card_choices":[{"not_picked":["Beam Cell","Fusion"],"picked":"Cold Snap","floor":1.0},{"not_picked":["Reprogram","Ball Lightning"],"picked":"Conserve Battery","floor":5.0},{"not_picked":["Turbo","Melter"],"picked":"Sweeping Beam","floor":7.0},{"not_picked":["Compile Driver","Auto Shields"],"picked":"Redo","floor":8.0},{"not_picked":["Storm","Tempest","Conserve Battery"],"picked":"SKIP","floor":10.0},{"not_picked":["BootSequence","Hello World"],"picked":"Melter","floor":12.0},{"not_picked":[],"picked":"Rebound+1","floor":18.0},{"not_picked":["Rebound"],"picked":"SKIP","floor":19.0},{"not_picked":[],"picked":"Rip and Tear+1","floor":24.0},{"not_picked":[],"picked":"Lockon","floor":27.0},{"not_picked":[],"picked":"Undo+1","floor":29.0}],"player_experience":409391,"relics_obtained":[{"floor":9.0,"key":"Bronze Scales"},{"floor":24.0,"key":"Darkstone Periapt"},{"floor":26.0,"key":"Oddly Smooth Stone"},{"floor":28.0,"key":"Red Mask"}],"event_choices":[{"damage_healed":0.0,"max_hp_gain":0.0,"max_hp_loss":6.0,"gold_gain":0.0,"event_name":"Golden Idol","player_choice":"Lose Max HP","floor":2.0,"gold_loss":0.0,"damage_taken":0.0,"relics_obtained":["Golden Idol"]},{"damage_healed":0.0,"max_hp_gain":5.0,"max_hp_loss":0.0,"gold_gain":0.0,"event_name":"Big Fish","player_choice":"Donut","floor":4.0,"gold_loss":0.0,"damage_taken":0.0},{"damage_healed":0.0,"max_hp_gain":0.0,"max_hp_loss":0.0,"gold_gain":30.0,"event_name":"Dead Adventurer","player_choice":"Searched \u00273\u0027 times","floor":11.0,"gold_loss":0.0,"damage_taken":0.0,"relics_obtained":["Happy Flower"]},{"damage_healed":0.0,"max_hp_gain":0.0,"max_hp_loss":0.0,"gold_gain":0.0,"event_name":"Vampires","player_choice":"Ignored","floor":20.0,"gold_loss":0.0,"damage_taken":0.0},{"damage_healed":0.0,"max_hp_gain":0.0,"max_hp_loss":0.0,"gold_gain":0.0,"event_name":"Ghosts","player_choice":"Ignored","floor":21.0,"gold_loss":0.0,"damage_taken":0.0},{"damage_healed":0.0,"max_hp_gain":0.0,"max_hp_loss":0.0,"gold_gain":0.0,"event_name":"Colosseum","player_choice":"Fight","floor":22.0,"gold_loss":0.0,"damage_taken":0.0},{"damage_healed":0.0,"max_hp_gain":0.0,"max_hp_loss":0.0,"gold_gain":0.0,"event_name":"Colosseum","player_choice":"Fled From Nobs","floor":22.0,"gold_loss":0.0,"damage_taken":0.0},{"damage_healed":0.0,"max_hp_gain":0.0,"max_hp_loss":0.0,"gold_gain":0.0,"event_name":"Masked Bandits","player_choice":"Fought Bandits","floor":28.0,"gold_loss":0.0,"damage_taken":0.0}],"is_beta":false,"boss_relics":[{"not_picked":["Coffee Dripper","Runic Pyramid"],"picked":"Busted Crown"}],"items_purged_floors":[3,14,31],"is_endless":false,"potions_floor_spawned":[8,10,12,16,19,28,29],"killed_by":"Automaton","ascension_level":7}