{"gold_per_floor":[117,117,117,16,16,16,16,16,16,29,29,29,29,48,48,173,173,189,104,203,221,40,40,61,61,61,61,10,24,55,55,55,183,183,204,104,104,124,249,249,262,305,305,323,347,347,347,19,19,19],"floor_reached":51,"playtime":1496,"items_purged":["Strike_R","Strike_R","Pain","Parasite"],"score":879,"play_id":"42dbef4f-358a-4e80-abfd-26b77bf5d1db","local_time":"20181106001801","is_ascension_mode":false,"campfire_choices":[{"data":"Body Slam","floor":6.0,"key":"SMITH"},{"data":"Armaments","floor":8.0,"key":"SMITH"},{"data":"Defend_R","floor":11.0,"key":"SMITH"},{"data":"Defend_R","floor":13.0,"key":"SMITH"},{"data":"Bash","floor":15.0,"key":"SMITH"},{"data":"Entrench","floor":23.0,"key":"SMITH"},{"data":"Barricade","floor":25.0,"key":"SMITH"},{"floor":32.0,"key":"REST"},{"data":"Entrench","floor":40.0,"key":"SMITH"},{"data":"Rage","floor":47,"key":"SMITH"},{"data":"Flex","floor":49,"key":"SMITH"}],"neow_cost":"NONE","seed_source_timestamp":221623943796146,"circlet_count":0,"master_deck":["Strike_R","Strike_R","Defend_R+1","Defend_R+1","Defend_R+1","Defend_R+1","Bash+1","Body Slam+1","Armaments+1","Barricade+1","Ghostly Armor+1","Entrench+1","Rage+1","Clumsy","Entrench+1","Entrench+1","Flex+1","Armaments"],"special_seed":0,"relics":["Burning Blood","NeowsBlessing","Golden Idol","Pen Nib","Cursed Key","Calipers","Singing Bowl","Lantern","Boot","The Courier","Philosopher\u0027s Stone","Turnip","Bottled Lightning","Smiling Mask","ClockworkSouvenir"],"potions_floor_usage":[50],"damage_taken":[{"damage":0.0,"enemies":"Small Slimes","floor":1.0,"turns":1.0},{"damage":0.0,"enemies":"2 Louse","floor":10.0,"turns":1.0},{"damage":0.0,"enemies":"Jaw Worm","floor":14.0,"turns":1.0},{"damage":44.0,"enemies":"Hexaghost","floor":16.0,"turns":9.0},{"damage":14.0,"enemies":"Shell Parasite","floor":18.0,"turns":5.0},{"damage":9.0,"enemies":"Chosen","floor":21.0,"turns":6.0},{"damage":0.0,"enemies":"Snake Plant","floor":24.0,"turns":4.0},{"damage":11.0,"enemies":"Centurion and Healer","floor":29.0,"turns":10.0},{"damage":36.0,"enemies":"Book of Stabbing","floor":30.0,"turns":8.0},{"damage":9.0,"enemies":"Automaton","floor":33.0,"turns":6.0},{"damage":3.0,"enemies":"3 Shapes","floor":35.0,"turns":21.0},{"damage":0.0,"enemies":"Orb Walker","floor":38.0,"turns":3.0},{"damage":0.0,"enemies":"Mind Bloom Boss Battle","floor":39.0,"turns":7.0},{"damage":0.0,"enemies":"4 Shapes","floor":41.0,"turns":6.0},{"damage":0.0,"enemies":"Reptomancer","floor":42.0,"turns":11.0},{"damage":0.0,"enemies":"Jaw Worm Horde","floor":44.0,"turns":7.0},{"damage":0.0,"enemies":"Writhing Mass","floor":45.0,"turns":5.0},{"damage":0,"enemies":"Awakened One","floor":50,"turns":15}],"seed_played":"7803916882923986130","potions_obtained":[{"floor":10.0,"key":"Fire Potion"},{"floor":14.0,"key":"SteroidPotion"},{"floor":16.0,"key":"AttackPotion"},{"floor":18.0,"key":"Swift Potion"},{"floor":21.0,"key":"BloodPotion"},{"floor":30.0,"key":"SneckoOil"},{"floor":31.0,"key":"PowerPotion"},{"floor":33.0,"key":"Fire Potion"},{"floor":39.0,"key":"SkillPotion"},{"floor":42.0,"key":"SkillPotion"},{"floor":44.0,"key":"SpeedPotion"}],"is_trial":false,"path_per_floor":["M","?","?","$","?","R","$","R","T","M","R","?","R","M","R","B",null,"M","?","?","M","$","R","M","R","T","T","?","M","E","?","R","B",null,"M","$","?","M","?","R","M","E","T","M","M","?","R","$","R","B",null],"character_chosen":"IRONCLAD","items_purchased":["Armaments","Rage","ClockworkSouvenir","Flex","Armaments","Strength Potion"],"campfire_rested":1,"item_purchase_floors":[4,22,48,48,48,48],"current_hp_per_floor":[80,60,65,65,48,48,48,48,48,54,54,54,54,60,60,22,85,77,77,77,74,74,74,80,80,80,80,80,77,55,55,81,80,89,91,91,91,93,95,95,97,97,97,99,101,101,101,98,98,98],"gold":19,"neow_bonus":"THREE_ENEMY_KILL","is_prod":false,"is_daily":false,"chose_seed":false,"campfire_upgraded":10,"win_rate":0,"timestamp":1541459881,"path_taken":["M","?","?","$","?","R","$","R","T","M","R","?","R","M","R","BOSS","M","?","?","M","$","R","?","R","T","?","?","?","E","?","R","BOSS","M","$","?","M","?","R","M","E","T","M","?","?","R","$","R","BOSS"],"build_version":"2018-11-02","purchased_purges":4,"victory":true,"max_hp_per_floor":[80,80,85,85,85,85,85,85,85,85,85,85,85,85,85,85,85,85,85,85,85,85,85,85,85,85,85,85,87,87,87,87,89,89,91,91,91,93,95,95,97,97,97,99,101,101,101,98,98,98],"card_choices":[{"not_picked":["Headbutt","Anger"],"picked":"Body Slam","floor":1.0},{"not_picked":["Thunderclap","Twin Strike","Infernal Blade"],"picked":"SKIP","floor":10.0},{"not_picked":["Havoc","Warcry","Corruption"],"picked":"SKIP","floor":14.0},{"not_picked":["Berserk","Offering"],"picked":"Barricade","floor":16.0},{"not_picked":["Pommel Strike","Armaments+1"],"picked":"Ghostly Armor+1","floor":18.0},{"not_picked":["Metallicize","Twin Strike"],"picked":"Entrench","floor":21.0},{"not_picked":["Iron Wave","Armaments","Metallicize"],"picked":"SKIP","floor":24.0},{"not_picked":["Second Wind+1","Headbutt+1","Thunderclap"],"picked":"Singing Bowl","floor":29.0},{"not_picked":["Armaments","Intimidate"],"picked":"Entrench","floor":30.0},{"not_picked":["Feed","Reaper","Juggernaut"],"picked":"Singing Bowl","floor":33.0},{"not_picked":["Wild Strike+1","Blood for Blood","Power Through"],"picked":"Singing Bowl","floor":35.0},{"not_picked":["Headbutt","Sword Boomerang","Hemokinesis"],"picked":"Singing Bowl","floor":38.0},{"not_picked":["Clash+1","Shockwave+1","Pommel Strike"],"picked":"Singing Bowl","floor":39.0},{"not_picked":["Armaments","Twin Strike+1","Disarm+1"],"picked":"Singing Bowl","floor":41.0},{"not_picked":["Infernal Blade","Fire Breathing"],"picked":"Entrench+1","floor":42.0},{"not_picked":["Intimidate+1","Warcry","Headbutt+1"],"picked":"Singing Bowl","floor":44.0},{"not_picked":["Brutality","Twin Strike","Pommel Strike"],"picked":"Singing Bowl","floor":45.0}],"player_experience":748775,"relics_obtained":[{"floor":9.0,"key":"Pen Nib"},{"floor":26.0,"key":"Singing Bowl"},{"floor":27.0,"key":"Lantern"},{"floor":30.0,"key":"The Courier"},{"floor":39.0,"key":"Turnip"},{"floor":42.0,"key":"Bottled Lightning"},{"floor":43.0,"key":"Smiling Mask"}],"event_choices":[{"damage_healed":0.0,"max_hp_gain":0.0,"max_hp_loss":0.0,"gold_gain":0.0,"event_name":"Golden Idol","player_choice":"Take Damage","floor":2.0,"gold_loss":0.0,"damage_taken":20.0,"relics_obtained":["Golden Idol"]},{"damage_healed":0.0,"max_hp_gain":5.0,"max_hp_loss":0.0,"gold_gain":0.0,"event_name":"Big Fish","player_choice":"Donut","floor":3.0,"gold_loss":0.0,"damage_taken":0.0},{"damage_healed":0.0,"max_hp_gain":0.0,"max_hp_loss":0.0,"gold_gain":0.0,"event_name":"Shining Light","player_choice":"Entered Light","floor":5.0,"gold_loss":0.0,"damage_taken":17.0,"cards_upgraded":["Strike_R","Defend_R"]},{"damage_healed":0.0,"max_hp_gain":0.0,"max_hp_loss":0.0,"gold_gain":0.0,"event_name":"Living Wall","player_choice":"Grow","floor":12.0,"gold_loss":0.0,"damage_taken":0.0,"cards_upgraded":["Defend_R"]},{"damage_healed":0.0,"max_hp_gain":0.0,"max_hp_loss":0.0,"gold_gain":0.0,"event_name":"Addict","player_choice":"Obtained Relic","floor":19.0,"gold_loss":85.0,"damage_taken":0.0,"relics_obtained":["Calipers"]},{"damage_healed":0.0,"max_hp_gain":0.0,"max_hp_loss":0.0,"gold_gain":99.0,"event_name":"Nest","player_choice":"Stole From Cult","floor":20.0,"gold_loss":0.0,"damage_taken":0.0},{"damage_healed":0.0,"max_hp_gain":0.0,"max_hp_loss":0.0,"gold_gain":0.0,"event_name":"WeMeetAgain","player_choice":"Paid Gold","floor":28.0,"gold_loss":51.0,"damage_taken":0.0,"relics_obtained":["Boot"]},{"damage_healed":0.0,"max_hp_gain":0.0,"max_hp_loss":0.0,"gold_gain":0.0,"event_name":"Lab","player_choice":"Got Potions","floor":31.0,"gold_loss":0.0,"damage_taken":0.0},{"cards_removed":["Strike_R"],"damage_healed":0.0,"max_hp_gain":0.0,"max_hp_loss":0.0,"gold_gain":0.0,"event_name":"Falling","player_choice":"Removed Attack","floor":37.0,"gold_loss":0.0,"damage_taken":0.0},{"damage_healed":0.0,"max_hp_gain":0.0,"max_hp_loss":0.0,"gold_gain":0.0,"event_name":"MindBloom","player_choice":"Fight","floor":39.0,"gold_loss":0.0,"damage_taken":0.0},{"damage_healed":0,"gold_gain":0,"player_choice":"Ignored","damage_taken":0,"max_hp_gain":0,"max_hp_loss":0,"event_name":"Mysterious Sphere","floor":46,"gold_loss":0}],"is_beta":true,"boss_relics":[{"not_picked":["Eternal Feather","Runic Cube"],"picked":"Cursed Key"},{"not_picked":["Pandora\u0027s Box","Busted Crown"],"picked":"Philosopher\u0027s Stone"}],"items_purged_floors":[4,22,36,48],"is_endless":false,"potions_floor_spawned":[10,14,16,18,21,24,30,33,38,39,42,44],"ascension_level":0}