{"gold_per_floor":[115,115,129,0,0,29,29,64,64,84,112,12,24,39,39,138,138,152,169,169,11,27,56,56,76,153,333,358,375,402,418,418,525,525,553,578,578,600,618,635,635,116,167,185,212,24,24,0,0,0,0,0,0,34,34],"floor_reached":55,"playtime":2627,"items_purged":["Defend_R","Defend_R","Strike_R"],"score":829,"play_id":"c3a2d22d-3330-4c3d-b000-4b0f30a4f54d","local_time":"20191017132249","is_ascension_mode":false,"campfire_choices":[{"data":"Perfected Strike","floor":7.0,"key":"SMITH"},{"data":"Limit Break","floor":15.0,"key":"SMITH"},{"data":"Flex","floor":24.0,"key":"SMITH"},{"data":"Double Tap","floor":32.0,"key":"SMITH"},{"data":"Limit Break","floor":41.0,"key":"SMITH"},{"floor":49.0,"key":"RECALL"},{"data":"Spot Weakness","floor":52.0,"key":"SMITH"}],"neow_cost":"NONE","seed_source_timestamp":6019555225835,"circlet_count":0,"master_deck":["Strike_R","Strike_R","Strike_R+1","Bash+1","Perfected Strike+1","Cleave","Flex+1","Heavy Blade+1","Uppercut+1","Limit Break+1","Battle Trance","Limit Break+1","Pommel Strike+1","Double Tap+1","Reaper+1","Perfected Strike+1","Spot Weakness+1","Perfected Strike+1","Heavy Blade+1","Heavy Blade+1"],"special_seed":0,"relics":["Burning Blood","NeowsBlessing","CaptainsWheel","Molten Egg 2","TungstenRod","Pear","Pen Nib","Coffee Dripper","Vajra","Whetstone","CeramicFish","Empty Cage","Pantograph","DollysMirror","Anchor","Sundial","Red Skull","Red Mask","Paper Frog"],"potions_floor_usage":[55,55],"damage_taken":[{"damage":0.0,"enemies":"2 Louse","floor":1.0,"turns":1.0},{"damage":0.0,"enemies":"Small Slimes","floor":3.0,"turns":1.0},{"damage":0.0,"enemies":"Lagavulin","floor":6.0,"turns":1.0},{"damage":6.0,"enemies":"Gremlin Nob","floor":8.0,"turns":3.0},{"damage":6.0,"enemies":"Jaw Worm","floor":10.0,"turns":3.0},{"damage":17.0,"enemies":"Lagavulin","floor":11.0,"turns":5.0},{"damage":5.0,"enemies":"2 Fungi Beasts","floor":13.0,"turns":2.0},{"damage":0.0,"enemies":"Lots of Slimes","floor":14.0,"turns":1.0},{"damage":34.0,"enemies":"Hexaghost","floor":16.0,"turns":5.0},{"damage":0.0,"enemies":"3 Byrds","floor":18.0,"turns":4.0},{"damage":8.0,"enemies":"Shell Parasite","floor":19.0,"turns":3.0},{"damage":18.0,"enemies":"Cultist and Chosen","floor":22.0,"turns":5.0},{"damage":42.0,"enemies":"Gremlin Leader","floor":23.0,"turns":3.0},{"damage":11.0,"enemies":"Shelled Parasite and Fungi","floor":25.0,"turns":3.0},{"damage":13.0,"enemies":"Slavers","floor":28.0,"turns":3.0},{"damage":0.0,"enemies":"Sentry and Sphere","floor":29.0,"turns":2.0},{"damage":0.0,"enemies":"Book of Stabbing","floor":30.0,"turns":1.0},{"damage":0.0,"enemies":"Snake Plant","floor":31.0,"turns":1.0},{"damage":12.0,"enemies":"Automaton","floor":33.0,"turns":3.0},{"damage":9.0,"enemies":"Orb Walker","floor":35.0,"turns":2.0},{"damage":12.0,"enemies":"3 Darklings","floor":36.0,"turns":4.0},{"damage":27.0,"enemies":"Spire Growth","floor":38.0,"turns":4.0},{"damage":16.0,"enemies":"Jaw Worm Horde","floor":39.0,"turns":3.0},{"damage":44.0,"enemies":"Maw","floor":40.0,"turns":5.0},{"damage":8.0,"enemies":"4 Shapes","floor":44.0,"turns":3.0},{"damage":25.0,"enemies":"Nemesis","floor":45.0,"turns":5.0},{"damage":48.0,"enemies":"Time Eater","floor":50.0,"turns":5.0},{"damage":26,"enemies":"Shield and Spear","floor":54,"turns":5},{"damage":137,"enemies":"The Heart","floor":55,"turns":6}],"seed_played":"3466676381416853681","potions_obtained":[{"floor":3.0,"key":"EntropicBrew"},{"floor":6.0,"key":"FearPotion"},{"floor":14.0,"key":"Fire Potion"},{"floor":18.0,"key":"BloodPotion"},{"floor":25.0,"key":"BloodPotion"},{"floor":29.0,"key":"FearPotion"},{"floor":36.0,"key":"Weak Potion"}],"is_trial":false,"path_per_floor":["M","?","M","$","?","E","R","E","T","M","E","$","M","M","R","B",null,"M","M","?","$","M","E","R","M","T","?","E","M","E","M","R","B",null,"M","M","?","M","M","M","R","$","T","M","E","$","?","?","R","B",null,"R","$","E","B"],"character_chosen":"IRONCLAD","items_purchased":["Flex","Double Tap","Pantograph","DollysMirror","Heavy Blade+1","Red Skull"],"campfire_rested":0,"item_purchase_floors":[4,21,42,42,46,46],"current_hp_per_floor":[80,73,79,79,72,78,78,78,88,88,77,77,78,84,84,56,90,90,88,88,88,90,54,54,49,49,25,36,42,48,54,54,48,90,87,81,81,69,59,35,35,35,35,71,86,86,85,85,85,43,85,85,85,85,0],"gold":34,"neow_bonus":"THREE_ENEMY_KILL","is_prod":false,"is_daily":false,"chose_seed":false,"campfire_upgraded":6,"win_rate":0,"timestamp":1571311369,"path_taken":["M","?","M","$","?","E","R","E","T","M","E","?","M","M","R","BOSS","M","M","?","$","M","E","R","M","T","?","E","?","E","M","R","BOSS","M","?","?","M","?","M","R","$","T","?","E","$","?","?","R","BOSS","R","$","E","BOSS"],"build_version":"2019-10-16","purchased_purges":3,"victory":false,"max_hp_per_floor":[80,80,80,80,80,80,80,80,90,90,90,90,90,90,90,90,90,90,90,90,90,90,90,90,90,90,90,90,90,90,90,90,90,90,90,90,90,90,90,90,90,90,90,90,90,90,85,85,85,85,85,85,85,85,85],"card_choices":[{"not_picked":["Body Slam","Evolve"],"picked":"Perfected Strike","floor":1.0},{"not_picked":["Evolve","Heavy Blade"],"picked":"Cleave","floor":3.0},{"not_picked":["Rage","Shockwave","Havoc"],"picked":"SKIP","floor":6.0},{"not_picked":["Body Slam+1","True Grit"],"picked":"Heavy Blade+1","floor":8.0},{"not_picked":["Infernal Blade","Fire Breathing"],"picked":"Uppercut+1","floor":10.0},{"not_picked":["Intimidate","Offering"],"picked":"Limit Break","floor":11.0},{"not_picked":["Body Slam+1","Shrug It Off","Entrench"],"picked":"SKIP","floor":13.0},{"not_picked":["Hemokinesis+1","Combust"],"picked":"Battle Trance","floor":14.0},{"not_picked":["Brutality","Exhume"],"picked":"Limit Break","floor":16.0},{"not_picked":["Body Slam+1","Twin Strike+1","Sentinel"],"picked":"SKIP","floor":18.0},{"not_picked":["Whirlwind+1","Searing Blow+1"],"picked":"Pommel Strike+1","floor":19.0},{"not_picked":["Shrug It Off+1","Sentinel","Dual Wield"],"picked":"SKIP","floor":22.0},{"not_picked":["Wild Strike+1","Evolve+1","Body Slam+1"],"picked":"SKIP","floor":23.0},{"not_picked":["Sentinel+1","Corruption","Havoc"],"picked":"SKIP","floor":25.0},{"not_picked":["Combust+1","Iron Wave+1","Body Slam+1"],"picked":"SKIP","floor":28.0},{"not_picked":["Entrench","Shrug It Off","Searing Blow+1"],"picked":"SKIP","floor":29.0},{"not_picked":["Headbutt+1","Shrug It Off","Anger+1"],"picked":"SKIP","floor":30.0},{"not_picked":["Twin Strike+1","Sword Boomerang+1","Evolve+1"],"picked":"SKIP","floor":31.0},{"not_picked":["Berserk","Demon Form"],"picked":"Reaper+1","floor":33.0},{"not_picked":["Clothesline+1","Headbutt+1"],"picked":"Perfected Strike+1","floor":35.0},{"not_picked":["Anger+1","Spot Weakness","Warcry"],"picked":"SKIP","floor":36.0},{"not_picked":["Anger+1","Warcry"],"picked":"Spot Weakness","floor":36.0},{"not_picked":["Armaments","Fiend Fire+1"],"picked":"Perfected Strike+1","floor":38.0},{"not_picked":["Dropkick+1","Anger+1","Cleave+1"],"picked":"SKIP","floor":39.0},{"not_picked":["Shockwave+1","Ghostly Armor+1","Metallicize"],"picked":"SKIP","floor":40.0},{"not_picked":["Clothesline+1","Twin Strike+1","Perfected Strike+1"],"picked":"SKIP","floor":44.0},{"not_picked":["Power Through","Juggernaut","Twin Strike+1"],"picked":"SKIP","floor":45.0},{"not_picked":["Warcry","Twin Strike+1","Rupture+1"],"picked":"SKIP","floor":54}],"player_experience":851535,"relics_obtained":[{"floor":6.0,"key":"Molten Egg 2"},{"floor":8.0,"key":"TungstenRod"},{"floor":9.0,"key":"Pear"},{"floor":11.0,"key":"Pen Nib"},{"floor":23.0,"key":"Vajra"},{"floor":28.0,"key":"Whetstone"},{"floor":30.0,"key":"CeramicFish"},{"floor":43.0,"key":"Anchor"},{"floor":45.0,"key":"Sundial"},{"floor":54,"key":"Paper Frog"}],"event_choices":[{"cards_removed":["Defend_R"],"damage_healed":0.0,"max_hp_gain":0.0,"max_hp_loss":0.0,"gold_gain":0.0,"event_name":"Golden Wing","player_choice":"Card Removal","floor":2.0,"gold_loss":0.0,"damage_taken":7.0},{"damage_healed":0.0,"max_hp_gain":0.0,"max_hp_loss":0.0,"gold_gain":0.0,"event_name":"Scrap Ooze","player_choice":"Success","floor":5.0,"gold_loss":0.0,"damage_taken":7.0,"relics_obtained":["CaptainsWheel"]},{"damage_healed":0.0,"max_hp_gain":0.0,"max_hp_loss":0.0,"gold_gain":0.0,"event_name":"Vampires","player_choice":"Ignored","floor":20.0,"gold_loss":0.0,"damage_taken":0.0},{"damage_healed":0.0,"max_hp_gain":0.0,"max_hp_loss":0.0,"gold_gain":180.0,"event_name":"Knowing Skull","player_choice":"GOLD GOLD ","floor":27.0,"potions_obtained":[],"gold_loss":0.0,"damage_taken":27.0,"cards_obtained":[]},{"damage_healed":0.0,"max_hp_gain":0.0,"max_hp_loss":0.0,"gold_gain":0.0,"event_name":"SecretPortal","player_choice":"Ignored","floor":37.0,"gold_loss":0.0,"damage_taken":0.0},{"damage_healed":0.0,"max_hp_gain":0.0,"max_hp_loss":5.0,"gold_gain":0.0,"event_name":"Winding Halls","player_choice":"Max HP","floor":47.0,"gold_loss":0.0,"damage_taken":0.0},{"damage_healed":0.0,"max_hp_gain":0.0,"max_hp_loss":0.0,"gold_gain":0.0,"event_name":"Tomb of Lord Red Mask","player_choice":"Paid","floor":48.0,"gold_loss":24.0,"damage_taken":0.0,"relics_obtained":["Red Mask"]}],"is_beta":true,"boss_relics":[{"not_picked":["Pandora\u0027s Box","SacredBark"],"picked":"Coffee Dripper"},{"not_picked":["Snecko Eye","Runic Pyramid"],"picked":"Empty Cage"}],"items_purged_floors":[4,12,42],"is_endless":false,"potions_floor_spawned":[3,6,10,14,18,25,29,30,36,39,44],"killed_by":"The Heart","ascension_level":0}