{"gold_per_floor":[117,117,132,132,307,307,338,46,46,81,81,149,149,168,168,294,294,312,312,312,35,55,55,85,96,96,96,96,116,116,135,135,231,231,250,250,329,343,357,385,385,395,395,424,44,54,54,68,68,68,68,68,68,96,96],"floor_reached":56,"playtime":1425,"items_purged":["Defend_R","Defend_R","Defend_R+1"],"score":1368,"play_id":"b4aba1bc-237d-4e7f-b0cd-124116e4952f","local_time":"20190414145326","is_ascension_mode":false,"campfire_choices":[{"data":"Shockwave","floor":6.0,"key":"SMITH"},{"data":"Clash","floor":13.0,"key":"SMITH"},{"data":"Sword Boomerang","floor":15.0,"key":"SMITH"},{"data":"Rampage","floor":23.0,"key":"SMITH"},{"data":"Bludgeon","floor":32.0,"key":"SMITH"},{"data":"Limit Break","floor":47,"key":"SMITH"},{"floor":49,"key":"RECALL"},{"data":"Heavy Blade","floor":52,"key":"SMITH"}],"neow_cost":"NONE","seed_source_timestamp":269647090306421,"circlet_count":0,"master_deck":["Strike_R","Strike_R","Strike_R","Strike_R","Strike_R","Defend_R+1","Bash","Shockwave+1","Inflame+1","Clash+1","Sword Boomerang+1","Impervious+1","Rampage+1","Battle Trance","Bludgeon+1","Limit Break+1","Cleave+1","Heavy Blade+1","Inflame+1","Infernal Blade+1","Heavy Blade"],"special_seed":0,"relics":["Burning Blood","Omamori","Orichalcum","Bloody Idol","The Courier","Incense Burner","Pantograph","War Paint","Tiny Chest","Coffee Dripper","Matryoshka","Letter Opener","Vajra","Calipers","Enchiridion","Busted Crown","Art of War","Peace Pipe","Shuriken","Question Card","Pear","DollysMirror","Bag of Preparation","Red Skull"],"potions_floor_usage":[55,55,55,55,55,55,55,55],"damage_taken":[{"damage":3.0,"enemies":"2 Louse","floor":1.0,"turns":3.0},{"damage":0.0,"enemies":"Cultist","floor":3.0,"turns":3.0},{"damage":36.0,"enemies":"3 Sentries","floor":7.0,"turns":10.0},{"damage":14.0,"enemies":"Lagavulin","floor":10.0,"turns":6.0},{"damage":8.0,"enemies":"3 Sentries","floor":12.0,"turns":7.0},{"damage":2.0,"enemies":"Small Slimes","floor":14.0,"turns":3.0},{"damage":0.0,"enemies":"Slime Boss","floor":16.0,"turns":3.0},{"damage":8.0,"enemies":"2 Thieves","floor":18.0,"turns":3.0},{"damage":14.0,"enemies":"Spheric Guardian","floor":22.0,"turns":4.0},{"damage":25.0,"enemies":"Slavers","floor":24.0,"turns":6.0},{"damage":9.0,"enemies":"Snake Plant","floor":25.0,"turns":4.0},{"damage":1.0,"enemies":"Centurion and Healer","floor":29.0,"turns":5.0},{"damage":0.0,"enemies":"3 Cultists","floor":31.0,"turns":3.0},{"damage":12.0,"enemies":"Collector","floor":33.0,"turns":5.0},{"damage":0.0,"enemies":"Orb Walker","floor":35.0,"turns":3.0},{"damage":4.0,"enemies":"3 Shapes","floor":38.0,"turns":4.0},{"damage":9,"enemies":"Writhing Mass","floor":39,"turns":4},{"damage":0,"enemies":"Nemesis","floor":40,"turns":3},{"damage":0,"enemies":"Jaw Worm Horde","floor":42,"turns":3},{"damage":0,"enemies":"Reptomancer","floor":44,"turns":4},{"damage":0,"enemies":"3 Darklings","floor":46,"turns":3},{"damage":7,"enemies":"Sphere and 2 Shapes","floor":48,"turns":3},{"damage":40,"enemies":"Donu and Deca","floor":50,"turns":6},{"damage":22,"enemies":"Shield and Spear","floor":54,"turns":4},{"damage":74,"enemies":"The Heart","floor":55,"turns":6}],"seed_played":"7010587028572164160","potions_obtained":[{"floor":3.0,"key":"Weak Potion"},{"floor":10.0,"key":"Regen Potion"},{"floor":12.0,"key":"Regen Potion"},{"floor":16.0,"key":"BloodPotion"},{"floor":18.0,"key":"Strength Potion"},{"floor":22.0,"key":"EntropicBrew"},{"floor":31.0,"key":"Strength Potion"},{"floor":42,"key":"BloodPotion"}],"is_trial":false,"path_per_floor":["M","?","M","?","?","R","E","$","T","E","?","E","R","M","R","B",null,"M","?","?","$","M","R","E","M","T","?","$","M","?","M","R","B",null,"M","?","T","M","M","E","T","M","T","E","$","M","R","M","R","B",null,"R","$","E","B",null],"character_chosen":"IRONCLAD","items_purchased":["Incense Burner","Matryoshka","DollysMirror","Bag of Preparation"],"campfire_rested":0,"item_purchase_floors":[8,21,45,45],"current_hp_per_floor":[80,80,80,80,80,80,50,50,50,42,42,40,40,44,44,75,80,78,78,78,78,75,75,61,71,71,71,71,80,64,75,75,79,80,80,76,76,76,76,76,76,76,76,86,86,86,86,86,86,52,86,86,86,75,26],"gold":96,"neow_bonus":"RANDOM_COMMON_RELIC","is_prod":false,"is_daily":false,"chose_seed":false,"campfire_upgraded":7,"win_rate":0,"timestamp":1555246406,"path_taken":["M","?","?","?","?","R","E","$","T","E","?","E","R","M","R","BOSS","M","?","?","$","M","R","E","?","T","?","?","M","?","M","R","BOSS","M","?","?","M","?","E","?","?","T","E","$","M","R","M","R","BOSS","R","$","E","BOSS"],"build_version":"2019-01-23","purchased_purges":3,"victory":true,"max_hp_per_floor":[80,80,80,80,80,80,80,80,80,80,80,80,80,80,80,80,80,80,80,80,80,80,80,80,80,80,80,80,80,80,80,80,80,80,80,76,76,76,76,76,76,76,76,86,86,86,86,86,86,86,86,86,86,86,86],"card_choices":[{"not_picked":["True Grit","Iron Wave"],"picked":"Thunderclap","floor":1.0},{"not_picked":["Pommel Strike","Thunderclap"],"picked":"Shockwave","floor":3.0},{"not_picked":["Armaments","Perfected Strike"],"picked":"Inflame","floor":7.0},{"not_picked":["Armaments","Perfected Strike"],"picked":"Clash","floor":10.0},{"not_picked":["Dark Embrace","Shrug It Off","Body Slam"],"picked":"SKIP","floor":12.0},{"not_picked":["Reckless Charge","Bloodletting"],"picked":"Sword Boomerang","floor":14.0},{"not_picked":["Dark Embrace","Juggernaut"],"picked":"Impervious","floor":16.0},{"not_picked":["Rage","Thunderclap","Flame Barrier+1"],"picked":"SKIP","floor":18.0},{"not_picked":["Burning Pact","Armaments"],"picked":"Rampage","floor":22.0},{"not_picked":["Hemokinesis","Ghostly Armor+1","Sentinel"],"picked":"SKIP","floor":24.0},{"not_picked":["Body Slam+1","True Grit"],"picked":"Battle Trance","floor":25.0},{"not_picked":["Sword Boomerang","Rupture","Hemokinesis+1"],"picked":"SKIP","floor":29.0},{"not_picked":["Ghostly Armor","Thunderclap+1"],"picked":"Bludgeon","floor":31.0},{"not_picked":["Dark Embrace","Immolate"],"picked":"Limit Break","floor":33.0},{"not_picked":["Thunderclap+1"],"picked":"SKIP","floor":35.0},{"not_picked":[],"picked":"Cleave+1","floor":38.0},{"not_picked":[],"picked":"Heavy Blade","floor":39},{"not_picked":["Metallicize"],"picked":"SKIP","floor":40},{"not_picked":["Entrench+1"],"picked":"SKIP","floor":42},{"not_picked":["Hemokinesis+1","Flame Barrier+1"],"picked":"SKIP","floor":44},{"not_picked":["Entrench+1","Iron Wave"],"picked":"SKIP","floor":46},{"not_picked":["True Grit+1"],"picked":"Infernal Blade+1","floor":48},{"not_picked":["Metallicize+1"],"picked":"Heavy Blade","floor":54}],"player_experience":830954,"relics_obtained":[{"floor":7.0,"key":"The Courier"},{"floor":9.0,"key":"Pantograph"},{"floor":10.0,"key":"War Paint"},{"floor":12.0,"key":"Tiny Chest"},{"floor":24.0,"key":"Letter Opener"},{"floor":26.0,"key":"Vajra"},{"floor":26.0,"key":"Calipers"},{"floor":30.0,"key":"Enchiridion"},{"floor":37.0,"key":"Art of War"},{"floor":40,"key":"Peace Pipe"},{"floor":41,"key":"Shuriken"},{"floor":43,"key":"Question Card"},{"floor":44,"key":"Pear"},{"floor":54,"key":"Red Skull"}],"event_choices":[{"cards_removed":["Thunderclap"],"damage_healed":0.0,"max_hp_gain":0.0,"max_hp_loss":0.0,"gold_gain":0.0,"event_name":"WeMeetAgain","player_choice":"Gave Card","floor":2.0,"gold_loss":0.0,"damage_taken":0.0,"relics_obtained":["Orichalcum"]},{"damage_healed":0.0,"max_hp_gain":0.0,"max_hp_loss":0.0,"gold_gain":0.0,"event_name":"Golden Idol","player_choice":"Take Wound","floor":4.0,"gold_loss":0.0,"damage_taken":0.0,"relics_obtained":["Golden Idol"],"cards_obtained":["Injury"]},{"damage_healed":0.0,"max_hp_gain":0.0,"max_hp_loss":0.0,"gold_gain":175.0,"event_name":"Liars Game","player_choice":"AGREE","floor":5.0,"gold_loss":0.0,"damage_taken":0.0,"cards_obtained":["Doubt"]},{"damage_healed":0.0,"max_hp_gain":0.0,"max_hp_loss":0.0,"gold_gain":0.0,"event_name":"Living Wall","player_choice":"Grow","floor":11.0,"gold_loss":0.0,"damage_taken":0.0,"cards_upgraded":["Inflame"]},{"damage_healed":0.0,"max_hp_gain":0.0,"max_hp_loss":0.0,"gold_gain":0.0,"event_name":"Forgotten Altar","player_choice":"Gave Idol","floor":19.0,"relics_lost":["Golden Idol"],"gold_loss":0.0,"damage_taken":0.0,"relics_obtained":["Bloody Idol"]},{"damage_healed":0.0,"max_hp_gain":0.0,"max_hp_loss":0.0,"gold_gain":0.0,"event_name":"Upgrade Shrine","player_choice":"Upgraded","floor":20.0,"gold_loss":0.0,"damage_taken":0.0,"cards_upgraded":["Impervious"]},{"damage_healed":0.0,"max_hp_gain":0.0,"max_hp_loss":0.0,"gold_gain":0.0,"event_name":"Ghosts","player_choice":"Ignored","floor":27.0,"gold_loss":0.0,"damage_taken":0.0},{"damage_healed":0.0,"max_hp_gain":0.0,"max_hp_loss":0.0,"gold_gain":0.0,"event_name":"Cursed Tome","player_choice":"Obtained Book","floor":30.0,"gold_loss":0.0,"damage_taken":16.0},{"damage_healed":0.0,"max_hp_gain":0.0,"max_hp_loss":4.0,"gold_gain":0.0,"event_name":"Winding Halls","player_choice":"Max HP","floor":36.0,"gold_loss":0.0,"damage_taken":0.0}],"is_beta":false,"boss_relics":[{"not_picked":["Mark of Pain","Black Blood"],"picked":"Coffee Dripper"},{"not_picked":["Snecko Eye","Fusion Hammer"],"picked":"Busted Crown"}],"items_purged_floors":[8,21,45],"is_endless":false,"potions_floor_spawned":[3,10,12,16,18,22,31,42,46],"ascension_level":0}