{"gold_per_floor":[116,129,79,98,115,115,142,159,186,202,127,127,137,155,155,155],"floor_reached":16,"playtime":999,"items_purged":["Strike_G"],"score":154,"play_id":"f8263530-4692-4a91-8ca0-f9b9b9894d24","local_time":"20191013012745","is_ascension_mode":true,"campfire_choices":[{"data":"Skewer","floor":6.0,"key":"SMITH"},{"floor":15,"key":"REST"}],"neow_cost":"NONE","seed_source_timestamp":11975069348703,"circlet_count":0,"master_deck":["Strike_G","Strike_G","Strike_G","Defend_G","Defend_G","Defend_G","Defend_G","Survivor","Neutralize","Tactician","Skewer+1","Dagger Throw","Calculated Gamble","Escape Plan","Well Laid Plans","Reflex","Venomology"],"special_seed":0,"relics":["Ring of the Snake","Happy Flower","Potion Belt"],"potions_floor_usage":[16,16,16],"damage_taken":[{"damage":0.0,"enemies":"Small Slimes","floor":1.0,"turns":4.0},{"damage":6.0,"enemies":"Jaw Worm","floor":2.0,"turns":6.0},{"damage":0.0,"enemies":"Cultist","floor":4.0,"turns":4.0},{"damage":1.0,"enemies":"Red Slaver","floor":5.0,"turns":4.0},{"damage":19.0,"enemies":"3 Sentries","floor":7.0,"turns":7.0},{"damage":0,"enemies":"Large Slime","floor":8,"turns":6},{"damage":14,"enemies":"Exordium Thugs","floor":10,"turns":4},{"damage":1,"enemies":"Blue Slaver","floor":13,"turns":3},{"damage":6,"enemies":"3 Louse","floor":14,"turns":3},{"damage":65,"enemies":"The Guardian","floor":16,"turns":16}],"seed_played":"-503098570605731861","potions_obtained":[{"floor":1.0,"key":"Regen Potion"},{"floor":5.0,"key":"PowerPotion"},{"floor":10,"key":"Block Potion"}],"is_trial":false,"path_per_floor":["M","M","?","M","M","R","E","M","T","M","$","?","M","M","R","B"],"character_chosen":"THE_SILENT","items_purchased":[],"campfire_rested":1,"item_purchase_floors":[],"current_hp_per_floor":[70,64,64,64,63,63,44,44,44,30,30,30,29,23,46,0],"gold":155,"neow_bonus":"TEN_PERCENT_HP_BONUS","is_prod":false,"is_daily":false,"chose_seed":false,"campfire_upgraded":1,"win_rate":0,"timestamp":1570897665,"path_taken":["M","M","?","M","M","R","E","M","T","M","$","?","?","M","R","BOSS"],"build_version":"2019-10-11","purchased_purges":1,"victory":false,"max_hp_per_floor":[77,77,77,77,77,77,77,77,77,77,77,77,77,77,77,77],"card_choices":[{"not_picked":["Dodge and Roll","Dagger Spray"],"picked":"Tactician","floor":1.0},{"not_picked":["Dodge and Roll","Poisoned Stab"],"picked":"Skewer","floor":2.0},{"not_picked":["Expertise","Flying Knee"],"picked":"Dagger Throw","floor":4.0},{"not_picked":["Endless Agony","Crippling Poison"],"picked":"Calculated Gamble","floor":5.0},{"not_picked":["Bane","Choke"],"picked":"Escape Plan","floor":7.0},{"not_picked":["Predator","Backflip"],"picked":"Well Laid Plans","floor":8},{"not_picked":["Prepared","Poisoned Stab"],"picked":"Reflex","floor":10},{"not_picked":["Flying Knee","Dagger Spray","Deflect"],"picked":"SKIP","floor":13},{"not_picked":["Outmaneuver","Blur"],"picked":"Venomology","floor":14}],"player_experience":593057,"relics_obtained":[{"floor":7.0,"key":"Happy Flower"},{"floor":9,"key":"Potion Belt"}],"event_choices":[{"cards_removed":["Defend_G"],"damage_healed":0.0,"max_hp_gain":0.0,"max_hp_loss":0.0,"gold_gain":0.0,"event_name":"The Cleric","player_choice":"Card Removal","floor":3.0,"gold_loss":50.0,"damage_taken":0.0},{"cards_removed":["Strike_G"],"damage_healed":0,"gold_gain":0,"player_choice":"Offered Basic","damage_taken":0,"max_hp_gain":0,"max_hp_loss":0,"event_name":"Bonfire Elementals","floor":12,"gold_loss":0}],"is_beta":true,"boss_relics":[],"items_purged_floors":[11],"is_endless":false,"potions_floor_spawned":[1,5,10],"killed_by":"The Guardian","ascension_level":9}