{"gold_per_floor":[117,117,117,129,144,144,36,61,61,61,77,77,90,100,100,172,172,182,182],"floor_reached":19,"playtime":546,"items_purged":[],"score":338,"play_id":"2aaddc8f-37c9-44e5-b567-7d651b1c241d","local_time":"20181206154507","is_ascension_mode":true,"campfire_choices":[{"data":"Streamline","floor":6,"key":"SMITH"},{"data":"Consume","floor":15,"key":"SMITH"}],"neow_cost":"NONE","seed_source_timestamp":76107417747954,"circlet_count":0,"master_deck":["AscendersBane","Strike_B","Strike_B","Strike_B","Strike_B","Defend_B","Defend_B","Defend_B","Defend_B","Zap","Dualcast","Capacitor","Streamline+1","Self Repair","Sunder","Conserve Battery","Machine Learning","Heatsinks","Consume+1","Biased Cognition","Ball Lightning"],"relics":["Cracked Core","NeowsBlessing","Torii","Dead Branch","Sundial","Cursed Key"],"potions_floor_usage":[8,11,19,19],"damage_taken":[{"damage":0,"enemies":"Jaw Worm","floor":1,"turns":1},{"damage":0,"enemies":"2 Louse","floor":4,"turns":1},{"damage":0,"enemies":"Cultist","floor":5,"turns":1},{"damage":8,"enemies":"Gremlin Nob","floor":8,"turns":3},{"damage":0,"enemies":"Large Slime","floor":11,"turns":5},{"damage":17,"enemies":"Exordium Wildlife","floor":13,"turns":4},{"damage":12,"enemies":"Looter","floor":14,"turns":3},{"damage":52,"enemies":"The Guardian","floor":16,"turns":11},{"damage":19,"enemies":"Spheric Guardian","floor":18,"turns":4},{"damage":32,"enemies":"Colosseum Slavers","floor":19,"turns":5},{"damage":17,"enemies":"Colosseum Nobs","floor":19,"turns":3}],"seed_played":"-6806590999122597604","potions_obtained":[{"floor":1,"key":"Strength Potion"},{"floor":3,"key":"Fire Potion"},{"floor":3,"key":"Block Potion"},{"floor":13,"key":"SteroidPotion"},{"floor":14,"key":"Block Potion"}],"is_trial":false,"path_per_floor":["M","?","?","M","M","R","$","E","T","?","M","T","M","M","R","B",null,"M","?"],"character_chosen":"DEFECT","items_purchased":["Sunder","Conserve Battery"],"campfire_rested":0,"item_purchase_floors":[7,7],"current_hp_per_floor":[64,69,69,69,69,69,69,68,68,68,75,75,65,60,60,15,61,49,7],"gold":182,"neow_bonus":"THREE_ENEMY_KILL","is_prod":false,"is_daily":false,"chose_seed":false,"campfire_upgraded":2,"win_rate":0,"timestamp":1544107507,"path_taken":["M","?","?","M","?","R","$","E","T","?","M","?","M","M","R","BOSS","M","?"],"build_version":"2018-12-06","purchased_purges":0,"victory":false,"max_hp_per_floor":[71,76,76,76,76,76,76,76,76,76,76,76,76,76,76,76,76,76,76],"card_choices":[{"not_picked":["Lockon","Beam Cell"],"picked":"Capacitor","floor":1},{"not_picked":["BootSequence","Redo"],"picked":"Streamline","floor":4},{"not_picked":["Stack","Conserve Battery"],"picked":"Self Repair","floor":5},{"not_picked":["Recycle","FTL"],"picked":"Machine Learning","floor":8},{"not_picked":["Steam","FTL"],"picked":"Heatsinks","floor":11},{"not_picked":["Streamline","Fusion"],"picked":"Consume","floor":13},{"not_picked":["Go for the Eyes","Ball Lightning","Sweeping Beam"],"picked":"SKIP","floor":14},{"not_picked":["Thunder Strike","Meteor Strike"],"picked":"Biased Cognition","floor":16},{"not_picked":["Rebound","Sweeping Beam"],"picked":"Ball Lightning","floor":18}],"player_experience":798806,"relics_obtained":[{"floor":8,"key":"Torii"},{"floor":9,"key":"Dead Branch"},{"floor":12,"key":"Sundial"}],"event_choices":[{"damage_healed":0,"gold_gain":0,"player_choice":"Donut","damage_taken":0,"max_hp_gain":5,"max_hp_loss":0,"event_name":"Big Fish","floor":2,"gold_loss":0},{"damage_healed":0,"gold_gain":0,"player_choice":"Got Potions","damage_taken":0,"max_hp_gain":0,"max_hp_loss":0,"event_name":"Lab","floor":3,"gold_loss":0},{"damage_healed":0,"gold_gain":0,"player_choice":"Leave","damage_taken":0,"max_hp_gain":0,"max_hp_loss":0,"event_name":"The Cleric","floor":10,"gold_loss":0},{"damage_healed":0,"gold_gain":0,"player_choice":"Fight","damage_taken":0,"max_hp_gain":0,"max_hp_loss":0,"event_name":"Colosseum","floor":19,"gold_loss":0},{"damage_healed":0,"gold_gain":0,"player_choice":"Fought Nobs","damage_taken":0,"max_hp_gain":0,"max_hp_loss":0,"event_name":"Colosseum","floor":19,"gold_loss":0}],"is_beta":true,"boss_relics":[{"not_picked":["Busted Crown","Empty Cage"],"picked":"Cursed Key"}],"items_purged_floors":[],"is_endless":false,"potions_floor_spawned":[1,5,13,14],"killed_by":"Colosseum Nobs","ascension_level":20}