{"gold_per_floor":[113,133,182,21,21,46,46,63,86,113,124,157,157,170,170,244,244,184,184,184,184,184,184,184,184,184,184,16,16,16,16,16,16,16,16,16,16,16,16,16,16],"floor_reached":41,"playtime":1044,"items_purged":[],"score":916,"play_id":"ecb1bd6e-260a-4a1d-8a1d-636d3b835cd9","local_time":"20190524175432","is_ascension_mode":true,"campfire_choices":[{"data":"Demon Form","floor":7.0,"key":"SMITH"},{"data":"Armaments","floor":13.0,"key":"SMITH"},{"data":"Flex","floor":15.0,"key":"SMITH"},{"floor":23.0,"key":"REST"},{"floor":32.0,"key":"REST"},{"data":"Berserk","floor":40,"key":"SMITH"}],"neow_cost":"NONE","seed_source_timestamp":103409134842607,"circlet_count":0,"master_deck":["AscendersBane","Strike_R+1","Strike_R+1","Strike_R+1","Strike_R+1","Strike_R+1","Defend_R+1","Bash","Thunderclap","Rampage","Demon Form+1","Flex+1","Armaments+1","Sword Boomerang","Limit Break+1","Pummel+1","RitualDagger","Reaper","Berserk+1"],"special_seed":0,"relics":["Burning Blood","NeowsBlessing","Red Skull","Bag of Marbles","PreservedInsect","Smiling Mask","Anchor","Ectoplasm","War Paint","Singing Bowl","Centennial Puzzle","Empty Cage"],"potions_floor_usage":[],"damage_taken":[{"damage":0.0,"enemies":"Cultist","floor":1.0,"turns":1.0},{"damage":0.0,"enemies":"2 Louse","floor":2.0,"turns":1.0},{"damage":0.0,"enemies":"3 Sentries","floor":6.0,"turns":1.0},{"damage":2.0,"enemies":"Jaw Worm","floor":8.0,"turns":3.0},{"damage":25.0,"enemies":"Lagavulin","floor":10.0,"turns":6.0},{"damage":17.0,"enemies":"Exordium Thugs","floor":11.0,"turns":5.0},{"damage":8.0,"enemies":"Gremlin Nob","floor":12.0,"turns":3.0},{"damage":10.0,"enemies":"Exordium Wildlife","floor":14.0,"turns":5.0},{"damage":23.0,"enemies":"Hexaghost","floor":16.0,"turns":7.0},{"damage":23.0,"enemies":"2 Thieves","floor":18.0,"turns":3.0},{"damage":12.0,"enemies":"3 Byrds","floor":19.0,"turns":5.0},{"damage":18.0,"enemies":"Snecko","floor":22.0,"turns":4.0},{"damage":25.0,"enemies":"Gremlin Leader","floor":24.0,"turns":3.0},{"damage":8.0,"enemies":"Shelled Parasite and Fungi","floor":25.0,"turns":4.0},{"damage":5.0,"enemies":"Chosen and Byrds","floor":27.0,"turns":3.0},{"damage":5.0,"enemies":"Centurion and Healer","floor":29.0,"turns":4.0},{"damage":6.0,"enemies":"Snake Plant","floor":30.0,"turns":2.0},{"damage":41.0,"enemies":"Collector","floor":33.0,"turns":5.0},{"damage":27.0,"enemies":"3 Darklings","floor":35.0,"turns":5.0},{"damage":6.0,"enemies":"Orb Walker","floor":38.0,"turns":3.0},{"damage":19,"enemies":"Nemesis","floor":41,"turns":4}],"seed_played":"-324762475885753539","potions_obtained":[{"floor":6.0,"key":"SkillPotion"},{"floor":10.0,"key":"SkillPotion"},{"floor":14.0,"key":"LiquidBronze"},{"floor":16.0,"key":"GamblersBrew"},{"floor":18.0,"key":"PowerPotion"},{"floor":22.0,"key":"SpeedPotion"},{"floor":27.0,"key":"Strength Potion"},{"floor":30.0,"key":"Ancient Potion"},{"floor":38.0,"key":"Ancient Potion"}],"is_trial":false,"path_per_floor":["M","M","T","$","$","E","R","M","T","E","M","E","R","M","R","B",null,"M","M","?","?","M","R","E","M","T","M","$","M","M","T","R","B",null,"M","?","$","M","?","R","E"],"character_chosen":"IRONCLAD","items_purchased":["Demon Form","Centennial Puzzle"],"campfire_rested":2,"item_purchase_floors":[4,28],"current_hp_per_floor":[74,75,75,75,75,75,75,75,75,56,45,43,43,39,39,22,62,45,39,39,33,21,43,24,22,22,25,25,28,30,30,54,19,66,62,50,50,52,52,52,40],"gold":16,"neow_bonus":"THREE_ENEMY_KILL","is_prod":false,"is_daily":false,"chose_seed":false,"campfire_upgraded":4,"win_rate":0,"timestamp":1558713272,"path_taken":["M","M","?","?","$","E","R","M","T","E","M","E","R","M","R","BOSS","M","?","?","?","M","R","E","M","T","M","$","M","?","?","R","BOSS","M","?","?","?","?","R","E"],"build_version":"2019-01-23","purchased_purges":0,"victory":false,"max_hp_per_floor":[75,75,75,75,75,75,75,75,75,75,75,75,75,75,75,75,75,75,75,75,75,75,75,75,75,75,77,77,79,81,81,81,81,81,83,83,83,85,85,85,85],"card_choices":[{"not_picked":["Wild Strike","Clothesline"],"picked":"Thunderclap","floor":1.0},{"not_picked":["Perfected Strike","Anger"],"picked":"Rampage","floor":2.0},{"not_picked":["Thunderclap","Dual Wield","Wild Strike"],"picked":"SKIP","floor":6.0},{"not_picked":["Thunderclap","Perfected Strike"],"picked":"Flex","floor":8.0},{"not_picked":["Perfected Strike","Fiend Fire"],"picked":"Armaments","floor":10.0},{"not_picked":["Shrug It Off","Havoc","Armaments"],"picked":"SKIP","floor":11.0},{"not_picked":["Infernal Blade","Entrench","Anger"],"picked":"SKIP","floor":12.0},{"not_picked":["Metallicize","Wild Strike"],"picked":"Sword Boomerang","floor":14.0},{"not_picked":["Impervious","Immolate"],"picked":"Limit Break","floor":16.0},{"not_picked":["Iron Wave","True Grit+1"],"picked":"Pummel+1","floor":18.0},{"not_picked":["Twin Strike","Second Wind","Shrug It Off"],"picked":"SKIP","floor":19.0},{"not_picked":["Warcry","Sword Boomerang","Fire Breathing"],"picked":"SKIP","floor":22.0},{"not_picked":["Body Slam","Demon Form","Flex"],"picked":"SKIP","floor":24.0},{"not_picked":["Intimidate","Carnage","Hemokinesis"],"picked":"SKIP","floor":25.0},{"not_picked":["Flame Barrier","Havoc","Flex"],"picked":"Singing Bowl","floor":27.0},{"not_picked":["Uppercut","Iron Wave","Clash"],"picked":"Singing Bowl","floor":29.0},{"not_picked":["Entrench","Rampage","Pommel Strike"],"picked":"Singing Bowl","floor":30.0},{"not_picked":["Exhume","Impervious"],"picked":"Reaper","floor":33.0},{"not_picked":["Dual Wield","Havoc","Wild Strike"],"picked":"Singing Bowl","floor":35.0},{"not_picked":["Sentinel","Perfected Strike","Warcry"],"picked":"Singing Bowl","floor":38.0}],"player_experience":894568,"relics_obtained":[{"floor":3.0,"key":"Red Skull"},{"floor":6.0,"key":"Bag of Marbles"},{"floor":9.0,"key":"PreservedInsect"},{"floor":10.0,"key":"Smiling Mask"},{"floor":12.0,"key":"Anchor"},{"floor":24.0,"key":"War Paint"},{"floor":26.0,"key":"Singing Bowl"}],"event_choices":[{"damage_healed":0.0,"max_hp_gain":0.0,"max_hp_loss":0.0,"gold_gain":0.0,"event_name":"Back to Basics","player_choice":"Simplicity","floor":20.0,"gold_loss":0.0,"damage_taken":0.0,"cards_upgraded":["Strike_R","Strike_R","Strike_R","Strike_R","Strike_R","Defend_R","Defend_R","Defend_R","Defend_R"]},{"damage_healed":0.0,"max_hp_gain":0.0,"max_hp_loss":0.0,"gold_gain":0.0,"event_name":"Nest","player_choice":"Joined the Cult","floor":21.0,"gold_loss":0.0,"damage_taken":6.0,"cards_obtained":["RitualDagger"]},{"damage_healed":0.0,"max_hp_gain":0.0,"max_hp_loss":0.0,"gold_gain":0.0,"event_name":"Wheel of Change","player_choice":"Damaged","floor":36.0,"gold_loss":0.0,"damage_taken":12.0},{"damage_healed":0,"gold_gain":0,"cards_transformed":["Defend_R"],"player_choice":"Transformed","damage_taken":0,"max_hp_gain":0,"max_hp_loss":0,"event_name":"Transmorgrifier","floor":39,"gold_loss":0,"cards_obtained":["Berserk"]}],"is_beta":false,"boss_relics":[{"not_picked":["Runic Pyramid","White Beast Statue"],"picked":"Ectoplasm"},{"not_picked":["Velvet Choker","Runic Cube"],"picked":"Empty Cage"}],"items_purged_floors":[],"is_endless":false,"potions_floor_spawned":[6,10,14,16,18,22,27,30,38],"killed_by":"Nemesis","ascension_level":20}