{"gold_per_floor":[111,125,50,100,113,140,140,169,169,188,188,36,47,74,74,74],"floor_reached":16,"playtime":273,"items_purged":[],"score":240,"play_id":"7a770b65-2fe2-44ae-9dd8-c1c3702edc3f","local_time":"20190408154606","is_ascension_mode":true,"campfire_choices":[{"data":"Flex","floor":7.0,"key":"SMITH"},{"floor":11.0,"key":"REST"},{"floor":15,"key":"REST"}],"neow_cost":"NONE","seed_source_timestamp":191805058541329,"circlet_count":0,"master_deck":["AscendersBane","Strike_R","Strike_R","Strike_R","Strike_R","Strike_R","Defend_R","Defend_R","Defend_R","Bash","Shockwave","Whirlwind","Flex+1","Carnage","Flex","Double Tap","Inflame"],"special_seed":0,"relics":["Burning Blood","NeowsBlessing","Boot","Pantograph","Self Forming Clay","Pen Nib"],"potions_floor_usage":[],"damage_taken":[{"damage":0.0,"enemies":"2 Louse","floor":1.0,"turns":1.0},{"damage":0.0,"enemies":"Small Slimes","floor":2.0,"turns":1.0},{"damage":0.0,"enemies":"Cultist","floor":5.0,"turns":1.0},{"damage":55.0,"enemies":"Lagavulin","floor":6.0,"turns":7.0},{"damage":32.0,"enemies":"Gremlin Nob","floor":8.0,"turns":4.0},{"damage":7.0,"enemies":"Lots of Slimes","floor":10.0,"turns":2.0},{"damage":4.0,"enemies":"Exordium Wildlife","floor":13.0,"turns":3.0},{"damage":32,"enemies":"Lagavulin","floor":14,"turns":5},{"damage":39,"enemies":"The Guardian","floor":16,"turns":6}],"seed_played":"-6633581026584071495","potions_obtained":[{"floor":1.0,"key":"FairyPotion"},{"floor":5.0,"key":"BloodPotion"},{"floor":8.0,"key":"Poison Potion"}],"is_trial":false,"path_per_floor":["M","M","?","?","M","E","R","E","T","M","R","$","M","E","R","B"],"character_chosen":"IRONCLAD","items_purchased":["Double Tap"],"campfire_rested":2,"item_purchase_floors":[12],"current_hp_per_floor":[74,75,75,75,75,26,26,7,7,13,35,35,37,11,33,19],"gold":74,"neow_bonus":"THREE_ENEMY_KILL","is_prod":false,"is_daily":false,"chose_seed":false,"campfire_upgraded":1,"win_rate":0,"timestamp":1554731166,"path_taken":["M","M","?","?","?","E","R","E","T","M","R","?","M","E","R","BOSS"],"build_version":"2019-01-23","purchased_purges":0,"victory":false,"max_hp_per_floor":[75,75,75,75,75,75,75,75,75,75,75,75,75,75,75,75],"card_choices":[{"not_picked":["Burning Pact","Clothesline"],"picked":"Shockwave","floor":1.0},{"not_picked":["Burning Pact","Sentinel"],"picked":"Whirlwind","floor":2.0},{"not_picked":["Bloodletting","True Grit"],"picked":"Flex","floor":5.0},{"not_picked":["Rage","Searing Blow"],"picked":"Carnage","floor":6.0},{"not_picked":["Clash","Carnage","Clothesline"],"picked":"SKIP","floor":8.0},{"not_picked":["Shrug It Off","True Grit"],"picked":"Flex","floor":10.0},{"not_picked":["Warcry","Evolve"],"picked":"Inflame","floor":13.0},{"not_picked":["Dual Wield","Dropkick","Whirlwind"],"picked":"SKIP","floor":14}],"player_experience":825284,"relics_obtained":[{"floor":6.0,"key":"Boot"},{"floor":8.0,"key":"Pantograph"},{"floor":9.0,"key":"Self Forming Clay"},{"floor":14,"key":"Pen Nib"}],"event_choices":[{"cards_removed":["Defend_R"],"damage_healed":0.0,"max_hp_gain":0.0,"max_hp_loss":0.0,"gold_gain":0.0,"event_name":"The Cleric","player_choice":"Card Removal","floor":3.0,"gold_loss":75.0,"damage_taken":0.0},{"damage_healed":0.0,"max_hp_gain":0.0,"max_hp_loss":0.0,"gold_gain":50.0,"event_name":"Golden Shrine","player_choice":"Pray","floor":4.0,"gold_loss":0.0,"damage_taken":0.0}],"is_beta":false,"boss_relics":[],"items_purged_floors":[],"is_endless":false,"potions_floor_spawned":[1,5,8],"killed_by":"The Guardian","ascension_level":20}