{"gold_per_floor":[118,129,141,155,167,167,198,198,198,208,224,254,125,157,157,233,233,246,246,257,31,46,71,71,84,107,107,138,138,170,170,170,243,243,260,272,7,21,38,38,54,84,84,100,100,135,135,135,135,135,135,135,135,50,81,81],"floor_reached":56,"playtime":4589,"items_purged":["Strike_R","Strike_R"],"score":1918,"play_id":"fd61fc38-d425-4e67-8f02-759b2335dfce","local_time":"20190518180041","is_ascension_mode":true,"campfire_choices":[{"data":"Uppercut","floor":6,"key":"SMITH"},{"data":"Juggernaut","floor":8,"key":"SMITH"},{"data":"Armaments","floor":15,"key":"SMITH"},{"floor":24,"key":"REST"},{"floor":27,"key":"REST"},{"floor":29,"key":"REST"},{"floor":32,"key":"REST"},{"data":"Barricade","floor":40,"key":"SMITH"},{"floor":45,"key":"REST"},{"floor":47,"key":"REST"},{"floor":49,"key":"RECALL"},{"data":"Entrench","floor":53,"key":"SMITH"}],"neow_cost":"NONE","seed_source_timestamp":21988148446959,"circlet_count":0,"master_deck":["AscendersBane","Strike_R","Strike_R","Strike_R","Defend_R","Defend_R","Defend_R","Defend_R","Bash","Pommel Strike","Anger","Corruption","Flame Barrier","Uppercut+1","Juggernaut+1","Ghostly Armor","Armaments+1","Impervious","Demon Form","Iron Wave","Juggernaut+1","Body Slam+1","Armaments","Exhume","Barricade+1","Shrug It Off+1","True Grit","Entrench+1","Shockwave","Entrench","Shrug It Off+1"],"relics":["Burning Blood","Vajra","Pantograph","Velvet Choker","DollysMirror","Dodecahedron","Bag of Preparation","Red Mask","Bag of Marbles","Calipers","Runic Pyramid","Centennial Puzzle","Letter Opener","Peace Pipe","Oddly Smooth Stone","Unceasing Top"],"potions_floor_usage":[7,16,18,28,33,42,46,55,56],"damage_taken":[{"damage":3,"enemies":"2 Louse","floor":1,"turns":3},{"damage":4,"enemies":"Jaw Worm","floor":2,"turns":4},{"damage":0,"enemies":"Small Slimes","floor":3,"turns":2},{"damage":24,"enemies":"Blue Slaver","floor":4,"turns":4},{"damage":2,"enemies":"3 Louse","floor":5,"turns":3},{"damage":22,"enemies":"Gremlin Nob","floor":7,"turns":4},{"damage":5,"enemies":"2 Fungi Beasts","floor":10,"turns":3},{"damage":1,"enemies":"Looter","floor":11,"turns":4},{"damage":18,"enemies":"3 Sentries","floor":14,"turns":7},{"damage":36,"enemies":"The Guardian","floor":16,"turns":9},{"damage":18,"enemies":"3 Byrds","floor":18,"turns":4},{"damage":15,"enemies":"Shell Parasite","floor":20,"turns":5},{"damage":12,"enemies":"Snake Plant","floor":22,"turns":4},{"damage":40,"enemies":"Slavers","floor":23,"turns":6},{"damage":34,"enemies":"Shelled Parasite and Fungi","floor":25,"turns":6},{"damage":27,"enemies":"Masked Bandits","floor":28,"turns":4},{"damage":18,"enemies":"Gremlin Leader","floor":30,"turns":7},{"damage":56,"enemies":"Champ","floor":33,"turns":11},{"damage":0,"enemies":"3 Shapes","floor":35,"turns":5},{"damage":6,"enemies":"Orb Walker","floor":36,"turns":4},{"damage":4,"enemies":"Jaw Worm Horde","floor":38,"turns":4},{"damage":0,"enemies":"Transient","floor":39,"turns":6},{"damage":26,"enemies":"Maw","floor":41,"turns":8},{"damage":58,"enemies":"Nemesis","floor":42,"turns":7},{"damage":8,"enemies":"Spire Growth","floor":44,"turns":5},{"damage":26,"enemies":"Giant Head","floor":46,"turns":9},{"damage":6,"enemies":"Time Eater","floor":50,"turns":14},{"damage":25,"enemies":"Donu and Deca","floor":51,"turns":10},{"damage":23,"enemies":"Shield and Spear","floor":55,"turns":7},{"damage":83,"enemies":"The Heart","floor":56,"turns":9}],"seed_played":"2232740870363540722","potions_obtained":[{"floor":1,"key":"Swift Potion"},{"floor":3,"key":"GamblersBrew"},{"floor":5,"key":"LiquidBronze"},{"floor":10,"key":"PowerPotion"},{"floor":14,"key":"Weak Potion"},{"floor":18,"key":"Dexterity Potion"},{"floor":28,"key":"SpeedPotion"},{"floor":30,"key":"SpeedPotion"},{"floor":33,"key":"BloodPotion"},{"floor":46,"key":"PowerPotion"},{"floor":55,"key":"GamblersBrew"}],"is_trial":false,"path_per_floor":["M","M","M","M","M","R","E","R","T","M","M","?","$","E","R","B",null,"M","?","M","$","M","E","R","M","T","R","?","R","E","T","R","B",null,"M","M","$","M","M","R","M","E","T","M","R","E","R","?","R","B","B",null,"R","$","E","B"],"character_chosen":"IRONCLAD","items_purchased":["Armaments","DollysMirror","Centennial Puzzle","Entrench"],"campfire_rested":6,"item_purchase_floors":[13,21,37,54],"current_hp_per_floor":[78,80,82,64,68,68,52,52,52,53,58,58,58,46,46,41,72,60,60,51,51,45,11,35,7,7,31,10,34,22,22,46,21,67,73,73,73,75,81,81,61,17,17,15,39,19,43,43,43,68,63,77,77,77,60,0],"gold":81,"neow_bonus":"TEN_PERCENT_HP_BONUS","is_prod":false,"is_daily":false,"chose_seed":false,"campfire_upgraded":5,"win_rate":0,"timestamp":1558195241,"path_taken":["M","M","M","M","M","R","E","R","T","M","M","?","$","E","R","BOSS","M","?","M","$","M","E","R","M","T","R","?","R","E","?","R","BOSS","M","M","$","M","M","R","M","E","T","M","R","E","R","?","R","BOSS","BOSS","R","$","E","BOSS"],"build_version":"2019-01-23","purchased_purges":2,"victory":false,"max_hp_per_floor":[82,82,82,82,82,82,82,82,82,82,82,82,82,82,82,82,82,82,82,82,82,82,82,82,82,82,82,82,82,82,82,82,82,82,82,82,82,82,82,82,82,82,82,82,82,82,82,82,82,82,82,82,82,82,82,82],"card_choices":[{"not_picked":["Intimidate","Bloodletting"],"picked":"Pommel Strike","floor":1},{"not_picked":["Warcry","Rupture"],"picked":"Anger","floor":2},{"not_picked":["Infernal Blade","Sword Boomerang"],"picked":"Corruption","floor":3},{"not_picked":["Shrug It Off","Heavy Blade"],"picked":"Flame Barrier","floor":4},{"not_picked":["Power Through","Sword Boomerang"],"picked":"Uppercut","floor":5},{"not_picked":["Flame Barrier","Wild Strike"],"picked":"Juggernaut","floor":7},{"not_picked":["Heavy Blade","Warcry"],"picked":"Ghostly Armor","floor":10},{"not_picked":["Sever Soul","Shrug It Off"],"picked":"Inflame","floor":11},{"not_picked":["Fire Breathing","Clash"],"picked":"Impervious","floor":14},{"not_picked":["Dark Embrace","Feed"],"picked":"Demon Form","floor":16},{"not_picked":["Flex+1","Anger","Armaments+1"],"picked":"SKIP","floor":18},{"not_picked":["Heavy Blade","Headbutt"],"picked":"Iron Wave","floor":20},{"not_picked":["Blood for Blood","Inflame","Wild Strike"],"picked":"SKIP","floor":22},{"not_picked":["Disarm","Power Through"],"picked":"Body Slam+1","floor":23},{"not_picked":["Sword Boomerang","Iron Wave"],"picked":"Armaments","floor":25},{"not_picked":["Clothesline+1","Carnage"],"picked":"Exhume","floor":28},{"not_picked":["Whirlwind","Reckless Charge","Rampage"],"picked":"SKIP","floor":30},{"not_picked":["Double Tap","Berserk"],"picked":"Barricade","floor":33},{"not_picked":["Flame Barrier","Iron Wave+1"],"picked":"Shrug It Off+1","floor":35},{"not_picked":["Twin Strike","Clothesline"],"picked":"True Grit","floor":36},{"not_picked":["Rupture","Double Tap","Pommel Strike"],"picked":"SKIP","floor":38},{"not_picked":["Anger+1","Perfected Strike","Headbutt"],"picked":"SKIP","floor":39},{"not_picked":["Havoc","Infernal Blade","Armaments"],"picked":"SKIP","floor":41},{"not_picked":["Thunderclap","Armaments","Pummel"],"picked":"SKIP","floor":42},{"not_picked":["Armaments","Flex"],"picked":"Entrench","floor":44},{"not_picked":["Limit Break","Anger"],"picked":"Shockwave","floor":46},{"not_picked":["Twin Strike","Armaments"],"picked":"Shrug It Off+1","floor":55}],"player_experience":884576,"relics_obtained":[{"floor":7,"key":"Vajra"},{"floor":14,"key":"Pantograph"},{"floor":23,"key":"Dodecahedron"},{"floor":26,"key":"Bag of Preparation"},{"floor":28,"key":"Red Mask"},{"floor":30,"key":"Bag of Marbles"},{"floor":31,"key":"Calipers"},{"floor":42,"key":"Letter Opener"},{"floor":43,"key":"Peace Pipe"},{"floor":46,"key":"Oddly Smooth Stone"},{"floor":55,"key":"Unceasing Top"}],"event_choices":[{"damage_healed":0,"gold_gain":30,"player_choice":"Searched \u00271\u0027 times","damage_taken":0,"max_hp_gain":0,"max_hp_loss":0,"event_name":"Dead Adventurer","floor":12,"gold_loss":0},{"damage_healed":0,"gold_gain":0,"player_choice":"Ignored","damage_taken":0,"max_hp_gain":0,"max_hp_loss":0,"event_name":"Ghosts","floor":19,"gold_loss":0},{"damage_healed":0,"gold_gain":0,"player_choice":"Fought Bandits","damage_taken":0,"max_hp_gain":0,"max_hp_loss":0,"event_name":"Masked Bandits","floor":28,"gold_loss":0},{"cards_removed":["Inflame"],"damage_healed":0,"gold_gain":0,"player_choice":"Removed Power","damage_taken":0,"max_hp_gain":0,"max_hp_loss":0,"event_name":"Falling","floor":48,"gold_loss":0}],"is_beta":false,"boss_relics":[{"not_picked":["Tiny House","White Beast Statue"],"picked":"Velvet Choker"},{"not_picked":["Coffee Dripper","Black Star"],"picked":"Runic Pyramid"}],"items_purged_floors":[13,37],"is_endless":false,"potions_floor_spawned":[1,3,5,10,14,18,28,30,33,35,38,41,46,55],"killed_by":"The Heart","ascension_level":20}