{"path_per_floor":["M","M","?","M","M","E","R","$","T","E","M","M","$","M","R","B",null,"M","$","?","?","?","E","R","M","T","R","?","M","M","?","R","B",null,"M","?","M","?","M","R","?","R","T","M","R","E","?","$","R","B"],"character_chosen":"DEFECT","items_purchased":["Mummified Hand","Capacitor","Leap","Bronze Scales","Capacitor","Static Discharge"],"gold_per_floor":[117,133,308,324,339,371,371,42,88,120,136,149,77,96,96,200,200,211,5,5,5,5,34,34,44,69,69,69,80,91,91,91,188,188,207,0,20,20,37,37,37,37,37,56,56,87,87,11,11,11],"floor_reached":51,"campfire_rested":1,"playtime":2750,"current_hp_per_floor":[70,69,69,72,71,66,66,66,66,59,59,63,63,64,64,37,75,75,75,75,75,75,64,64,64,64,64,64,70,65,65,65,44,75,63,63,43,33,33,33,33,33,33,34,71,75,66,66,66,53],"items_purged":["Doubt"],"gold":11,"score":705,"play_id":"3ac03072-c04c-4caa-8520-43f42af787fc","local_time":"20180506142938","is_prod":false,"is_daily":false,"chose_seed":false,"is_ascension_mode":false,"campfire_upgraded":8,"timestamp":1525609778,"path_taken":["M","M","?","M","M","E","R","$","T","E","M","M","$","M","R","BOSS","M","$","?","?","?","E","R","M","T","R","?","?","?","?","R","BOSS","M","?","M","?","M","R","?","R","T","?","R","E","?","$","R","BOSS"],"build_version":"2018-05-03","seed_source_timestamp":770645061315987,"purchased_purges":1,"victory":true,"master_deck":["Strike_B","Strike_B","Strike_B","Defend_B","Defend_B","Defend_B","Defend_B","Zap","Dualcast","Sweeping Beam","Self Repair","Streamline+1","Lockon","Redo","Static Discharge+1","Go for the Eyes","Capacitor+1","Leap","Consume+1","Thunder Strike","Buffer+1","Capacitor+1","Capacitor+1","Static Discharge+1","Force Field","Thunder Strike","BootSequence","Buffer+1","Bandage Up","Skim+1","Madness","Madness","Static Discharge+1"],"max_hp_per_floor":[75,75,75,75,75,75,75,75,75,75,75,75,75,75,75,75,75,75,75,75,75,75,75,75,75,75,75,75,75,75,75,75,75,75,75,75,75,75,75,75,75,75,75,75,75,75,75,75,75,75],"relics":["Cracked Core","Oddly Smooth Stone","Cables","Mummified Hand","Orichalcum","Vajra","Lizard Tail","Bronze Scales","Gambling Chip","Regal Pillow","Philosopher\u0027s Stone","Red Mask","Omamori","Dream Catcher"],"card_choices":[{"not_picked":["Stack","Skim"],"picked":"Sweeping Beam","floor":1},{"not_picked":["Impulse","Go for the Eyes"],"picked":"Self Repair","floor":2},{"not_picked":["Skim","Doom and Gloom"],"picked":"Streamline","floor":4},{"not_picked":["Sunder","Aggregate"],"picked":"Lockon","floor":6},{"not_picked":["Rip and Tear","Genetic Algorithm"],"picked":"Redo","floor":10},{"not_picked":["Axe Kick","Go for the Eyes"],"picked":"Static Discharge","floor":11},{"not_picked":["Rebound","Doom and Gloom"],"picked":"Go for the Eyes","floor":12},{"not_picked":["Barrage","White Noise"],"picked":"Consume","floor":14},{"not_picked":["Fusion","Nova"],"picked":"Thunder Strike","floor":16},{"not_picked":["Impulse","Self Repair"],"picked":"Buffer","floor":18},{"not_picked":["Chaos","Axe Kick"],"picked":"Force Field","floor":30},{"not_picked":["Rainbow","Nova"],"picked":"Thunder Strike","floor":33},{"not_picked":["FTL","Double Energy"],"picked":"BootSequence","floor":35},{"not_picked":["Doom and Gloom","Storm"],"picked":"Buffer","floor":37},{"not_picked":["Jack Of All Trades","Mind Blast"],"picked":"Bandage Up","floor":38},{"not_picked":["Barrage","Capacitor"],"picked":"Skim","floor":44}],"player_experience":75365,"potions_floor_usage":[6,6,23,23,33,33,35,50,50],"damage_taken":[{"damage":5,"enemies":"Jaw Worm","floor":1,"turns":4},{"damage":1,"enemies":"2 Louse","floor":2,"turns":2},{"damage":4,"enemies":"Small Slimes","floor":4,"turns":4},{"damage":8,"enemies":"Looter","floor":5,"turns":4},{"damage":12,"enemies":"Lagavulin","floor":6,"turns":6},{"damage":14,"enemies":"3 Sentries","floor":10,"turns":5},{"damage":7,"enemies":"Red Slaver","floor":11,"turns":2},{"damage":3,"enemies":"2 Fungi Beasts","floor":12,"turns":3},{"damage":6,"enemies":"Large Slime","floor":14,"turns":4},{"damage":34,"enemies":"Hexaghost","floor":16,"turns":6},{"damage":0,"enemies":"Chosen","floor":18,"turns":5},{"damage":18,"enemies":"Gremlin Leader","floor":23,"turns":6},{"damage":0,"enemies":"Spheric Guardian","floor":25,"turns":3},{"damage":1,"enemies":"Cultist and Chosen","floor":29,"turns":5},{"damage":12,"enemies":"Centurion and Healer","floor":30,"turns":6},{"damage":73,"enemies":"Collector","floor":33,"turns":8},{"damage":19,"enemies":"Flame Bruiser 1 Orb","floor":35,"turns":5},{"damage":27,"enemies":"3 Darklings","floor":37,"turns":4},{"damage":0,"enemies":"Spire Growth","floor":39,"turns":4},{"damage":10,"enemies":"Maw","floor":44,"turns":5},{"damage":0,"enemies":"Giant Head","floor":46,"turns":7},{"damage":24,"enemies":"Donu and Deca","floor":50,"turns":5}],"event_choices":[{"event_name":"Liars Game","player_choice":"agreed","floor":3,"damage_taken":0},{"event_name":"Purifier","player_choice":"One Purge","floor":20,"damage_taken":0},{"event_name":"Duplicator","player_choice":"One dupe","floor":21,"damage_taken":0},{"event_name":"The Library","player_choice":"Read","floor":22,"damage_taken":0},{"event_name":"Ghosts","player_choice":"Ignored","floor":28,"damage_taken":0},{"event_name":"Cursed Tome","player_choice":"Ignored","floor":31,"damage_taken":0},{"event_name":"Tomb of Lord Red Mask","player_choice":"Paid","floor":36,"damage_taken":0},{"event_name":"SensoryStone","player_choice":"Memory 3","floor":38,"damage_taken":0},{"event_name":"Mysterious Sphere","player_choice":"Ignore","floor":41,"damage_taken":0},{"event_name":"Winding Halls","player_choice":"Embrace Madness","floor":47,"damage_taken":0}],"boss_relics":[{"not_picked":["Astrolabe","White Beast Statue"],"picked":"Lizard Tail"},{"not_picked":["Runic Dome","Inserter"],"picked":"Philosopher\u0027s Stone"}],"potions_floor_spawned":[1,5,6,14,25,30,33,37,44],"seed_played":"6268448185889548592","ascension_level":0,"is_trial":false}