{"gold_per_floor":[213,213,213,48,67,67,79,90,115,127,202,202,202,216,216,288,288,303,303],"floor_reached":19,"playtime":396,"items_purged":[],"score":318,"play_id":"579e14a2-acc5-443c-abc7-c79ab39a76df","local_time":"20181210142332","is_ascension_mode":true,"campfire_choices":[{"data":"Defragment","floor":6,"key":"SMITH"},{"floor":13,"key":"REST"},{"data":"Capacitor","floor":15,"key":"SMITH"}],"neow_cost":"NONE","seed_source_timestamp":11411687479155,"circlet_count":0,"master_deck":["AscendersBane","Strike_B","Strike_B","Defend_B","Defend_B","Defend_B","Defend_B","Zap","Dualcast","BootSequence","Static Discharge","Defragment+1","Steam","Leap","White Noise","Capacitor+1","Ball Lightning","Glacier","Thunder Strike","Fusion"],"relics":["Cracked Core","Boot","Nuclear Battery"],"potions_floor_usage":[18,19],"damage_taken":[{"damage":11,"enemies":"2 Louse","floor":1,"turns":2},{"damage":0,"enemies":"Jaw Worm","floor":5,"turns":4},{"damage":0,"enemies":"Cultist","floor":7,"turns":4},{"damage":12,"enemies":"Large Slime","floor":8,"turns":4},{"damage":1,"enemies":"Looter","floor":10,"turns":3},{"damage":0,"enemies":"Blue Slaver","floor":14,"turns":3},{"damage":28,"enemies":"The Guardian","floor":16,"turns":12},{"damage":24,"enemies":"3 Byrds","floor":18,"turns":4},{"damage":55,"enemies":"Masked Bandits","floor":19,"turns":3}],"seed_played":"-1397231573567143816","potions_obtained":[{"floor":1,"key":"Regen Potion"},{"floor":14,"key":"Swift Potion"},{"floor":16,"key":"PowerPotion"}],"is_trial":false,"path_per_floor":["M","?","?","$","M","R","M","M","T","M","?","?","R","M","R","B",null,"M","?"],"character_chosen":"DEFECT","items_purchased":["Defragment","Steam","Leap"],"campfire_rested":1,"item_purchase_floors":[4,4,4],"current_hp_per_floor":[53,53,53,53,53,53,53,41,41,40,29,29,50,50,50,22,59,35,0],"gold":303,"neow_bonus":"HUNDRED_GOLD","is_prod":false,"is_daily":false,"chose_seed":false,"campfire_upgraded":2,"win_rate":0,"timestamp":1544448212,"path_taken":["M","?","?","$","M","R","M","?","T","M","?","?","R","M","R","BOSS","M","?"],"build_version":"2018-12-06","purchased_purges":0,"victory":false,"max_hp_per_floor":[71,71,71,71,71,71,71,71,71,71,71,71,71,71,71,71,71,71,71],"card_choices":[{"not_picked":["Steam Power","Ball Lightning"],"picked":"BootSequence","floor":1},{"not_picked":["Skim","Conserve Battery"],"picked":"White Noise","floor":5},{"not_picked":["Barrage","Double Energy"],"picked":"Capacitor","floor":7},{"not_picked":["Cold Snap","Scrape"],"picked":"Ball Lightning","floor":8},{"not_picked":["Coolheaded","Rebound"],"picked":"Glacier","floor":10},{"not_picked":["Rebound","Rip and Tear","Steam"],"picked":"SKIP","floor":14},{"not_picked":["Meteor Strike","Core Surge"],"picked":"Thunder Strike","floor":16},{"not_picked":["Go for the Eyes","Barrage"],"picked":"Fusion","floor":18}],"player_experience":806836,"relics_obtained":[{"floor":9,"key":"Boot"}],"event_choices":[{"cards_removed":["Strike_B"],"damage_healed":0,"gold_gain":0,"player_choice":"Forget","damage_taken":0,"max_hp_gain":0,"max_hp_loss":0,"event_name":"Living Wall","floor":2,"gold_loss":0},{"damage_healed":0,"gold_gain":0,"cards_transformed":["Strike_B"],"player_choice":"Transformed","damage_taken":0,"max_hp_gain":0,"max_hp_loss":0,"event_name":"Transmorgrifier","floor":3,"gold_loss":0,"cards_obtained":["Static Discharge"]},{"damage_healed":0,"gold_gain":75,"player_choice":"Gather Gold","damage_taken":11,"max_hp_gain":0,"max_hp_loss":0,"event_name":"World of Goop","floor":11,"gold_loss":0},{"damage_healed":0,"gold_gain":0,"player_choice":"Ignored","damage_taken":0,"max_hp_gain":0,"max_hp_loss":0,"event_name":"Golden Idol","floor":12,"gold_loss":0},{"damage_healed":0,"gold_gain":0,"player_choice":"Fought Bandits","damage_taken":0,"max_hp_gain":0,"max_hp_loss":0,"event_name":"Masked Bandits","floor":19,"gold_loss":0}],"is_beta":true,"boss_relics":[{"not_picked":["Tiny House","Astrolabe"],"picked":"Nuclear Battery"}],"items_purged_floors":[],"is_endless":false,"potions_floor_spawned":[1,14,16],"killed_by":"Masked Bandits","ascension_level":20}