{"gold_per_floor":[114,114,114,129,209,243,262,51,51,51,85,85,120,130,130,204,204],"floor_reached":17,"playtime":347,"items_purged":[],"score":396,"play_id":"926ff056-baed-45bf-989a-2f5582644802","local_time":"20181120010342","is_ascension_mode":true,"campfire_choices":[{"data":"1","floor":12,"key":"LIFT"},{"data":"2","floor":15,"key":"LIFT"}],"neow_cost":"NONE","seed_source_timestamp":48319065589597,"circlet_count":0,"master_deck":["AscendersBane","Defend_G","Defend_G","Defend_G","Defend_G","Defend_G","Strike_G","Strike_G","Strike_G","Strike_G","Strike_G","Survivor","Neutralize","Poisoned Stab","Dash","Terror","Cloak And Dagger","Envenom"],"relics":["Ring of the Snake","NeowsBlessing","Darkstone Periapt","TwistedFunnel","Girya","Torii","Bird Faced Urn","Coffee Dripper"],"potions_floor_usage":[11,13],"damage_taken":[{"damage":0,"enemies":"Small Slimes","floor":1,"turns":1},{"damage":0,"enemies":"Jaw Worm","floor":4,"turns":1},{"damage":0,"enemies":"Lagavulin","floor":6,"turns":1},{"damage":0,"enemies":"2 Louse","floor":7,"turns":3},{"damage":24,"enemies":"3 Sentries","floor":11,"turns":13},{"damage":6,"enemies":"Gremlin Nob","floor":13,"turns":3},{"damage":1,"enemies":"Blue Slaver","floor":14,"turns":3},{"damage":49,"enemies":"Hexaghost","floor":16,"turns":10}],"seed_played":"-7309908051875555059","potions_obtained":[{"floor":6,"key":"Regen Potion"},{"floor":7,"key":"FearPotion"},{"floor":11,"key":"FairyPotion"},{"floor":14,"key":"GamblersBrew"}],"is_trial":false,"path_per_floor":["M","?","?","M","?","E","M","$","T","T","E","R","E","M","R","B",null],"character_chosen":"THE_SILENT","items_purchased":["TwistedFunnel"],"campfire_rested":0,"item_purchase_floors":[8],"current_hp_per_floor":[59,59,64,64,64,64,64,64,64,64,55,55,49,48,48,7,55],"gold":204,"neow_bonus":"THREE_ENEMY_KILL","is_prod":false,"is_daily":false,"chose_seed":false,"campfire_upgraded":0,"win_rate":0,"timestamp":1542672222,"path_taken":["M","?","?","M","?","E","M","?","T","?","E","R","E","M","R","BOSS"],"build_version":"2018-11-15","purchased_purges":0,"victory":false,"max_hp_per_floor":[66,66,71,71,71,71,71,71,71,71,71,71,71,71,71,71,71],"card_choices":[{"not_picked":["Reflex","Blur"],"picked":"Poisoned Stab","floor":1},{"not_picked":["Dagger Throw","Cloak And Dagger"],"picked":"Dash","floor":4},{"not_picked":["Tactician","Escape Plan","Predator"],"picked":"SKIP","floor":6},{"not_picked":["Slice","Cloak And Dagger","Distraction"],"picked":"SKIP","floor":7},{"not_picked":["Underhanded Strike","Reflex","Acrobatics"],"picked":"SKIP","floor":11},{"not_picked":["Endless Agony","Infinite Blades"],"picked":"Terror","floor":13},{"not_picked":["Flechettes","Backflip"],"picked":"Cloak And Dagger","floor":14},{"not_picked":["Malaise","Corpse Explosion"],"picked":"Envenom","floor":16}],"player_experience":770271,"relics_obtained":[{"floor":6,"key":"Darkstone Periapt"},{"floor":10,"key":"Girya"},{"floor":11,"key":"Torii"},{"floor":13,"key":"Bird Faced Urn"}],"event_choices":[{"damage_healed":0,"gold_gain":0,"player_choice":"Ignored","damage_taken":0,"max_hp_gain":0,"max_hp_loss":0,"event_name":"Liars Game","floor":2,"gold_loss":0},{"damage_healed":0,"gold_gain":0,"player_choice":"Donut","damage_taken":0,"max_hp_gain":5,"max_hp_loss":0,"event_name":"Big Fish","floor":3,"gold_loss":0},{"damage_healed":0,"gold_gain":80,"player_choice":"Gained Gold","damage_taken":0,"max_hp_gain":0,"max_hp_loss":0,"event_name":"Golden Wing","floor":5,"gold_loss":0}],"is_beta":true,"boss_relics":[{"not_picked":["Velvet Choker","Lizard Tail"],"picked":"Coffee Dripper"}],"items_purged_floors":[],"is_endless":false,"potions_floor_spawned":[6,7,11,14],"ascension_level":20}