{"gold_per_floor":[109,128,72,72,86,86,104,104,128,128,141,141,66,78,78,151,151,151,151,21,21,0,0,0,0,0,0],"floor_reached":27,"playtime":748,"items_purged":["Strike_R","Strike_R"],"score":406,"play_id":"6c7e86c5-06eb-42b5-b5f0-3c131968a1c8","local_time":"20190330133535","is_ascension_mode":true,"campfire_choices":[{"data":"Body Slam","floor":6.0,"key":"SMITH"},{"data":"Shrug It Off","floor":10.0,"key":"SMITH"},{"data":"Ghostly Armor","floor":12.0,"key":"SMITH"},{"data":"Dual Wield","floor":15.0,"key":"SMITH"},{"data":"Body Slam","floor":23,"key":"SMITH"}],"neow_cost":"NONE","seed_source_timestamp":523028903577217,"circlet_count":0,"master_deck":["AscendersBane","Strike_R","Strike_R","Strike_R","Defend_R","Defend_R","Defend_R","Defend_R","Bash","Ghostly Armor+1","Bloodletting","Shrug It Off+1","Body Slam+1","Dual Wield+1","Barricade","Armaments","Body Slam+1","Battle Trance+1"],"special_seed":0,"relics":["Burning Blood","Bag of Marbles","Potion Belt","Ectoplasm","MutagenicStrength","Juzu Bracelet"],"potions_floor_usage":[22],"damage_taken":[{"damage":3.0,"enemies":"2 Louse","floor":1.0,"turns":3.0},{"damage":6.0,"enemies":"Jaw Worm","floor":2.0,"turns":5.0},{"damage":10.0,"enemies":"Small Slimes","floor":5.0,"turns":4.0},{"damage":13.0,"enemies":"3 Louse","floor":7.0,"turns":4.0},{"damage":0.0,"enemies":"Exordium Thugs","floor":11.0,"turns":5.0},{"damage":3.0,"enemies":"Blue Slaver","floor":14.0,"turns":3.0},{"damage":47.0,"enemies":"The Guardian","floor":16.0,"turns":18.0},{"damage":21.0,"enemies":"Shell Parasite","floor":18.0,"turns":4.0},{"damage":1,"enemies":"2 Thieves","floor":22,"turns":4},{"damage":22,"enemies":"Centurion and Healer","floor":25,"turns":8},{"damage":43,"enemies":"Chosen and Byrds","floor":27,"turns":3}],"seed_played":"-7175574593325619345","potions_obtained":[{"floor":5.0,"key":"Explosive Potion"},{"floor":7.0,"key":"SkillPotion"},{"floor":14.0,"key":"SkillPotion"},{"floor":22,"key":"Strength Potion"}],"is_trial":false,"path_per_floor":["M","M","$","?","M","R","M","?","T","R","M","R","$","M","R","B",null,"M","?","$","?","M","R","?","M","T","M"],"character_chosen":"IRONCLAD","items_purchased":["Shrug It Off","Armaments"],"campfire_rested":0,"item_purchase_floors":[3,20],"current_hp_per_floor":[78,78,78,78,74,74,67,41,41,41,47,47,47,50,50,9,64,49,49,49,49,54,54,54,38,38,0],"gold":0,"neow_bonus":"TEN_PERCENT_HP_BONUS","is_prod":false,"is_daily":false,"chose_seed":false,"campfire_upgraded":5,"win_rate":0,"timestamp":1553949335,"path_taken":["M","M","$","?","M","R","M","?","T","R","M","R","$","M","R","BOSS","M","?","$","?","M","R","?","M","T","M"],"build_version":"2019-01-23","purchased_purges":2,"victory":false,"max_hp_per_floor":[82,82,82,82,82,82,82,82,82,82,82,82,82,82,82,82,82,82,82,82,82,82,82,82,82,82,82],"card_choices":[{"not_picked":["Wild Strike","Clash"],"picked":"Ghostly Armor","floor":1.0},{"not_picked":["Reckless Charge","Thunderclap"],"picked":"Bloodletting","floor":2.0},{"not_picked":["Headbutt","Armaments"],"picked":"Body Slam","floor":5.0},{"not_picked":["Searing Blow","Second Wind","Intimidate"],"picked":"SKIP","floor":7.0},{"not_picked":["Clothesline","Cleave","Sever Soul"],"picked":"SKIP","floor":11.0},{"not_picked":["Perfected Strike","Iron Wave"],"picked":"Dual Wield","floor":14.0},{"not_picked":["Dark Embrace","Double Tap"],"picked":"Barricade","floor":16.0},{"not_picked":["Perfected Strike","Hemokinesis","Fire Breathing+1"],"picked":"SKIP","floor":18.0},{"not_picked":["Perfected Strike","Carnage+1"],"picked":"Battle Trance+1","floor":22},{"not_picked":["Cleave","True Grit","Pommel Strike"],"picked":"SKIP","floor":25}],"player_experience":815058,"relics_obtained":[{"floor":9.0,"key":"Potion Belt"},{"floor":26,"key":"Juzu Bracelet"}],"event_choices":[{"damage_healed":0.0,"max_hp_gain":0.0,"max_hp_loss":0.0,"gold_gain":0.0,"event_name":"Liars Game","player_choice":"Ignored","floor":4.0,"gold_loss":0.0,"damage_taken":0.0},{"damage_healed":0.0,"max_hp_gain":0.0,"max_hp_loss":0.0,"gold_gain":0.0,"event_name":"Scrap Ooze","player_choice":"Success","floor":8.0,"gold_loss":0.0,"damage_taken":26.0,"relics_obtained":["Bag of Marbles"]},{"damage_healed":0.0,"max_hp_gain":0.0,"max_hp_loss":0.0,"gold_gain":0.0,"event_name":"Beggar","player_choice":"Ignored","floor":19.0,"gold_loss":0.0,"damage_taken":0.0},{"damage_healed":0.0,"max_hp_gain":0.0,"max_hp_loss":0.0,"gold_gain":0.0,"event_name":"The Library","player_choice":"Read","floor":21.0,"gold_loss":0.0,"damage_taken":0.0,"cards_obtained":["Body Slam"]},{"damage_healed":0,"gold_gain":0,"player_choice":"Inject Mutagens","damage_taken":0,"relics_obtained":["MutagenicStrength"],"max_hp_gain":0,"max_hp_loss":0,"event_name":"Drug Dealer","floor":24,"gold_loss":0}],"is_beta":false,"boss_relics":[{"not_picked":["Runic Pyramid","Snecko Eye"],"picked":"Ectoplasm"}],"items_purged_floors":[13,20],"is_endless":false,"potions_floor_spawned":[5,7,14,22],"killed_by":"Chosen and Byrds","ascension_level":20}