{"gold_per_floor":[116,131,142,152,252,282,282,296,296,365,384,384,397,431,431,529,559,573,573,589,504,429,460,127,162,162,177,23,23,35,35,35,130,130,144,1143,1143,1158,61,61,87,100,123,123,123,138,184,214,214,214],"floor_reached":51,"playtime":3386,"items_purged":["Injury","Injury","Normality"],"score":1102,"play_id":"49e4d898-6adb-417e-b3cc-b5f30d119db2","local_time":"20180714220105","is_ascension_mode":true,"campfire_choices":[{"data":"Zap","floor":7,"key":"SMITH"},{"data":"Defragment","floor":12,"key":"SMITH"},{"data":"Streamline","floor":15,"key":"SMITH"},{"floor":29,"key":"REST"},{"data":"Apotheosis","floor":32,"key":"SMITH"},{"data":"Reboot","floor":40,"key":"SMITH"},{"floor":49,"key":"REST"}],"neow_cost":"NONE","seed_source_timestamp":122465510459293,"circlet_count":0,"master_deck":["Strike_B+1","Strike_B","Strike_B","Defend_B","Defend_B","Defend_B","Defend_B","Zap+1","Dualcast","Glacier","Go for the Eyes","Glacier","Conserve Battery","Streamline+1","Defragment+1","Gash","Gash","Reboot+1","Clumsy","Beam Cell","Meteor Strike+1","Leap+1","Beam Cell+1","Defragment+1","Bandage Up","Conserve Battery+1","Gash","Apotheosis+1","Fission","Conserve Battery+1","Normality","Bandage Up","Mayhem+1","Secret Weapon","Conserve Battery","Capacitor+1","Conserve Battery","Go for the Eyes+1","Sweeping Beam+1","Stack+1"],"relics":["Cracked Core","Pen Nib","Torii","Mercury Hourglass","Ancient Tea Set","Calling Bell","Tiny Chest","Frozen Egg 2","Thread and Needle","Symbiotic Virus","The Courier","Whetstone","Centennial Puzzle","Bronze Scales","Eternal Feather","Incense Burner","Pear","Membership Card","Art of War","DataDisk","Blood Vial","Orichalcum","Pantograph","Molten Egg 2","Unceasing Top","Lantern"],"potions_floor_usage":[6,23,41,41,42],"damage_taken":[{"damage":3,"enemies":"2 Louse","floor":1,"turns":2},{"damage":1,"enemies":"Cultist","floor":2,"turns":3},{"damage":6,"enemies":"Jaw Worm","floor":3,"turns":4},{"damage":0,"enemies":"Blue Slaver","floor":4,"turns":6},{"damage":9,"enemies":"3 Sentries","floor":6,"turns":8},{"damage":1,"enemies":"3 Louse","floor":8,"turns":3},{"damage":9,"enemies":"Exordium Wildlife","floor":11,"turns":5},{"damage":0,"enemies":"Exordium Thugs","floor":13,"turns":4},{"damage":1,"enemies":"Gremlin Nob","floor":14,"turns":3},{"damage":1,"enemies":"Hexaghost","floor":16,"turns":9},{"damage":0,"enemies":"Spheric Guardian","floor":18,"turns":3},{"damage":0,"enemies":"Chosen","floor":20,"turns":4},{"damage":54,"enemies":"Gremlin Leader","floor":23,"turns":8},{"damage":1,"enemies":"Book of Stabbing","floor":25,"turns":7},{"damage":7,"enemies":"Snake Plant","floor":27,"turns":3},{"damage":9,"enemies":"Sentry and Sphere","floor":30,"turns":4},{"damage":15,"enemies":"Champ","floor":33,"turns":7},{"damage":0,"enemies":"3 Shapes","floor":35,"turns":4},{"damage":1,"enemies":"Orb Walker","floor":38,"turns":4},{"damage":1,"enemies":"2 Orb Walkers","floor":41,"turns":5},{"damage":45,"enemies":"Transient","floor":42,"turns":5},{"damage":0,"enemies":"4 Shapes","floor":46,"turns":5},{"damage":11,"floor":47,"turns":6},{"damage":20,"enemies":"Giant Head","floor":48,"turns":10},{"damage":64,"enemies":"Time Eater","floor":50,"turns":16}],"seed_played":"-2874660548017491787","potions_obtained":[{"floor":1,"key":"SteroidPotion"},{"floor":3,"key":"LiquidBronze"},{"floor":6,"key":"SteroidPotion"},{"floor":11,"key":"Ancient Potion"},{"floor":20,"key":"SkillPotion"},{"floor":33,"key":"Swift Potion"},{"floor":35,"key":"Swift Potion"},{"floor":46,"key":"FearPotion"}],"is_trial":false,"path_per_floor":["M","M","M","M","?","E","R","M","T","?","M","R","M","E","R","B",null,"M","?","M","?","$","E","$","E","T","M","$","R","M","?","R","B",null,"M","?","?","M","$","R","E","M","T","T","T","M","?","E","R","B"],"character_chosen":"DEFECT","items_purchased":["Defragment+1","Bandage Up","Whetstone","Apotheosis","Capacitor+1","Incense Burner","Pear","Conserve Battery","Membership Card","Art of War","DataDisk"],"campfire_rested":2,"item_purchase_floors":[24,24,24,28,39,39,39,39,39,39,39],"current_hp_per_floor":[65,64,58,58,58,49,49,48,48,48,39,39,39,38,38,37,66,66,66,66,66,66,12,12,15,15,12,12,34,31,31,31,22,62,66,66,56,55,65,79,78,47,47,47,47,55,52,44,85,27],"gold":214,"neow_bonus":"RANDOM_COMMON_RELIC","is_prod":false,"is_daily":false,"chose_seed":false,"campfire_upgraded":5,"win_rate":0,"timestamp":1531598465,"path_taken":["M","M","M","M","?","E","R","M","T","?","M","R","M","E","R","BOSS","M","?","M","?","$","E","$","E","T","M","$","R","?","?","R","BOSS","M","?","?","M","$","R","E","M","T","?","?","?","?","E","R","BOSS"],"build_version":"2018-07-13","purchased_purges":3,"victory":true,"max_hp_per_floor":[75,75,75,75,75,75,75,75,75,75,75,75,75,75,75,75,75,75,75,75,75,75,75,75,75,75,75,75,75,75,75,75,75,75,75,75,75,75,85,85,85,85,85,85,85,85,85,85,85,85],"card_choices":[{"not_picked":["Cold Snap","Rip and Tear"],"picked":"Glacier","floor":1},{"not_picked":["Lockon","Storm","Compile Driver"],"picked":"SKIP","floor":2},{"not_picked":["Genetic Algorithm","Barrage"],"picked":"Go for the Eyes","floor":3},{"not_picked":["Sweeping Beam","Ball Lightning"],"picked":"Glacier","floor":4},{"not_picked":["Auto Shields","Storm"],"picked":"Conserve Battery","floor":6},{"not_picked":["Turbo","Loop"],"picked":"Streamline","floor":8},{"not_picked":["Streamline","Compile Driver"],"picked":"Defragment","floor":11},{"not_picked":["Redo","Hologram"],"picked":"Gash","floor":13},{"not_picked":["Go for the Eyes","Loop"],"picked":"Gash","floor":14},{"not_picked":["Rainbow","Seek"],"picked":"Reboot","floor":16},{"not_picked":["Coolheaded","Fusion"],"picked":"Beam Cell","floor":18},{"not_picked":["Chaos+1","Loop+1"],"picked":"Leap+1","floor":20},{"not_picked":["Undo","Steam"],"picked":"Beam Cell+1","floor":23},{"not_picked":["Rebound+1","Go for the Eyes"],"picked":"Conserve Battery+1","floor":25},{"not_picked":["Coolheaded","Hello World+1"],"picked":"Gash","floor":27},{"not_picked":["FTL","Coolheaded","Ball Lightning+1"],"picked":"SKIP","floor":30},{"not_picked":["Hyperbeam","Rainbow"],"picked":"Fission","floor":33},{"not_picked":["Leap","Cold Snap+1"],"picked":"Conserve Battery+1","floor":35},{"not_picked":["Purity","Finesse"],"picked":"Bandage Up","floor":37},{"not_picked":["PanicButton","Purity"],"picked":"Mayhem+1","floor":37},{"not_picked":["Good Instincts","Dramatic Entrance"],"picked":"Secret Weapon","floor":37},{"not_picked":["Barrage","Rebound"],"picked":"Conserve Battery","floor":38},{"not_picked":["Sweeping Beam","Scrape","Amplify"],"picked":"SKIP","floor":41},{"not_picked":["Steam Power+1","Recycle"],"picked":"Go for the Eyes+1","floor":42},{"not_picked":["Static Discharge+1","Redo","Steam"],"picked":"SKIP","floor":46},{"not_picked":["FTL+1","Blizzard+1"],"picked":"Sweeping Beam+1","floor":47},{"not_picked":["Loop+1","Capacitor+1"],"picked":"Stack+1","floor":48}],"player_experience":393241,"relics_obtained":[{"floor":6,"key":"Torii"},{"floor":9,"key":"Mercury Hourglass"},{"floor":14,"key":"Ancient Tea Set"},{"floor":17,"key":"Tiny Chest"},{"floor":17,"key":"Frozen Egg 2"},{"floor":17,"key":"Thread and Needle"},{"floor":23,"key":"The Courier"},{"floor":25,"key":"Centennial Puzzle"},{"floor":26,"key":"Bronze Scales"},{"floor":41,"key":"Blood Vial"},{"floor":43,"key":"Orichalcum"},{"floor":44,"key":"Pantograph"},{"floor":45,"key":"Molten Egg 2"},{"floor":47,"key":"Unceasing Top"},{"floor":48,"key":"Lantern"}],"event_choices":[{"event_name":"Golden Shrine","player_choice":"Pray","floor":5,"damage_taken":0},{"event_name":"Golden Wing","player_choice":"Gained Gold","floor":10,"damage_taken":0},{"event_name":"Transmorgrifier","player_choice":"Transform","floor":19,"damage_taken":0},{"event_name":"Addict","player_choice":"Obtained Relic","floor":21,"damage_taken":0},{"event_name":"Drug Dealer","player_choice":"Ignored","floor":31,"damage_taken":0},{"event_name":"MindBloom","player_choice":"Gold","floor":36,"damage_taken":0},{"event_name":"SensoryStone","player_choice":"Memory 3","floor":37,"damage_taken":0},{"event_name":"Mysterious Sphere","player_choice":"Fight","floor":47,"damage_taken":0}],"boss_relics":[{"not_picked":["Velvet Choker","Astrolabe"],"picked":"Calling Bell"},{"not_picked":["Black Star","Runic Dome"],"picked":"Eternal Feather"}],"items_purged_floors":[22,24,39],"is_endless":false,"potions_floor_spawned":[1,3,6,11,18,20,33,35,46],"ascension_level":7}