{"path_per_floor":["M","?","$","?","M","E","R","M","T","?","?","M","R","M","R","B",null,"M","$","?","M","M","R","?","M","T","M","M"],"character_chosen":"DEFECT","items_purchased":["Lockon","Lantern","Skim"],"gold_per_floor":[109,109,71,71,90,118,118,132,132,382,457,477,477,492,492,593,593,593,314,314,314,314,314,314,314,314,314,314,314],"floor_reached":29,"campfire_rested":0,"playtime":1153,"current_hp_per_floor":[75,60,60,60,60,60,60,60,60,60,49,37,37,37,37,8,75,74,74,74,73,53,53,53,47,47,46,32,0],"items_purged":["Regret"],"gold":314,"score":265,"play_id":"51fc831d-cece-4318-8409-099003221650","local_time":"20180506182141","is_prod":false,"is_daily":false,"chose_seed":false,"is_ascension_mode":true,"campfire_upgraded":4,"timestamp":1525623701,"path_taken":["M","?","$","?","M","E","R","M","T","?","?","M","R","M","R","BOSS","M","$","?","M","M","R","?","M","T","M","M","M"],"build_version":"2018-05-03","seed_source_timestamp":786175710036142,"purchased_purges":1,"victory":false,"master_deck":["Strike_B","Strike_B+1","Strike_B","Strike_B","Defend_B","Defend_B","Defend_B","Defend_B","Zap+1","Dualcast+1","Ball Lightning","Lockon","Capacitor+1","Ball Lightning","Streamline+1","Go for the Eyes","Storm+1","Fission","Self Repair+1","Skim","Leap","Ball Lightning","Sweeping Beam","Thunder Strike"],"max_hp_per_floor":[75,75,75,75,75,75,75,75,75,75,75,75,75,75,75,75,75,75,75,75,75,75,75,75,75,75,75,75,75],"relics":["Cracked Core","NeowsBlessing","Calipers","Torii","Ectoplasm","Lantern","Mummified Hand"],"card_choices":[{"not_picked":["Cold Snap","Beam Cell"],"picked":"Ball Lightning","floor":1},{"not_picked":["White Noise","Hologram"],"picked":"Capacitor","floor":5},{"not_picked":["Rip and Tear","White Noise"],"picked":"Ball Lightning","floor":6},{"not_picked":["Axe Kick","Reprogram"],"picked":"Streamline","floor":8},{"not_picked":["Rebound","Turbo"],"picked":"Go for the Eyes","floor":12},{"not_picked":["Turbo","Doom and Gloom"],"picked":"Storm","floor":14},{"not_picked":["Rainbow","Prime"],"picked":"Fission","floor":16},{"not_picked":["Chaos","Streamline"],"picked":"Self Repair","floor":18},{"not_picked":["Hello World","Scrape"],"picked":"Leap","floor":21},{"not_picked":["Melter","Steam Power"],"picked":"Ball Lightning","floor":22},{"not_picked":["Hologram","Genetic Algorithm"],"picked":"Sweeping Beam","floor":27},{"not_picked":["Sunder","Hologram"],"picked":"Thunder Strike","floor":28}],"player_experience":78115,"potions_floor_usage":[16,21,22,25,28],"damage_taken":[{"damage":0,"enemies":"Small Slimes","floor":1,"turns":1},{"damage":0,"enemies":"2 Louse","floor":5,"turns":1},{"damage":0,"enemies":"3 Sentries","floor":6,"turns":1},{"damage":0,"enemies":"Cultist","floor":8,"turns":2},{"damage":12,"enemies":"Looter","floor":12,"turns":3},{"damage":0,"enemies":"Large Slime","floor":14,"turns":4},{"damage":29,"enemies":"The Guardian","floor":16,"turns":9},{"damage":1,"enemies":"Chosen","floor":18,"turns":3},{"damage":11,"enemies":"Shell Parasite","floor":21,"turns":4},{"damage":30,"enemies":"Snecko","floor":22,"turns":5},{"damage":16,"enemies":"Centurion and Healer","floor":25,"turns":5},{"damage":11,"enemies":"Sentry and Sphere","floor":27,"turns":4},{"damage":24,"enemies":"3 Cultists","floor":28,"turns":5},{"damage":32,"enemies":"Slaver and Parasite","floor":29,"turns":3}],"event_choices":[{"event_name":"Shining Light","player_choice":"Entered Light","floor":2,"damage_taken":0},{"event_name":"Golden Wing","player_choice":"Ignored","floor":4,"damage_taken":0},{"event_name":"Golden Shrine","player_choice":"Desecrate","floor":10,"damage_taken":0},{"event_name":"World of Goop","player_choice":"Gather Gold","floor":11,"damage_taken":0},{"event_name":"Golden Shrine","player_choice":"Pray","floor":20,"damage_taken":0},{"event_name":"Drug Dealer","player_choice":"Ignored","floor":24,"damage_taken":0}],"boss_relics":[{"not_picked":["Runic Pyramid","Runic Dome"],"picked":"Ectoplasm"}],"potions_floor_spawned":[8,12,14,18,27],"seed_played":"1738118630194996452","killed_by":"Slaver and Parasite","ascension_level":1,"is_trial":false}