{"gold_per_floor":[211,386,402,28,46,72,72,102,102,102,118,137,147,165,165,263,263,278,289,214,224,224,249,249,282,282,311,327,184,198,30,30,133,133,144,144,163,385,403,403,438,519,519,519,519,86,86,102,102,102],"floor_reached":51,"playtime":2665,"items_purged":["Strike_B","Strike_B","Writhe"],"score":955,"play_id":"6f30cdd9-b456-4b10-a58e-828919217aa2","local_time":"20180714162959","is_ascension_mode":true,"campfire_choices":[{"data":"Defragment","floor":7,"key":"SMITH"},{"data":"Zap","floor":10,"key":"SMITH"},{"data":"Streamline","floor":15,"key":"SMITH"},{"data":"Storm","floor":32,"key":"SMITH"},{"data":"Buffer","floor":40,"key":"SMITH"},{"data":"Capacitor","floor":44,"key":"SMITH"},{"data":"Apotheosis","floor":49,"key":"SMITH"}],"neow_cost":"NONE","seed_source_timestamp":103318444016278,"circlet_count":0,"master_deck":["Strike_B","Strike_B","Defend_B","Defend_B","Defend_B","Defend_B","Zap+1","Dualcast","Streamline+1","Defragment+1","Self Repair","Glacier","Rainbow","Electrodynamics","Storm+1","Glacier","Chaos","Thunder Strike","Force Field","Electrodynamics","Lockon+1","Capacitor+1","Self Repair","Buffer+1","Defragment+1","Thunder Strike","Madness","Madness","Apotheosis+1"],"relics":["Cracked Core","Bird Faced Urn","DataDisk","Meat on the Bone","Lantern","Busted Crown","Ornamental Fan","Pen Nib","Regal Pillow","Mummified Hand","Red Mask","Philosopher\u0027s Stone","Sundial","Matryoshka","Bag of Marbles","Anchor"],"potions_floor_usage":[6,19,23,25,30,33,48],"damage_taken":[{"damage":1,"enemies":"Cultist","floor":1,"turns":3},{"damage":10,"enemies":"Small Slimes","floor":3,"turns":3},{"damage":0,"enemies":"2 Louse","floor":5,"turns":2},{"damage":43,"enemies":"Gremlin Nob","floor":6,"turns":5},{"damage":3,"enemies":"3 Sentries","floor":8,"turns":8},{"damage":7,"enemies":"Looter","floor":11,"turns":3},{"damage":9,"enemies":"Exordium Thugs","floor":12,"turns":2},{"damage":0,"enemies":"Blue Slaver","floor":13,"turns":3},{"damage":1,"enemies":"Looter","floor":14,"turns":3},{"damage":21,"enemies":"Hexaghost","floor":16,"turns":13},{"damage":0,"enemies":"Spheric Guardian","floor":18,"turns":5},{"damage":1,"enemies":"3 Byrds","floor":19,"turns":4},{"damage":13,"enemies":"Snecko","floor":21,"turns":3},{"damage":28,"enemies":"Slavers","floor":23,"turns":4},{"damage":11,"enemies":"Book of Stabbing","floor":25,"turns":7},{"damage":0,"floor":27,"turns":2},{"damage":1,"enemies":"Sentry and Sphere","floor":28,"turns":3},{"damage":13,"enemies":"Snake Plant","floor":30,"turns":3},{"damage":24,"enemies":"Automaton","floor":33,"turns":6},{"damage":20,"enemies":"3 Darklings","floor":35,"turns":4},{"damage":8,"enemies":"3 Shapes","floor":37,"turns":3},{"damage":9,"enemies":"Sphere and 2 Shapes","floor":39,"turns":2},{"damage":18,"enemies":"2 Orb Walkers","floor":41,"turns":4},{"damage":0,"enemies":"4 Shapes","floor":48,"turns":2},{"damage":20,"enemies":"Donu and Deca","floor":50,"turns":6}],"seed_played":"-6599852376360337831","potions_obtained":[{"floor":3,"key":"Regen Potion"},{"floor":5,"key":"Explosive Potion"},{"floor":11,"key":"Block Potion"},{"floor":13,"key":"Poison Potion"},{"floor":16,"key":"Energy Potion"},{"floor":19,"key":"Energy Potion"},{"floor":25,"key":"GamblersBrew"},{"floor":28,"key":"Explosive Potion"},{"floor":37,"key":"FearPotion"},{"floor":39,"key":"Regen Potion"}],"is_trial":false,"path_per_floor":["M","?","M","$","M","E","R","E","T","R","M","M","M","M","R","B",null,"M","M","?","M","?","E","?","E","T","?","M","$","M","$","R","B",null,"M","?","M","?","M","R","E","T","T","R","?","$","?","M","R","B"],"character_chosen":"DEFECT","items_purchased":["Bird Faced Urn","Self Repair","Capacitor","Self Repair","Fruit Juice","Apotheosis"],"campfire_rested":0,"item_purchase_floors":[4,4,29,31,46,46],"current_hp_per_floor":[67,67,57,57,66,34,34,42,42,42,49,53,57,62,62,56,70,75,75,75,64,64,61,47,51,51,55,58,58,53,53,53,57,74,80,80,80,80,75,75,78,78,78,78,68,68,68,79,79,85],"gold":102,"neow_bonus":"HUNDRED_GOLD","is_prod":false,"is_daily":false,"chose_seed":false,"campfire_upgraded":7,"win_rate":0,"timestamp":1531578599,"path_taken":["M","?","M","$","M","E","R","E","T","R","M","M","M","M","R","BOSS","M","M","?","M","?","E","?","E","T","?","M","$","M","$","R","BOSS","M","?","?","?","M","R","E","?","T","R","?","$","?","M","R","BOSS"],"build_version":"2018-07-13","purchased_purges":3,"victory":true,"max_hp_per_floor":[75,75,75,75,75,75,75,75,75,75,75,75,75,75,75,75,75,75,75,75,75,75,75,80,80,80,80,80,80,80,80,80,80,80,80,80,80,80,80,80,80,80,80,80,80,80,80,85,85,85],"card_choices":[{"not_picked":["Ball Lightning","Rebound"],"picked":"Streamline","floor":1},{"not_picked":["Lockon","Static Discharge"],"picked":"Defragment","floor":3},{"not_picked":["Barrage","Stack"],"picked":"Glacier","floor":5},{"not_picked":["Sweeping Beam","Leap"],"picked":"Rainbow","floor":6},{"not_picked":["Conserve Battery","Hologram"],"picked":"Electrodynamics","floor":8},{"not_picked":["Hologram","Sweeping Beam"],"picked":"Storm","floor":11},{"not_picked":["Hologram","Beam Cell"],"picked":"Glacier","floor":12},{"not_picked":["Genetic Algorithm","Hyperbeam","Conserve Battery"],"picked":"SKIP","floor":13},{"not_picked":["Barrage","Stack"],"picked":"Chaos","floor":14},{"not_picked":["Reboot","Amplify"],"picked":"Thunder Strike","floor":16},{"not_picked":["Compile Driver"],"picked":"SKIP","floor":18},{"not_picked":["Chaos"],"picked":"SKIP","floor":19},{"not_picked":["Sweeping Beam"],"picked":"SKIP","floor":21},{"not_picked":["Beam Cell"],"picked":"SKIP","floor":23},{"not_picked":[],"picked":"Force Field","floor":25},{"not_picked":[],"picked":"Electrodynamics","floor":27},{"not_picked":[],"picked":"Lockon+1","floor":28},{"not_picked":["Coolheaded+1"],"picked":"SKIP","floor":30},{"not_picked":[],"picked":"Buffer","floor":33},{"not_picked":["Sunder"],"picked":"SKIP","floor":35},{"not_picked":["Compile Driver"],"picked":"SKIP","floor":37},{"not_picked":["Gash+1"],"picked":"SKIP","floor":39},{"not_picked":[],"picked":"Thunder Strike","floor":41},{"not_picked":["Beam Cell"],"picked":"SKIP","floor":48}],"player_experience":387834,"relics_obtained":[{"floor":6,"key":"DataDisk"},{"floor":8,"key":"Meat on the Bone"},{"floor":9,"key":"Lantern"},{"floor":23,"key":"Pen Nib"},{"floor":25,"key":"Regal Pillow"},{"floor":26,"key":"Mummified Hand"},{"floor":27,"key":"Red Mask"},{"floor":41,"key":"Sundial"},{"floor":42,"key":"Matryoshka"},{"floor":43,"key":"Bag of Marbles"},{"floor":43,"key":"Anchor"}],"event_choices":[{"event_name":"Liars Game","player_choice":"agreed","floor":2,"damage_taken":0},{"event_name":"Beggar","player_choice":"Gave Gold","floor":20,"damage_taken":0},{"event_name":"The Mausoleum","player_choice":"Yes","floor":22,"damage_taken":0},{"event_name":"Forgotten Altar","player_choice":"Shed Blood","floor":24,"damage_taken":0},{"event_name":"Duplicator","player_choice":"One dupe","floor":36,"damage_taken":0},{"event_name":"Tomb of Lord Red Mask","player_choice":"Wore Mask","floor":38,"damage_taken":0},{"event_name":"Winding Halls","player_choice":"Embrace Madness","floor":45,"damage_taken":0},{"event_name":"SensoryStone","player_choice":"Memory 1","floor":47,"damage_taken":0}],"boss_relics":[{"not_picked":["Empty Cage","Snecko Eye"],"picked":"Busted Crown"},{"not_picked":["Coffee Dripper","Pandora\u0027s Box"],"picked":"Philosopher\u0027s Stone"}],"items_purged_floors":[29,31,46],"is_endless":false,"potions_floor_spawned":[3,5,11,13,16,19,25,28,37,39],"ascension_level":6}