{"path_per_floor":["M","M","?","?","M","E","?","M","T","M","$","E","R","M","R","B",null,"M","?","$","M","M","M","E","R","T","M","?"],"character_chosen":"DEFECT","items_purchased":["Go for the Eyes","FTL","Capacitor","Melter","Capacitor"],"gold_per_floor":[114,132,132,132,142,176,156,175,199,216,69,104,104,116,116,211,211,229,229,66,77,89,108,141,141,218,234,234,234],"floor_reached":29,"campfire_rested":1,"playtime":1218,"current_hp_per_floor":[75,75,75,75,69,49,49,49,49,41,41,31,31,31,31,13,75,75,75,75,75,67,37,16,38,38,21,21,0],"items_purged":["Defend_B"],"gold":234,"score":308,"play_id":"b3c691e3-2dc9-4c3e-9e3e-1961fefebcc2","local_time":"20180509142716","is_prod":false,"is_daily":false,"chose_seed":false,"is_ascension_mode":true,"campfire_upgraded":2,"timestamp":1525868836,"path_taken":["M","M","?","?","M","E","?","M","T","M","$","E","R","M","R","BOSS","M","?","$","M","?","M","E","R","T","M","?","?"],"build_version":"2018-05-08","seed_source_timestamp":1034835764091,"purchased_purges":1,"victory":false,"master_deck":["Strike_B","Strike_B","Strike_B","Strike_B","Defend_B","Defend_B","Zap+1","Dualcast","Ball Lightning","Static Discharge+1","Coolheaded","Streamline+1","Tempest","Go for the Eyes","FTL","Capacitor","Streamline+1","Amplify","Gash","Melter","Capacitor","Ball Lightning","Sweeping Beam","Cold Snap","Capacitor+1","Beam Cell"],"max_hp_per_floor":[75,75,75,75,75,75,75,75,75,75,75,75,75,75,75,75,75,75,75,75,75,75,75,75,75,75,75,75,75],"relics":["Cracked Core","Orichalcum","Bag of Preparation","Bag of Marbles","Black Star","Frozen Egg 2","Pantograph","Bottled Tornado"],"card_choices":[{"not_picked":["Leap","Skim"],"picked":"Ball Lightning","floor":1},{"not_picked":["Turbo","Leap"],"picked":"Static Discharge","floor":5},{"not_picked":["Rip and Tear","Doom and Gloom"],"picked":"Coolheaded","floor":6},{"not_picked":["Hologram","Auto Shields"],"picked":"Streamline","floor":8},{"not_picked":["Rebound","Storm"],"picked":"Tempest","floor":10},{"not_picked":["Creative AI","Glacier"],"picked":"Streamline","floor":12},{"not_picked":["Seek","Fission"],"picked":"Amplify","floor":16},{"not_picked":["Force Field","Sweeping Beam"],"picked":"Gash","floor":18},{"not_picked":["Stack","Sweeping Beam"],"picked":"Ball Lightning","floor":21},{"not_picked":["Capacitor","Impulse"],"picked":"Sweeping Beam","floor":22},{"not_picked":["Glacier","Genetic Algorithm"],"picked":"Cold Snap","floor":23},{"not_picked":["Genetic Algorithm","Steam Power"],"picked":"Capacitor","floor":24},{"not_picked":["Gash","Hello World"],"picked":"Beam Cell","floor":27}],"player_experience":100210,"potions_floor_usage":[2,5,6,6,16,16,16,18,22,24,24,27],"damage_taken":[{"damage":0,"enemies":"Jaw Worm","floor":1,"turns":3},{"damage":0,"enemies":"2 Louse","floor":2,"turns":2},{"damage":6,"enemies":"Small Slimes","floor":5,"turns":2},{"damage":20,"enemies":"Lagavulin","floor":6,"turns":6},{"damage":0,"enemies":"3 Louse","floor":8,"turns":3},{"damage":8,"enemies":"Red Slaver","floor":10,"turns":2},{"damage":10,"enemies":"Gremlin Nob","floor":12,"turns":3},{"damage":0,"enemies":"Looter","floor":14,"turns":1},{"damage":18,"enemies":"Hexaghost","floor":16,"turns":5},{"damage":0,"enemies":"Shell Parasite","floor":18,"turns":5},{"damage":0,"enemies":"Spheric Guardian","floor":21,"turns":2},{"damage":8,"enemies":"3 Cultists","floor":22,"turns":4},{"damage":30,"enemies":"Snake Plant","floor":23,"turns":3},{"damage":21,"enemies":"Book of Stabbing","floor":24,"turns":3},{"damage":17,"enemies":"Centurion and Healer","floor":27,"turns":3},{"damage":24,"enemies":"Snecko","floor":29,"turns":4}],"event_choices":[{"event_name":"Living Wall","player_choice":"Grow","floor":3,"damage_taken":0},{"event_name":"Purifier","player_choice":"One Purge","floor":4,"damage_taken":0},{"event_name":"The Woman in Blue","player_choice":"Bought 1 Potion","floor":7,"damage_taken":0},{"event_name":"Upgrade Shrine","player_choice":"Upgraded","floor":19,"damage_taken":0},{"event_name":"Cursed Tome","player_choice":"Ignored","floor":28,"damage_taken":0}],"boss_relics":[{"not_picked":["Philosopher\u0027s Stone","Nuclear Battery"],"picked":"Black Star"}],"potions_floor_spawned":[2,5,6,12,16,18,23],"seed_played":"-6852552018085696155","killed_by":"Snecko","ascension_level":4,"is_trial":false}