{"gold_per_floor":[109,26,40,40,40,69,81,93,119,149,149,149,149,169,169,244,244,220,270,270,270,270],"floor_reached":22,"playtime":684,"items_purged":[],"score":534,"play_id":"f0d22b2b-4ecd-480b-920f-324e4cf03cc1","local_time":"20181115154524","is_ascension_mode":true,"campfire_choices":[{"floor":11.0,"key":"REST"},{"data":"Footwork","floor":13.0,"key":"SMITH"},{"data":"Noxious Fumes","floor":15.0,"key":"SMITH"}],"neow_cost":"NONE","seed_source_timestamp":16615387955880,"circlet_count":0,"master_deck":["AscendersBane","Defend_G+1","Defend_G+1","Defend_G+1","Defend_G+1","Defend_G+1","Strike_G+1","Strike_G+1","Strike_G+1","Strike_G+1","Survivor","Neutralize+1","Bouncing Flask+1","Noxious Fumes+1","Crippling Poison","Noxious Fumes","Footwork+1","Backflip","Doppelganger","Deadly Poison"],"special_seed":0,"relics":["Ring of the Snake","NeowsBlessing","Dream Catcher","Smiling Mask","Bag of Marbles","Black Star"],"potions_floor_usage":[18],"damage_taken":[{"damage":0.0,"enemies":"Jaw Worm","floor":1.0,"turns":1.0},{"damage":0.0,"enemies":"Small Slimes","floor":3.0,"turns":1.0},{"damage":0.0,"enemies":"Gremlin Nob","floor":6.0,"turns":1.0},{"damage":0.0,"enemies":"Cultist","floor":7.0,"turns":3.0},{"damage":6.0,"enemies":"Looter","floor":8.0,"turns":4.0},{"damage":35.0,"enemies":"3 Sentries","floor":10.0,"turns":7.0},{"damage":1.0,"enemies":"Large Slime","floor":14.0,"turns":6.0},{"damage":0.0,"enemies":"Hexaghost","floor":16.0,"turns":8.0},{"damage":3,"enemies":"2 Thieves","floor":18,"turns":5},{"damage":36,"enemies":"Colosseum Slavers","floor":22,"turns":7},{"damage":0,"enemies":"Colosseum Nobs","floor":22,"turns":2}],"seed_played":"-6439431869365212490","potions_obtained":[{"floor":1.0,"key":"EssenceOfSteel"},{"floor":7.0,"key":"Regen Potion"},{"floor":10.0,"key":"Ancient Potion"},{"floor":16.0,"key":"PowerPotion"},{"floor":18,"key":"LiquidBronze"}],"is_trial":false,"path_per_floor":["M","$","M","?","?","E","M","M","T","E","R","?","R","M","R","B",null,"M","?","?","?","?"],"character_chosen":"THE_SILENT","items_purchased":["Noxious Fumes"],"campfire_rested":1,"item_purchase_floors":[2],"current_hp_per_floor":[59,59,59,39,39,39,39,33,33,13,32,32,32,31,31,31,57,54,54,54,54,18],"gold":270,"neow_bonus":"THREE_ENEMY_KILL","is_prod":false,"is_daily":false,"chose_seed":false,"campfire_upgraded":2,"win_rate":0,"timestamp":1542293124,"path_taken":["M","$","M","?","?","E","M","M","T","E","R","?","R","M","R","BOSS","M","?","?","?","?"],"build_version":"2018-11-14","purchased_purges":0,"victory":false,"max_hp_per_floor":[66,66,66,66,66,66,66,66,66,66,66,66,66,66,66,66,66,66,66,66,66,66],"card_choices":[{"not_picked":["Flechettes","Blur"],"picked":"Bouncing Flask","floor":1.0},{"not_picked":["Slice","Predator"],"picked":"Crippling Poison","floor":3.0},{"not_picked":["PiercingWail","Cloak And Dagger"],"picked":"Noxious Fumes","floor":6.0},{"not_picked":["Outmaneuver","Dagger Throw","Blade Dance"],"picked":"SKIP","floor":7.0},{"not_picked":["Tactician","Finisher"],"picked":"Footwork","floor":8.0},{"not_picked":["Infinite Blades","Predator","Prepared"],"picked":"SKIP","floor":10.0},{"not_picked":["Blade Dance","Outmaneuver"],"picked":"Backflip","floor":14.0},{"not_picked":["Glass Knife","Wraith Form v2"],"picked":"Doppelganger","floor":16.0},{"not_picked":["Dodge and Roll","Backflip+1"],"picked":"Deadly Poison","floor":18}],"player_experience":765552,"relics_obtained":[{"floor":6.0,"key":"Dream Catcher"},{"floor":9.0,"key":"Smiling Mask"},{"floor":10.0,"key":"Bag of Marbles"}],"event_choices":[{"damage_healed":0.0,"max_hp_gain":0.0,"max_hp_loss":0.0,"gold_gain":0.0,"event_name":"Shining Light","player_choice":"Entered Light","floor":4.0,"gold_loss":0.0,"damage_taken":20.0,"cards_upgraded":["Strike_G","Neutralize"]},{"damage_healed":0.0,"max_hp_gain":0.0,"max_hp_loss":0.0,"gold_gain":0.0,"event_name":"Living Wall","player_choice":"Grow","floor":5.0,"gold_loss":0.0,"damage_taken":0.0,"cards_upgraded":["Bouncing Flask"]},{"cards_removed":["Strike_G"],"damage_healed":0.0,"max_hp_gain":0.0,"max_hp_loss":0.0,"gold_gain":0.0,"event_name":"Purifier","player_choice":"Purged","floor":12.0,"gold_loss":0.0,"damage_taken":0.0},{"damage_healed":0,"gold_gain":50,"player_choice":"Stole From Cult","damage_taken":0,"max_hp_gain":0,"max_hp_loss":0,"event_name":"Nest","floor":19,"gold_loss":0},{"damage_healed":0,"gold_gain":0,"player_choice":"Ignored","damage_taken":0,"max_hp_gain":0,"max_hp_loss":0,"event_name":"Vampires","floor":20,"gold_loss":0},{"damage_healed":0,"gold_gain":0,"player_choice":"Simplicity","damage_taken":0,"max_hp_gain":0,"max_hp_loss":0,"event_name":"Back to Basics","floor":21,"gold_loss":0,"cards_upgraded":["Defend_G","Defend_G","Defend_G","Defend_G","Defend_G","Strike_G","Strike_G","Strike_G"]},{"damage_healed":0,"gold_gain":0,"player_choice":"Fight","damage_taken":0,"max_hp_gain":0,"max_hp_loss":0,"event_name":"Colosseum","floor":22,"gold_loss":0},{"damage_healed":0,"gold_gain":0,"player_choice":"Fought Nobs","damage_taken":0,"max_hp_gain":0,"max_hp_loss":0,"event_name":"Colosseum","floor":22,"gold_loss":0}],"is_beta":true,"boss_relics":[{"not_picked":["Snecko Eye","Runic Pyramid"],"picked":"Black Star"}],"items_purged_floors":[],"is_endless":false,"potions_floor_spawned":[1,7,8,10,16,18,22],"killed_by":"Colosseum Nobs","ascension_level":20}