{"gold_per_floor":[113,113,124,124,144,144,160,172,196,196,216,231,231,251,251,348,348,362,362,84,100,114,114,146,245,245,265,283,302,302],"floor_reached":30,"playtime":2312,"items_purged":["Strike_P"],"score":323,"play_id":"716e992d-bd83-450b-ab73-1a8087f2f952","local_time":"20190924002406","is_ascension_mode":false,"campfire_choices":[{"data":"Vengeance","floor":6.0,"key":"SMITH"},{"data":"Vigilance","floor":13.0,"key":"SMITH"},{"data":"WindmillStrike","floor":15.0,"key":"SMITH"},{"data":"Prostrate","floor":23.0,"key":"SMITH"}],"neow_cost":"NONE","seed_source_timestamp":36841961982933,"circlet_count":0,"master_deck":["Strike_P","Strike_P","Defend_P","Defend_P","Defend_P","Defend_P","Eruption+1","Vigilance+1","Vengeance+1","CutThroughFate","Scrawl","ThirdEye","CutThroughFate","CutThroughFate","WindmillStrike+1","PathToVictory+1","Iron Wave","Weave","CutThroughFate+1","Prostrate+1","FlyingSleeves","EmptyBody","Halt"],"special_seed":0,"relics":["PureWater","Toy Ornithopter","Black Star","Strawberry","Blood Vial","Orichalcum","Sundial"],"potions_floor_usage":[30],"damage_taken":[{"damage":9.0,"enemies":"Small Slimes","floor":1.0,"turns":4.0},{"damage":1.0,"enemies":"Jaw Worm","floor":3.0,"turns":2.0},{"damage":0.0,"enemies":"Cultist","floor":5.0,"turns":2.0},{"damage":3.0,"enemies":"Exordium Wildlife","floor":7.0,"turns":3.0},{"damage":8.0,"enemies":"Lots of Slimes","floor":8.0,"turns":4.0},{"damage":8.0,"enemies":"2 Fungi Beasts","floor":11.0,"turns":3.0},{"damage":5.0,"enemies":"Gremlin Gang","floor":12.0,"turns":7.0},{"damage":3.0,"enemies":"3 Louse","floor":14.0,"turns":3.0},{"damage":0.0,"enemies":"Slime Boss","floor":16.0,"turns":6.0},{"damage":0.0,"enemies":"Chosen","floor":18.0,"turns":4.0},{"damage":5.0,"enemies":"2 Thieves","floor":21.0,"turns":4.0},{"damage":0.0,"enemies":"Cultist and Chosen","floor":22.0,"turns":4.0},{"damage":1.0,"enemies":"Gremlin Leader","floor":24.0,"turns":5.0},{"damage":21.0,"enemies":"Snecko","floor":27.0,"turns":5.0},{"damage":35.0,"enemies":"Snake Plant","floor":28.0,"turns":3.0},{"damage":5.0,"enemies":"Cultist and Chosen","floor":29.0,"turns":5.0},{"damage":24,"enemies":"Colosseum Slavers","floor":30,"turns":5},{"damage":18,"enemies":"Colosseum Nobs","floor":30,"turns":2}],"seed_played":"2547619463666083727","potions_obtained":[{"floor":1.0,"key":"LiquidBronze"},{"floor":3.0,"key":"Explosive Potion"},{"floor":8.0,"key":"Strength Potion"},{"floor":12.0,"key":"AttackPotion"},{"floor":18.0,"key":"SteroidPotion"},{"floor":24.0,"key":"FearPotion"},{"floor":27.0,"key":"AttackPotion"}],"is_trial":false,"path_per_floor":["M","?","M","?","M","R","M","M","T","?","M","M","R","M","R","B",null,"M","?","$","M","M","R","E","?","T","M","M","M","?"],"character_chosen":"WATCHER","items_purchased":["Weave","Strawberry"],"campfire_rested":0,"item_purchase_floors":[20,20],"current_hp_per_floor":[62,62,61,61,61,61,58,50,50,50,42,37,37,34,34,34,71,71,71,78,73,78,78,77,77,77,57,29,31,0],"gold":302,"neow_bonus":"TEN_PERCENT_HP_BONUS","is_prod":false,"is_daily":false,"chose_seed":false,"campfire_upgraded":4,"win_rate":0,"timestamp":1569252246,"path_taken":["M","?","M","?","?","R","M","M","T","?","M","M","R","?","R","BOSS","M","?","$","M","?","R","E","?","T","M","M","M","?"],"build_version":"2019-09-20","purchased_purges":1,"victory":false,"max_hp_per_floor":[71,71,71,71,71,71,71,71,71,71,71,71,71,71,71,71,71,71,71,78,78,78,78,78,78,78,78,78,78,78],"card_choices":[{"not_picked":["EmptyBody","CrushJoints"],"picked":"Vengeance","floor":1.0},{"not_picked":["ClearTheMind","FollowUp"],"picked":"CutThroughFate","floor":3.0},{"not_picked":["Fasting","MentalFortress","Meditate"],"picked":"SKIP","floor":5.0},{"not_picked":["Prostrate","MentalFortress"],"picked":"Scrawl","floor":7.0},{"not_picked":["ClearTheMind","SandsOfTime"],"picked":"ThirdEye","floor":8.0},{"not_picked":["Sanctity","BowlingBash"],"picked":"CutThroughFate","floor":11.0},{"not_picked":["InnerPeace","FlyingSleeves"],"picked":"CutThroughFate","floor":12.0},{"not_picked":["Adaptation","Prostrate"],"picked":"WindmillStrike","floor":14.0},{"not_picked":["MasterReality","Unraveling"],"picked":"LessonLearned","floor":16.0},{"not_picked":["WreathOfFlame","Sanctity"],"picked":"PathToVictory+1","floor":18.0},{"not_picked":["Protect","BowlingBash+1"],"picked":"CutThroughFate+1","floor":21.0},{"not_picked":["Crescendo","Establishment"],"picked":"Prostrate","floor":22.0},{"not_picked":["Devotion","FlowState","FlurryOfBlows"],"picked":"SKIP","floor":24.0},{"not_picked":["Blasphemy","Perseverance+1"],"picked":"FlyingSleeves","floor":27.0},{"not_picked":["Consecrate","FlyingSleeves"],"picked":"EmptyBody","floor":28.0},{"not_picked":["PathToVictory","Perseverance+1"],"picked":"Halt","floor":29.0}],"player_experience":524906,"relics_obtained":[{"floor":9.0,"key":"Toy Ornithopter"},{"floor":24.0,"key":"Blood Vial"},{"floor":24.0,"key":"Orichalcum"},{"floor":26.0,"key":"Sundial"}],"event_choices":[{"damage_healed":0.0,"max_hp_gain":0.0,"max_hp_loss":0.0,"gold_gain":0.0,"event_name":"Shining Light","player_choice":"Ignored","floor":2.0,"gold_loss":0.0,"damage_taken":0.0},{"cards_removed":["Strike_P"],"damage_healed":0.0,"max_hp_gain":0.0,"max_hp_loss":0.0,"gold_gain":0.0,"event_name":"Living Wall","player_choice":"Forget","floor":4.0,"gold_loss":0.0,"damage_taken":0.0},{"damage_healed":0.0,"max_hp_gain":0.0,"max_hp_loss":0.0,"gold_gain":0.0,"event_name":"Accursed Blacksmith","player_choice":"Forge","floor":10.0,"gold_loss":0.0,"damage_taken":0.0,"cards_upgraded":["Eruption"]},{"cards_removed":["LessonLearned"],"damage_healed":0.0,"max_hp_gain":0.0,"max_hp_loss":0.0,"gold_gain":0.0,"event_name":"NoteForYourself","player_choice":"Took Card","floor":19.0,"gold_loss":0.0,"damage_taken":0.0,"cards_obtained":["Iron Wave"]},{"damage_healed":0.0,"max_hp_gain":0.0,"max_hp_loss":0.0,"gold_gain":99.0,"event_name":"Nest","player_choice":"Stole From Cult","floor":25.0,"gold_loss":0.0,"damage_taken":0.0},{"damage_healed":0,"gold_gain":0,"player_choice":"Fight","damage_taken":0,"max_hp_gain":0,"max_hp_loss":0,"event_name":"Colosseum","floor":30,"gold_loss":0},{"damage_healed":0,"gold_gain":0,"player_choice":"Fought Nobs","damage_taken":0,"max_hp_gain":0,"max_hp_loss":0,"event_name":"Colosseum","floor":30,"gold_loss":0}],"is_beta":true,"boss_relics":[{"not_picked":["Runic Dome","Philosopher\u0027s Stone"],"picked":"Black Star"}],"items_purged_floors":[20],"is_endless":false,"potions_floor_spawned":[1,3,8,12,18,24,27],"killed_by":"Colosseum Nobs","ascension_level":0}