{"gold_per_floor":[119,194,119,130,130,130,30,44,98,113,113,129,177,214,214,214],"floor_reached":16,"playtime":318,"items_purged":["Defend_R","Defend_R"],"score":100,"play_id":"64868e60-4372-4713-8d9a-473c4707a910","local_time":"20191020124051","is_ascension_mode":false,"campfire_choices":[{"data":"Bash","floor":6,"key":"SMITH"},{"data":"Strike_R","floor":11,"key":"SMITH"},{"floor":15,"key":"REST"}],"neow_cost":"TEN_PERCENT_HP_LOSS","seed_source_timestamp":265066470529878,"circlet_count":0,"master_deck":["Strike_R+1","Strike_R","Strike_R","Strike_R","Strike_R","Bash+1","Intimidate","Inflame"],"relics":["Burning Blood","Ancient Tea Set","CeramicFish","CaptainsWheel"],"potions_floor_usage":[14,16,16],"damage_taken":[{"damage":7,"enemies":"2 Louse","floor":1,"turns":3},{"damage":6,"enemies":"Cultist","floor":4,"turns":3},{"damage":11,"enemies":"Jaw Worm","floor":8,"turns":2},{"damage":0,"enemies":"Large Slime","floor":10,"turns":5},{"damage":9,"enemies":"2 Fungi Beasts","floor":12,"turns":2},{"damage":33,"enemies":"3 Sentries","floor":14,"turns":5},{"damage":56,"enemies":"The Guardian","floor":16,"turns":7}],"seed_played":"2537121085240841323","potions_obtained":[{"floor":8,"key":"LiquidMemories"},{"floor":12,"key":"Energy Potion"},{"floor":14,"key":"LiquidBronze"}],"is_trial":false,"path_per_floor":["M","?","$","M","?","R","$","M","T","M","R","M","T","E","R","B"],"character_chosen":"IRONCLAD","items_purchased":[],"campfire_rested":1,"item_purchase_floors":[],"current_hp_per_floor":[71,60,60,60,60,60,60,55,55,61,61,58,58,31,52,0],"gold":214,"neow_bonus":"REMOVE_TWO","is_prod":false,"is_daily":false,"chose_seed":false,"campfire_upgraded":2,"win_rate":0,"timestamp":1571568051,"path_taken":["M","?","$","M","?","R","$","M","T","M","R","?","?","E","R","BOSS"],"build_version":"2019-10-18","purchased_purges":2,"victory":false,"max_hp_per_floor":[72,72,72,72,72,72,72,72,72,72,72,72,72,72,72,72],"card_choices":[{"not_picked":["Heavy Blade","Sword Boomerang","Intimidate"],"picked":"SKIP","floor":1},{"not_picked":["Pummel","Uppercut","Warcry"],"picked":"SKIP","floor":4},{"not_picked":["Perfected Strike","Second Wind","Pommel Strike"],"picked":"SKIP","floor":8},{"not_picked":["Second Wind","Headbutt","Warcry"],"picked":"SKIP","floor":10},{"not_picked":["Havoc","Combust"],"picked":"Intimidate","floor":12},{"not_picked":["Intimidate","Iron Wave"],"picked":"Inflame","floor":14}],"player_experience":861301,"relics_obtained":[{"floor":9,"key":"Ancient Tea Set"},{"floor":13,"key":"CeramicFish"},{"floor":14,"key":"CaptainsWheel"}],"event_choices":[{"damage_healed":0,"gold_gain":75,"player_choice":"Gather Gold","damage_taken":11,"max_hp_gain":0,"max_hp_loss":0,"event_name":"World of Goop","floor":2,"gold_loss":0},{"damage_healed":0,"gold_gain":0,"player_choice":"Bought 0 Potions","damage_taken":0,"max_hp_gain":0,"max_hp_loss":0,"event_name":"The Woman in Blue","floor":5,"gold_loss":0}],"is_beta":true,"boss_relics":[],"items_purged_floors":[3,7],"is_endless":false,"potions_floor_spawned":[8,12,14],"killed_by":"The Guardian","ascension_level":0}