{"gold_per_floor":[119,138,63,63,77,109,121,146,146,173,173,173,187,201,201,275,275,291,291],"floor_reached":19,"playtime":528,"items_purged":[],"score":378,"play_id":"f61442ea-ebd7-4ba7-b171-6a7447d4b5a4","local_time":"20190416010609","is_ascension_mode":true,"campfire_choices":[{"data":"Consume","floor":11,"key":"SMITH"},{"data":"Capacitor","floor":15,"key":"SMITH"}],"neow_cost":"NONE","seed_source_timestamp":3842381845240,"circlet_count":0,"master_deck":["AscendersBane","Strike_B","Strike_B","Strike_B","Defend_B","Defend_B","Defend_B","Defend_B","Zap","Dualcast","Consume+1","Sunder+1","Steam","Glacier","Self Repair","Capacitor+1","Electrodynamics","Creative AI"],"relics":["Cracked Core","NeowsBlessing","Emotion Chip","Meat on the Bone","Prayer Wheel","Incense Burner","Black Star"],"potions_floor_usage":[8,10,13,19,19],"damage_taken":[{"damage":0,"enemies":"2 Louse","floor":1,"turns":1},{"damage":0,"enemies":"Cultist","floor":2,"turns":1},{"damage":0,"enemies":"Jaw Worm","floor":5,"turns":1},{"damage":8,"enemies":"Gremlin Nob","floor":6,"turns":3},{"damage":2,"enemies":"Blue Slaver","floor":7,"turns":2},{"damage":8,"enemies":"Lagavulin","floor":8,"turns":6},{"damage":37,"enemies":"Gremlin Nob","floor":10,"turns":6},{"damage":30,"enemies":"Lots of Slimes","floor":13,"turns":4},{"damage":0,"enemies":"Red Slaver","floor":14,"turns":3},{"damage":15,"enemies":"Hexaghost","floor":16,"turns":16},{"damage":12,"enemies":"3 Byrds","floor":18,"turns":2},{"damage":31,"enemies":"Colosseum Slavers","floor":19,"turns":4},{"damage":17,"enemies":"Colosseum Nobs","floor":19,"turns":3}],"seed_played":"-3828875261684467071","potions_obtained":[{"floor":2,"key":"FocusPotion"},{"floor":7,"key":"Weak Potion"},{"floor":10,"key":"Regen Potion"},{"floor":14,"key":"Explosive Potion"},{"floor":18,"key":"Block Potion"}],"is_trial":false,"path_per_floor":["M","M","?","?","M","E","M","E","T","E","R","?","M","M","R","B",null,"M","?"],"character_chosen":"DEFECT","items_purchased":[],"campfire_rested":0,"item_purchase_floors":[],"current_hp_per_floor":[64,64,64,64,64,56,54,46,46,28,28,28,22,34,34,38,63,58,22],"gold":291,"neow_bonus":"THREE_ENEMY_KILL","is_prod":false,"is_daily":false,"chose_seed":false,"campfire_upgraded":2,"win_rate":0,"timestamp":1555369569,"path_taken":["M","M","?","?","?","E","?","E","T","E","R","?","M","M","R","BOSS","M","?"],"build_version":"2019-01-23","purchased_purges":0,"victory":false,"max_hp_per_floor":[71,71,71,71,71,71,71,71,71,71,71,71,71,71,71,71,71,71,71],"card_choices":[{"not_picked":["Stack","Turbo"],"picked":"Consume","floor":1},{"not_picked":["Leap","Sweeping Beam"],"picked":"Sunder","floor":2},{"not_picked":["Rebound","Stack","Barrage"],"picked":"SKIP","floor":5},{"not_picked":["Beam Cell","Ball Lightning"],"picked":"Steam","floor":6},{"not_picked":["Stack","Rip and Tear"],"picked":"Glacier","floor":7},{"not_picked":["Chill","Darkness"],"picked":"Self Repair","floor":8},{"not_picked":["Melter","Self Repair"],"picked":"Capacitor","floor":10},{"not_picked":["Leap","Redo"],"picked":"Electrodynamics","floor":13},{"not_picked":["Cold Snap","BootSequence","Genetic Algorithm"],"picked":"SKIP","floor":13},{"not_picked":["Redo","Gash","Static Discharge"],"picked":"SKIP","floor":14},{"not_picked":["Hologram","Electrodynamics","Compile Driver"],"picked":"SKIP","floor":14},{"not_picked":["Amplify","Buffer"],"picked":"Creative AI","floor":16},{"not_picked":["Go for the Eyes+1","Sweeping Beam+1","Beam Cell+1"],"picked":"SKIP","floor":18},{"not_picked":["Streamline","Double Energy","Undo"],"picked":"SKIP","floor":18}],"player_experience":838638,"relics_obtained":[{"floor":6,"key":"Emotion Chip"},{"floor":8,"key":"Meat on the Bone"},{"floor":9,"key":"Prayer Wheel"},{"floor":10,"key":"Incense Burner"}],"event_choices":[{"cards_removed":["Strike_B"],"damage_healed":0,"gold_gain":0,"player_choice":"Card Removal","damage_taken":0,"max_hp_gain":0,"max_hp_loss":0,"event_name":"The Cleric","floor":3,"gold_loss":75},{"damage_healed":0,"gold_gain":0,"player_choice":"Upgraded","damage_taken":0,"max_hp_gain":0,"max_hp_loss":0,"event_name":"Upgrade Shrine","floor":4,"gold_loss":0,"cards_upgraded":["Sunder"]},{"damage_healed":0,"gold_gain":0,"player_choice":"Ignored","damage_taken":0,"max_hp_gain":0,"max_hp_loss":0,"event_name":"Liars Game","floor":12,"gold_loss":0},{"damage_healed":0,"gold_gain":0,"player_choice":"Fight","damage_taken":0,"max_hp_gain":0,"max_hp_loss":0,"event_name":"Colosseum","floor":19,"gold_loss":0},{"damage_healed":0,"gold_gain":0,"player_choice":"Fought Nobs","damage_taken":0,"max_hp_gain":0,"max_hp_loss":0,"event_name":"Colosseum","floor":19,"gold_loss":0}],"is_beta":false,"boss_relics":[{"not_picked":["Runic Pyramid","Eternal Feather"],"picked":"Black Star"}],"items_purged_floors":[],"is_endless":false,"potions_floor_spawned":[2,7,10,14,18,19],"killed_by":"Colosseum Nobs","ascension_level":20}