{"gold_per_floor":[114,130,144,144,163,163,2,2,2,16,30,30,41,41,41,141,141,156,156,255,272,172,172,172,205,205,239,267,279,301,313,325,440,452,477,186,199,215,137,137,168,168,239,239,252,127,143,162,162,162],"floor_reached":50,"playtime":2104,"items_purged":["Defend_R","Strike_R","Strike_R"],"score":554,"play_id":"d0bc5d46-ff9e-4a5c-ad10-70fb63f3928f","local_time":"20180801223235","is_ascension_mode":false,"campfire_choices":[{"data":"Flex","floor":6.0,"key":"SMITH"},{"data":"Sword Boomerang","floor":8.0,"key":"SMITH"},{"data":"Thunderclap","floor":12.0,"key":"SMITH"},{"data":"Flex","floor":15.0,"key":"SMITH"},{"data":"Sword Boomerang","floor":23.0,"key":"SMITH"},{"data":"Flex","floor":29.0,"key":"SMITH"},{"data":"Whirlwind","floor":32.0,"key":"SMITH"},{"data":"Heavy Blade","floor":40.0,"key":"SMITH"},{"data":"Bash","floor":42.0,"key":"SMITH"},{"data":"Defend_R","floor":44.0,"key":"SMITH"},{"data":"Mind Blast","floor":49,"key":"SMITH"}],"neow_cost":"NONE","seed_source_timestamp":355676247627,"circlet_count":0,"master_deck":["Strike_R+1","Defend_R","Defend_R","Defend_R+1","Bash+1","Cleave","Flex+1","Flex+1","Sword Boomerang+1","Ghostly Armor","Thunderclap+1","Flex+1","Feed+1","Sword Boomerang+1","Sword Boomerang+1","Shrug It Off+1","Pummel+1","Whirlwind+1","Feed","Heavy Blade+1","Shrug It Off","Mind Blast+1","Iron Wave+1"],"special_seed":0,"relics":["Burning Blood","Ancient Tea Set","Kunai","White Beast Statue","Bag of Marbles","Ornamental Fan","MawBank","Black Star","Whetstone","Magic Flower","Blood Vial","Strawberry","Meat on the Bone"],"potions_floor_usage":[48,50,50],"damage_taken":[{"damage":6.0,"enemies":"Jaw Worm","floor":1.0,"turns":5.0},{"damage":1.0,"enemies":"Cultist","floor":2.0,"turns":3.0},{"damage":0.0,"enemies":"2 Louse","floor":3.0,"turns":3.0},{"damage":14.0,"enemies":"Exordium Wildlife","floor":5.0,"turns":4.0},{"damage":2.0,"enemies":"Blue Slaver","floor":10.0,"turns":3.0},{"damage":0.0,"enemies":"Looter","floor":11.0,"turns":3.0},{"damage":0.0,"enemies":"Gremlin Gang","floor":13.0,"turns":1.0},{"damage":28.0,"enemies":"Slime Boss","floor":16.0,"turns":8.0},{"damage":0.0,"enemies":"Chosen","floor":18.0,"turns":3.0},{"damage":28.0,"enemies":"Shell Parasite","floor":21.0,"turns":5.0},{"damage":31.0,"enemies":"Book of Stabbing","floor":25.0,"turns":5.0},{"damage":11.0,"enemies":"Gremlin Leader","floor":27.0,"turns":4.0},{"damage":1.0,"enemies":"3 Cultists","floor":28.0,"turns":3.0},{"damage":0.0,"enemies":"Sentry and Sphere","floor":30.0,"turns":2.0},{"damage":26.0,"enemies":"Collector","floor":33.0,"turns":4.0},{"damage":10.0,"enemies":"Orb Walker","floor":35.0,"turns":3.0},{"damage":11.0,"enemies":"Flame Bruiser 1 Orb","floor":37.0,"turns":4.0},{"damage":20.0,"enemies":"Sphere and 2 Shapes","floor":38.0,"turns":4.0},{"damage":18.0,"enemies":"Nemesis","floor":41.0,"turns":5.0},{"damage":0.0,"enemies":"3 Darklings","floor":45.0,"turns":1.0},{"damage":13.0,"enemies":"Spire Growth","floor":47.0,"turns":4.0},{"damage":31,"enemies":"Flame Bruiser 2 Orb","floor":48,"turns":3},{"damage":121,"enemies":"Time Eater","floor":50,"turns":10}],"seed_played":"7963355468176037741","potions_obtained":[{"floor":3.0,"key":"Strength Potion"},{"floor":5.0,"key":"GamblersBrew"},{"floor":11.0,"key":"Ancient Potion"},{"floor":18.0,"key":"Ancient Potion"},{"floor":21.0,"key":"SkillPotion"},{"floor":24.0,"key":"Fruit Juice"},{"floor":24.0,"key":"PowerPotion"},{"floor":25.0,"key":"Weak Potion"},{"floor":27.0,"key":"GamblersBrew"},{"floor":28.0,"key":"Weak Potion"},{"floor":30.0,"key":"EssenceOfSteel"},{"floor":33.0,"key":"Regen Potion"},{"floor":35.0,"key":"FairyPotion"},{"floor":37.0,"key":"Ancient Potion"},{"floor":38.0,"key":"Ancient Potion"},{"floor":41.0,"key":"SneckoOil"},{"floor":45.0,"key":"PowerPotion"},{"floor":47.0,"key":"Strength Potion"},{"floor":48,"key":"Weak Potion"}],"is_trial":false,"path_per_floor":["M","M","M","?","M","R","$","R","T","M","M","R","M","?","R","B",null,"M","?","?","M","$","R","?","E","T","E","M","R","M","?","R","B",null,"M","$","M","M","?","R","E","R","T","R","M","$","M","M","R"],"character_chosen":"IRONCLAD","items_purchased":["Sword Boomerang","Ghostly Armor","Whetstone","Heavy Blade","Shrug It Off","Mind Blast"],"campfire_rested":0,"item_purchase_floors":[7,7,36,36,46,46],"current_hp_per_floor":[80,80,80,80,72,72,72,72,72,76,80,80,80,73,73,51,80,83,83,83,61,61,61,61,41,41,36,41,41,50,32,32,12,96,92,92,87,76,76,76,74,74,74,74,92,92,97,78,78,0],"gold":162,"neow_bonus":"REMOVE_CARD","is_prod":false,"is_daily":false,"chose_seed":false,"campfire_upgraded":11,"win_rate":0,"timestamp":1533133955,"path_taken":["M","M","M","?","M","R","$","R","T","M","M","R","M","?","R","BOSS","M","?","?","M","$","R","?","E","T","E","?","R","M","?","R","BOSS","M","$","M","M","?","R","E","R","T","R","M","$","M","M","R","BOSS"],"build_version":"2018-07-26","purchased_purges":3,"victory":false,"max_hp_per_floor":[80,80,80,80,80,80,80,80,80,80,80,80,80,80,80,80,80,83,83,83,83,83,83,83,88,88,88,88,88,91,96,96,96,96,96,96,96,99,99,99,106,106,106,106,110,110,114,114,114,114],"card_choices":[{"not_picked":["Warcry","Power Through"],"picked":"Cleave","floor":1.0},{"not_picked":["Body Slam","True Grit"],"picked":"Flex","floor":2.0},{"not_picked":["Clothesline","Hemokinesis"],"picked":"Flex","floor":3.0},{"not_picked":["Warcry","Infernal Blade","Disarm"],"picked":"SKIP","floor":5.0},{"not_picked":["Twin Strike","True Grit"],"picked":"Thunderclap","floor":10.0},{"not_picked":["Cleave","True Grit","Dual Wield"],"picked":"SKIP","floor":11.0},{"not_picked":["Bloodletting","Flame Barrier"],"picked":"Flex","floor":13.0},{"not_picked":["Immolate","Demon Form"],"picked":"Feed","floor":16.0},{"not_picked":["Clash","Cleave"],"picked":"Sword Boomerang","floor":18.0},{"not_picked":["Havoc","Burning Pact"],"picked":"Sword Boomerang+1","floor":21.0},{"not_picked":["Cleave","Intimidate"],"picked":"Shrug It Off+1","floor":25.0},{"not_picked":["Anger","Twin Strike"],"picked":"Pummel+1","floor":27.0},{"not_picked":["Havoc+1","Reckless Charge","Combust+1"],"picked":"SKIP","floor":28.0},{"not_picked":["Clash","Rampage"],"picked":"Whirlwind","floor":30.0},{"not_picked":["Reaper","Fiend Fire"],"picked":"Feed","floor":33.0},{"not_picked":["Evolve","Second Wind+1","Iron Wave"],"picked":"SKIP","floor":35.0},{"not_picked":["Havoc","Armaments+1","Clothesline"],"picked":"SKIP","floor":37.0},{"not_picked":["Armaments+1","Burning Pact","Clash+1"],"picked":"SKIP","floor":38.0},{"not_picked":["Carnage+1","Fiend Fire","Clothesline"],"picked":"SKIP","floor":41.0},{"not_picked":["Anger","Hemokinesis+1","Headbutt"],"picked":"SKIP","floor":45.0},{"not_picked":["Headbutt","Clash+1","Wild Strike"],"picked":"SKIP","floor":47.0},{"not_picked":["Corruption+1","Sword Boomerang"],"picked":"Iron Wave+1","floor":48}],"player_experience":256469,"relics_obtained":[{"floor":9.0,"key":"Ancient Tea Set"},{"floor":25.0,"key":"Bag of Marbles"},{"floor":26.0,"key":"Ornamental Fan"},{"floor":27.0,"key":"MawBank"},{"floor":41.0,"key":"Blood Vial"},{"floor":41.0,"key":"Strawberry"},{"floor":43.0,"key":"Meat on the Bone"}],"event_choices":[{"event_name":"Purifier","player_choice":"One Purge","floor":4.0,"damage_taken":0.0},{"event_name":"Scrap Ooze","player_choice":"success","floor":14.0,"damage_taken":7.0},{"event_name":"Vampires","player_choice":"Ignored","floor":19.0,"damage_taken":0.0},{"event_name":"Nest","player_choice":"Stole From Cult","floor":20.0,"damage_taken":0.0},{"event_name":"The Lab","player_choice":"Got Potions","floor":24.0,"damage_taken":0.0},{"event_name":"Forgotten Altar","player_choice":"Shed Blood","floor":31.0,"damage_taken":0.0},{"event_name":"WeMeetAgain","player_choice":"Gold","floor":39.0,"damage_taken":0.0}],"is_beta":false,"boss_relics":[{"not_picked":["Philosopher\u0027s Stone","Runic Cube"],"picked":"White Beast Statue"},{"not_picked":["Orrery","Calling Bell"],"picked":"Black Star"}],"items_purged_floors":[7,22,36],"is_endless":false,"potions_floor_spawned":[3,5,11,18,21,25,27,28,30,33,35,37,38,41,45,47,48],"killed_by":"Time Eater","ascension_level":0}