{"gold_per_floor":[16,28,28,46,46,46,74,94,94,125,125,27,56,70,70,173,173,193,210,10,10,10,35,35,60,60,80,5,5,105,124,124,221,271,286,337,437,33,45,45,45,145,145,157,170,170,70,85,85,85,85,85,8,43,43],"floor_reached":56,"playtime":1722,"items_purged":["Defend_R","Strike_R","Strike_R"],"score":1228,"play_id":"728a70a5-9079-40cc-83f0-4a628e59f26d","local_time":"20191021124344","is_ascension_mode":false,"campfire_choices":[{"data":"Flex","floor":6.0,"key":"SMITH"},{"data":"Rampage","floor":15.0,"key":"SMITH"},{"data":"Bash","floor":24.0,"key":"SMITH"},{"data":"Impervious","floor":29.0,"key":"SMITH"},{"data":"Battle Trance","floor":32.0,"key":"SMITH"},{"data":"Limit Break","floor":40.0,"key":"SMITH"},{"floor":49.0,"key":"RECALL"},{"data":"Strike_R","floor":52.0,"key":"SMITH"}],"neow_cost":"NO_GOLD","seed_source_timestamp":350042729535797,"circlet_count":0,"master_deck":["Strike_R+1","Strike_R+1","Strike_R","Bash+1","Rampage+1","Flex+1","Clash+1","Dropkick+1","Impervious+1","Clash+1","Battle Trance+1","Limit Break+1","Offering+1","Heavy Blade+1"],"special_seed":0,"relics":["Burning Blood","CaptainsWheel","Juzu Bracelet","The Courier","Molten Egg 2","Happy Flower","Empty Cage","Shuriken","Toy Ornithopter","Question Card","Meat on the Bone","Gambling Chip","Matryoshka","Tiny House","Turnip","Paper Frog","Anchor","Mango","Toxic Egg 2","Bottled Lightning"],"potions_floor_usage":[54,55,55,55],"damage_taken":[{"damage":13.0,"enemies":"Jaw Worm","floor":1.0,"turns":3.0},{"damage":6.0,"enemies":"Cultist","floor":2.0,"turns":3.0},{"damage":2.0,"enemies":"2 Louse","floor":4.0,"turns":3.0},{"damage":9.0,"enemies":"Gremlin Nob","floor":7.0,"turns":4.0},{"damage":9.0,"enemies":"2 Fungi Beasts","floor":8.0,"turns":4.0},{"damage":17.0,"enemies":"3 Sentries","floor":10.0,"turns":8.0},{"damage":13.0,"enemies":"Gremlin Nob","floor":13.0,"turns":3.0},{"damage":4.0,"enemies":"Exordium Wildlife","floor":14.0,"turns":3.0},{"damage":6.0,"enemies":"Slime Boss","floor":16.0,"turns":10.0},{"damage":10.0,"enemies":"Chosen","floor":18.0,"turns":3.0},{"damage":5.0,"enemies":"Spheric Guardian","floor":19.0,"turns":3.0},{"damage":30.0,"enemies":"Book of Stabbing","floor":23.0,"turns":5.0},{"damage":21.0,"enemies":"Slavers","floor":25.0,"turns":5.0},{"damage":3.0,"enemies":"Centurion and Healer","floor":27.0,"turns":5.0},{"damage":7.0,"enemies":"Colosseum Slavers","floor":30.0,"turns":2.0},{"damage":7.0,"enemies":"Colosseum Nobs","floor":30.0,"turns":3.0},{"damage":0.0,"enemies":"Snecko","floor":31.0,"turns":3.0},{"damage":12.0,"enemies":"Champ","floor":33.0,"turns":6.0},{"damage":10.0,"enemies":"Orb Walker","floor":35.0,"turns":2.0},{"damage":52.0,"enemies":"2 Orb Walkers","floor":36.0,"turns":5.0},{"damage":7.0,"enemies":"3 Shapes","floor":39.0,"turns":5.0},{"damage":0.0,"enemies":"Mind Bloom Boss Battle","floor":42.0,"turns":3.0},{"damage":0.0,"enemies":"Spire Growth","floor":44.0,"turns":2.0},{"damage":6.0,"enemies":"3 Darklings","floor":45.0,"turns":2.0},{"damage":6.0,"enemies":"Maw","floor":48.0,"turns":2.0},{"damage":66.0,"enemies":"Awakened One","floor":50.0,"turns":5.0},{"damage":72,"enemies":"Shield and Spear","floor":54,"turns":5},{"damage":69,"enemies":"The Heart","floor":55,"turns":6}],"seed_played":"-8523871164646323518","potions_obtained":[{"floor":1.0,"key":"LiquidMemories"},{"floor":3.0,"key":"DuplicationPotion"},{"floor":3.0,"key":"PowerPotion"},{"floor":8.0,"key":"Block Potion"},{"floor":13.0,"key":"DuplicationPotion"},{"floor":23.0,"key":"Block Potion"},{"floor":25.0,"key":"Strength Potion"},{"floor":33.0,"key":"LiquidMemories"},{"floor":39.0,"key":"SpeedPotion"},{"floor":42.0,"key":"EssenceOfSteel"},{"floor":44.0,"key":"EssenceOfSteel"},{"floor":45.0,"key":"AttackPotion"},{"floor":54,"key":"LiquidBronze"}],"is_trial":false,"path_per_floor":["M","M","?","M","?","R","E","M","T","E","?","$","E","M","R","B",null,"M","M","$","?","$","E","R","E","T","M","?","R","?","M","R","B",null,"M","?","?","$","M","R","?","?","T","M","M","?","$","M","R","B",null,"R","$","E","B",null],"character_chosen":"IRONCLAD","items_purchased":["Clash+1","Shuriken","Paper Frog","Anchor","BloodPotion","Weak Potion"],"campfire_rested":0,"item_purchase_floors":[12,20,38,38,53,53],"current_hp_per_floor":[73,73,73,77,82,82,79,76,76,65,65,65,58,60,60,60,85,81,82,82,82,82,58,58,48,48,51,51,51,54,60,60,54,90,86,54,54,54,53,53,53,73,73,79,79,79,79,84,84,36,99,99,99,69,33],"gold":43,"neow_bonus":"ONE_RARE_RELIC","is_prod":false,"is_daily":false,"chose_seed":false,"campfire_upgraded":7,"win_rate":0,"timestamp":1571654624,"path_taken":["M","M","?","?","?","R","E","M","T","E","?","?","E","M","R","BOSS","M","M","$","?","?","E","R","E","T","M","?","R","?","M","R","BOSS","M","?","?","$","M","R","?","?","T","M","M","?","$","M","R","BOSS","R","$","E","BOSS"],"build_version":"2019-10-18","purchased_purges":3,"victory":true,"max_hp_per_floor":[80,80,80,80,85,85,85,85,85,85,85,85,85,85,85,85,85,85,85,85,85,85,85,85,85,85,85,85,85,85,85,85,85,90,90,90,90,90,90,90,90,104,104,104,104,99,99,99,99,99,99,99,99,99,99],"card_choices":[{"not_picked":["Evolve","Burning Pact"],"picked":"Rampage","floor":1.0},{"not_picked":["True Grit","Iron Wave","Whirlwind"],"picked":"SKIP","floor":2.0},{"not_picked":["Rage","Thunderclap"],"picked":"Flex","floor":4.0},{"not_picked":["Flame Barrier","Pommel Strike","Hemokinesis"],"picked":"SKIP","floor":7.0},{"not_picked":["Entrench","Twin Strike","Shrug It Off"],"picked":"SKIP","floor":8.0},{"not_picked":["Pummel","Iron Wave","Fiend Fire"],"picked":"SKIP","floor":10.0},{"not_picked":["Fire Breathing","Seeing Red"],"picked":"Dropkick+1","floor":13.0},{"not_picked":["Perfected Strike+1","Havoc","Armaments"],"picked":"SKIP","floor":14.0},{"not_picked":["Barricade","Juggernaut"],"picked":"Impervious","floor":16.0},{"not_picked":["Perfected Strike+1","Evolve","Dual Wield"],"picked":"SKIP","floor":18.0},{"not_picked":["Perfected Strike+1","Warcry","Headbutt+1"],"picked":"SKIP","floor":19.0},{"not_picked":["Anger+1","Sword Boomerang+1"],"picked":"Battle Trance","floor":23.0},{"not_picked":["Wild Strike+1","Entrench"],"picked":"Rampage+1","floor":25.0},{"not_picked":["Thunderclap+1","Searing Blow+1","Dual Wield","Headbutt+1"],"picked":"SKIP","floor":27.0},{"not_picked":["Ghostly Armor","Spot Weakness","Infernal Blade","Shockwave+1"],"picked":"SKIP","floor":31.0},{"not_picked":["Bludgeon+1","Dark Embrace","Impervious"],"picked":"Limit Break","floor":33.0},{"not_picked":["Thunderclap+1","Headbutt+1","Heavy Blade+1","Rage+1"],"picked":"SKIP","floor":35.0},{"not_picked":["Headbutt+1","Sword Boomerang+1","Rampage+1","Iron Wave+1"],"picked":"SKIP","floor":39.0},{"not_picked":["Flex+1","True Grit+1","Anger+1"],"picked":"Offering+1","floor":44.0},{"not_picked":["Clash+1","Searing Blow+1","Pommel Strike+1","Warcry+1"],"picked":"SKIP","floor":45.0},{"not_picked":["Iron Wave+1","Havoc+1","Power Through+1","Feel No Pain+1"],"picked":"SKIP","floor":48.0},{"not_picked":["Metallicize+1","Blood for Blood+1","Perfected Strike+1"],"picked":"Heavy Blade+1","floor":54}],"player_experience":867577,"relics_obtained":[{"floor":7.0,"key":"Juzu Bracelet"},{"floor":9.0,"key":"The Courier"},{"floor":10.0,"key":"Molten Egg 2"},{"floor":13.0,"key":"Happy Flower"},{"floor":23.0,"key":"Toy Ornithopter"},{"floor":25.0,"key":"Question Card"},{"floor":26.0,"key":"Meat on the Bone"},{"floor":30.0,"key":"Gambling Chip"},{"floor":30.0,"key":"Matryoshka"},{"floor":36.0,"key":"Turnip"},{"floor":42.0,"key":"Mango"},{"floor":43.0,"key":"Toxic Egg 2"},{"floor":54,"key":"Bottled Lightning"}],"event_choices":[{"damage_healed":0.0,"max_hp_gain":0.0,"max_hp_loss":0.0,"gold_gain":0.0,"event_name":"Lab","player_choice":"Got Potions","floor":3.0,"gold_loss":0.0,"damage_taken":0.0},{"damage_healed":0.0,"max_hp_gain":5.0,"max_hp_loss":0.0,"gold_gain":0.0,"event_name":"Big Fish","player_choice":"Donut","floor":5.0,"gold_loss":0.0,"damage_taken":0.0},{"damage_healed":0.0,"max_hp_gain":0.0,"max_hp_loss":0.0,"gold_gain":0.0,"event_name":"Liars Game","player_choice":"Ignored","floor":11.0,"gold_loss":0.0,"damage_taken":0.0},{"damage_healed":0.0,"max_hp_gain":0.0,"max_hp_loss":0.0,"gold_gain":0.0,"event_name":"Duplicator","player_choice":"Copied","floor":21.0,"gold_loss":0.0,"damage_taken":0.0,"cards_obtained":["Clash"]},{"cards_removed":["Defend_R"],"damage_healed":0.0,"max_hp_gain":0.0,"max_hp_loss":0.0,"gold_gain":0.0,"event_name":"Beggar","player_choice":"Gave Gold","floor":28.0,"gold_loss":75.0,"damage_taken":0.0},{"damage_healed":0.0,"max_hp_gain":0.0,"max_hp_loss":0.0,"gold_gain":0.0,"event_name":"Colosseum","player_choice":"Fight","floor":30.0,"gold_loss":0.0,"damage_taken":0.0},{"damage_healed":0.0,"max_hp_gain":0.0,"max_hp_loss":0.0,"gold_gain":0.0,"event_name":"Colosseum","player_choice":"Fought Nobs","floor":30.0,"gold_loss":0.0,"damage_taken":0.0},{"damage_healed":0.0,"max_hp_gain":0.0,"max_hp_loss":0.0,"gold_gain":0.0,"event_name":"Mysterious Sphere","player_choice":"Fight","floor":36.0,"gold_loss":0.0,"damage_taken":0.0},{"damage_healed":0.0,"max_hp_gain":0.0,"max_hp_loss":0.0,"gold_gain":100.0,"event_name":"Golden Shrine","player_choice":"Pray","floor":37.0,"gold_loss":0.0,"damage_taken":0.0},{"cards_removed":["Rampage"],"damage_healed":0.0,"max_hp_gain":0.0,"max_hp_loss":0.0,"gold_gain":0.0,"event_name":"Falling","player_choice":"Removed Attack","floor":41.0,"gold_loss":0.0,"damage_taken":0.0},{"damage_healed":0.0,"max_hp_gain":0.0,"max_hp_loss":0.0,"gold_gain":0.0,"event_name":"MindBloom","player_choice":"Fight","floor":42.0,"gold_loss":0.0,"damage_taken":0.0},{"damage_healed":0.0,"max_hp_gain":0.0,"max_hp_loss":5.0,"gold_gain":0.0,"event_name":"Winding Halls","player_choice":"Max HP","floor":46.0,"gold_loss":0.0,"damage_taken":0.0}],"is_beta":true,"boss_relics":[{"not_picked":["Runic Dome","Velvet Choker"],"picked":"Empty Cage"},{"not_picked":["Sozu","Runic Cube"],"picked":"Tiny House"}],"items_purged_floors":[12,38,47],"is_endless":false,"potions_floor_spawned":[1,8,13,14,16,23,25,27,33,39,42,44,45,54],"ascension_level":0}