{"gold_per_floor":[118,136,136,146,221,246,264,264,264,293,311,326,359,369,369,473,473,493,418,333,349,359,389,401,436,493,520,520,619,619,634,634,730,730,750,750,750,773,192,192,206,231,279,305,324,343,343,360,360,360],"floor_reached":51,"playtime":2510,"items_purged":["Strike_R"],"score":864,"play_id":"450aa72d-0676-471a-9cf7-0c1796b739f6","local_time":"20180729010043","is_ascension_mode":false,"campfire_choices":[{"data":"Heavy Blade","floor":8,"key":"SMITH"},{"data":"Whirlwind","floor":15,"key":"SMITH"},{"floor":28,"key":"REST"},{"data":"1","floor":32,"key":"LIFT"},{"data":"2","floor":40,"key":"LIFT"},{"data":"3","floor":47,"key":"LIFT"},{"floor":49,"key":"REST"}],"neow_cost":"","seed_source_timestamp":11540844815612,"circlet_count":0,"master_deck":["Strike_R","Strike_R+1","Strike_R+1","Defend_R","Defend_R","Defend_R","Bash","Flex","Heavy Blade+1","Clash","Flex","Inflame","Cleave","Headbutt","Whirlwind+1","Iron Wave","Offering","Rage+1","Inflame","Offering","Thunderclap","Carnage+1","Battle Trance+1"],"relics":["Burning Blood","Bottled Flame","Dodecahedron","Ornamental Fan","Red Skull","Busted Crown","Kunai","Bag of Preparation","Boot","Tiny Chest","Whetstone","Girya","Philosopher\u0027s Stone","Bag of Marbles","Thread and Needle","TheAbacus","Self Forming Clay","Art of War","Centennial Puzzle"],"potions_floor_usage":[13,22,23,25,44,46,50,50],"damage_taken":[{"damage":0,"enemies":"Small Slimes","floor":1,"turns":4},{"damage":6,"enemies":"Cultist","floor":2,"turns":3},{"damage":7,"enemies":"Jaw Worm","floor":4,"turns":4},{"damage":25,"enemies":"3 Sentries","floor":6,"turns":8},{"damage":1,"enemies":"2 Fungi Beasts","floor":7,"turns":3},{"damage":18,"enemies":"Gremlin Nob","floor":10,"turns":4},{"damage":0,"enemies":"Looter","floor":11,"turns":2},{"damage":5,"enemies":"Exordium Thugs","floor":12,"turns":3},{"damage":10,"enemies":"Lagavulin","floor":13,"turns":6},{"damage":2,"enemies":"3 Louse","floor":14,"turns":3},{"damage":30,"enemies":"Slime Boss","floor":16,"turns":8},{"damage":5,"enemies":"Spheric Guardian","floor":18,"turns":1},{"damage":7,"enemies":"3 Byrds","floor":21,"turns":4},{"damage":21,"enemies":"Centurion and Healer","floor":22,"turns":3},{"damage":32,"enemies":"Book of Stabbing","floor":23,"turns":4},{"damage":15,"enemies":"Sentry and Sphere","floor":24,"turns":3},{"damage":26,"enemies":"Slavers","floor":25,"turns":4},{"damage":5,"enemies":"Gremlin Leader","floor":27,"turns":2},{"damage":5,"enemies":"Cultist and Chosen","floor":31,"turns":4},{"damage":38,"enemies":"Collector","floor":33,"turns":7},{"damage":8,"enemies":"3 Shapes","floor":35,"turns":2},{"damage":5,"enemies":"3 Darklings","floor":41,"turns":2},{"damage":15,"enemies":"2 Orb Walkers","floor":42,"turns":2},{"damage":16,"enemies":"Giant Head","floor":44,"turns":3},{"damage":5,"enemies":"Flame Bruiser 2 Orb","floor":45,"turns":1},{"damage":26,"enemies":"Transient","floor":46,"turns":5},{"damage":5,"enemies":"4 Shapes","floor":48,"turns":1},{"damage":41,"enemies":"Awakened One","floor":50,"turns":7}],"seed_played":"67521375103936535","potions_obtained":[{"floor":2,"key":"PowerPotion"},{"floor":6,"key":"Ancient Potion"},{"floor":10,"key":"Block Potion"},{"floor":11,"key":"Regen Potion"},{"floor":18,"key":"Poison Potion"},{"floor":22,"key":"Regen Potion"},{"floor":23,"key":"FairyPotion"},{"floor":36,"key":"LiquidBronze"},{"floor":44,"key":"SmokeBomb"},{"floor":45,"key":"AttackPotion"},{"floor":46,"key":"Weak Potion"}],"is_trial":false,"path_per_floor":["M","M","?","M","?","E","M","R","T","E","M","M","E","M","R","B",null,"M","?","?","M","M","E","M","E","T","E","R","?","T","M","R","B",null,"M","?","?","T","$","R","M","E","T","E","M","M","R","M","R","B"],"character_chosen":"IRONCLAD","items_purchased":["Thread and Needle","TheAbacus"],"campfire_rested":2,"item_purchase_floors":[39,39],"current_hp_per_floor":[80,80,80,79,68,49,54,54,54,42,48,49,45,49,49,25,80,80,80,80,79,64,50,41,21,21,22,46,46,46,47,47,15,80,78,78,78,78,78,78,79,70,70,60,61,41,41,42,66,46],"gold":360,"neow_bonus":"","is_prod":false,"is_daily":false,"chose_seed":false,"campfire_upgraded":2,"win_rate":0,"timestamp":1532797243,"path_taken":["M","M","?","M","?","E","M","R","T","E","M","M","E","M","R","BOSS","M","?","?","M","M","E","M","E","T","E","R","?","?","M","R","BOSS","M","?","?","?","$","R","M","E","T","E","M","M","R","?","R","BOSS"],"build_version":"2018-07-26","purchased_purges":1,"victory":true,"max_hp_per_floor":[80,80,80,80,80,80,80,80,80,80,80,80,80,80,80,80,80,80,80,80,80,80,80,80,80,80,80,80,80,80,80,80,80,80,80,80,80,80,80,80,80,80,80,80,80,80,80,80,80,80],"card_choices":[{"not_picked":["Pommel Strike","Second Wind"],"picked":"Flex","floor":1},{"not_picked":["Cleave","Hemokinesis"],"picked":"Heavy Blade","floor":2},{"not_picked":["Carnage","Thunderclap"],"picked":"Clash","floor":4},{"not_picked":["Second Wind","Dropkick","Anger"],"picked":"SKIP","floor":6},{"not_picked":["Flame Barrier","Clash"],"picked":"Flex","floor":7},{"not_picked":["Burning Pact","Dropkick"],"picked":"Inflame","floor":10},{"not_picked":["Thunderclap","Carnage"],"picked":"Cleave","floor":11},{"not_picked":["Body Slam","Second Wind"],"picked":"Headbutt","floor":12},{"not_picked":["Offering","Headbutt"],"picked":"Whirlwind","floor":13},{"not_picked":["Body Slam","Power Through"],"picked":"Iron Wave","floor":14},{"not_picked":["Juggernaut","Impervious"],"picked":"Offering","floor":16},{"not_picked":["Clothesline"],"picked":"SKIP","floor":18},{"not_picked":[],"picked":"Rage+1","floor":21},{"not_picked":[],"picked":"Inflame","floor":22},{"not_picked":["Shockwave"],"picked":"SKIP","floor":23},{"not_picked":["Entrench"],"picked":"SKIP","floor":24},{"not_picked":["Ghostly Armor"],"picked":"SKIP","floor":25},{"not_picked":["Perfected Strike"],"picked":"SKIP","floor":27},{"not_picked":["Thunderclap"],"picked":"SKIP","floor":31},{"not_picked":[],"picked":"Offering","floor":33},{"not_picked":[],"picked":"Thunderclap","floor":35},{"not_picked":["Corruption+1"],"picked":"SKIP","floor":41},{"not_picked":["Sever Soul"],"picked":"SKIP","floor":42},{"not_picked":[],"picked":"Carnage+1","floor":44},{"not_picked":[],"picked":"Battle Trance+1","floor":45},{"not_picked":["Burning Pact"],"picked":"SKIP","floor":46},{"not_picked":["Perfected Strike"],"picked":"SKIP","floor":48}],"player_experience":238610,"relics_obtained":[{"floor":6,"key":"Bottled Flame"},{"floor":9,"key":"Dodecahedron"},{"floor":10,"key":"Ornamental Fan"},{"floor":13,"key":"Red Skull"},{"floor":23,"key":"Bag of Preparation"},{"floor":25,"key":"Boot"},{"floor":26,"key":"Tiny Chest"},{"floor":27,"key":"Whetstone"},{"floor":30,"key":"Girya"},{"floor":38,"key":"Bag of Marbles"},{"floor":42,"key":"Self Forming Clay"},{"floor":43,"key":"Art of War"},{"floor":44,"key":"Centennial Puzzle"}],"event_choices":[{"event_name":"The Woman in Blue","player_choice":"Bought 0 Potions","floor":3,"damage_taken":0},{"event_name":"World of Goop","player_choice":"Gather Gold","floor":5,"damage_taken":0},{"event_name":"Beggar","player_choice":"Gave Gold","floor":19,"damage_taken":0},{"event_name":"Addict","player_choice":"Obtained Relic","floor":20,"damage_taken":0},{"event_name":"Nest","player_choice":"Stole From Cult","floor":29,"damage_taken":0},{"event_name":"The Lab","player_choice":"Got Potions","floor":36,"damage_taken":0},{"event_name":"Falling","player_choice":"Removed Skill","floor":37,"damage_taken":0}],"is_beta":false,"boss_relics":[{"not_picked":["Orrery","Fusion Hammer"],"picked":"Busted Crown"},{"not_picked":["Sozu","Empty Cage"],"picked":"Philosopher\u0027s Stone"}],"items_purged_floors":[39],"is_endless":false,"potions_floor_spawned":[2,6,10,11,18,22,23,44,45,46],"ascension_level":0}