{"gold_per_floor":[113,63,80,95,95,123,123,135,135,146,160,160,180,34,34,138,138,158,168,168,57,70,99,99,131,131,131,150,160,160,80,80,184,184,204,224,2,17,30,30,61,116,139,139,166,166,177,57,57,57,57,57,24,53,53],"floor_reached":55,"playtime":1254,"items_purged":["Defend_R","Defend_R","Defend_R","Writhe"],"score":799,"play_id":"338c4526-c26a-4f83-a881-7a5bea04699f","local_time":"20181204161645","is_ascension_mode":false,"campfire_choices":[{"data":"Uppercut","floor":7.0,"key":"SMITH"},{"data":"Heavy Blade","floor":12.0,"key":"SMITH"},{"data":"Shockwave","floor":15.0,"key":"SMITH"},{"data":"Limit Break","floor":24.0,"key":"SMITH"},{"data":"Inflame","floor":27.0,"key":"SMITH"},{"floor":30,"key":"REST"},{"floor":32,"key":"REST"},{"floor":40,"key":"RECALL"},{"floor":44,"key":"REST"},{"data":"Limit Break","floor":49,"key":"SMITH"},{"data":"Flex","floor":52,"key":"SMITH"}],"neow_cost":"NONE","seed_source_timestamp":17418342459388,"circlet_count":0,"master_deck":["Strike_R","Strike_R","Strike_R","Strike_R","Strike_R","Bash","Heavy Blade+1","Uppercut+1","Spot Weakness","Cleave+1","Shockwave+1","Limit Break+1","Twin Strike+1","Heavy Blade+1","Inflame+1","Dropkick+1","Flex+1","Inflame+1","Flex+1","Limit Break+1","Battle Trance+1","Pummel+1","Reaper+1","Inflame"],"special_seed":0,"relics":["Burning Blood","Orichalcum","Molten Egg 2","Mummified Hand","Pen Nib","Black Star","The Courier","Nunchaku","Dream Catcher","Boot","Red Skull","Cursed Key","Bag of Marbles","Oddly Smooth Stone","Kunai","Incense Burner","Singing Bowl","PreservedInsect","Bottled Flame","Lantern"],"potions_floor_usage":[33,55,55,55],"damage_taken":[{"damage":5.0,"enemies":"Jaw Worm","floor":1.0,"turns":2.0},{"damage":0.0,"enemies":"Cultist","floor":3.0,"turns":3.0},{"damage":4.0,"enemies":"Small Slimes","floor":4.0,"turns":3.0},{"damage":19.0,"enemies":"Lagavulin","floor":6.0,"turns":6.0},{"damage":12.0,"enemies":"Exordium Thugs","floor":8.0,"turns":4.0},{"damage":9.0,"enemies":"Blue Slaver","floor":10.0,"turns":3.0},{"damage":8.0,"enemies":"Exordium Wildlife","floor":11.0,"turns":3.0},{"damage":2.0,"enemies":"Looter","floor":13.0,"turns":3.0},{"damage":24.0,"enemies":"Hexaghost","floor":16.0,"turns":8.0},{"damage":14.0,"enemies":"Shell Parasite","floor":18.0,"turns":5.0},{"damage":1.0,"enemies":"Chosen","floor":19.0,"turns":4.0},{"damage":9.0,"enemies":"Snecko","floor":22.0,"turns":4.0},{"damage":10.0,"enemies":"Gremlin Leader","floor":23.0,"turns":4.0},{"damage":30.0,"enemies":"Book of Stabbing","floor":25.0,"turns":4.0},{"damage":16,"enemies":"Centurion and Healer","floor":28,"turns":4},{"damage":0,"enemies":"Snake Plant","floor":29,"turns":2},{"damage":10,"enemies":"Champ","floor":33,"turns":4},{"damage":8,"enemies":"3 Darklings","floor":35,"turns":3},{"damage":13,"enemies":"3 Shapes","floor":36,"turns":4},{"damage":0,"enemies":"Maw","floor":38,"turns":2},{"damage":32,"enemies":"Jaw Worm Horde","floor":39,"turns":3},{"damage":0,"enemies":"Giant Head","floor":41,"turns":3},{"damage":9,"enemies":"2 Orb Walkers","floor":42,"turns":2},{"damage":12,"enemies":"Nemesis","floor":45,"turns":3},{"damage":11,"enemies":"4 Shapes","floor":47,"turns":3},{"damage":13,"enemies":"Time Eater","floor":50,"turns":3},{"damage":37,"enemies":"Shield and Spear","floor":54,"turns":4},{"damage":80,"enemies":"The Heart","floor":55,"turns":5}],"seed_played":"-227239197424888657","potions_obtained":[{"floor":1.0,"key":"SkillPotion"},{"floor":10.0,"key":"Weak Potion"},{"floor":13.0,"key":"Ancient Potion"},{"floor":16.0,"key":"Fire Potion"},{"floor":25.0,"key":"GamblersBrew"},{"floor":38,"key":"Explosive Potion"},{"floor":47,"key":"AttackPotion"},{"floor":54,"key":"SkillPotion"}],"is_trial":false,"path_per_floor":["M","?","M","M","?","E","R","M","T","M","M","R","M","$","R","B",null,"M","M","?","$","M","E","R","E","T","R","M","M","R","$","R","B",null,"M","M","$","M","M","R","E","?","T","R","E","?","M","$","R","B",null,"R","$","E","B"],"character_chosen":"IRONCLAD","items_purchased":["Pen Nib","Inflame","Bag of Marbles","Inflame"],"campfire_rested":3,"item_purchase_floors":[14,21,37,53],"current_hp_per_floor":[80,80,80,80,80,67,67,61,61,58,56,56,60,60,60,42,80,72,77,77,77,74,70,70,46,46,46,36,42,66,66,80,76,80,78,71,71,77,51,51,57,54,54,78,74,74,84,84,84,77,84,84,84,55,0],"gold":53,"neow_bonus":"RANDOM_COMMON_RELIC","is_prod":false,"is_daily":false,"chose_seed":false,"campfire_upgraded":7,"win_rate":0,"timestamp":1543936605,"path_taken":["M","?","M","M","?","E","R","M","T","M","M","R","?","$","R","BOSS","M","M","?","?","M","E","R","E","T","R","M","M","R","$","R","BOSS","M","M","$","M","M","R","E","?","T","R","E","?","M","$","R","BOSS","R","$","E","BOSS"],"build_version":"2018-12-4","purchased_purges":4,"victory":false,"max_hp_per_floor":[80,80,80,80,80,80,80,80,80,80,80,80,80,80,80,80,80,80,80,80,80,80,80,80,80,80,80,80,80,80,80,80,80,80,80,80,80,80,80,80,80,80,80,80,82,82,84,84,84,84,84,84,84,86,86],"card_choices":[{"not_picked":["Flame Barrier","Anger"],"picked":"Heavy Blade","floor":1.0},{"not_picked":["Combust","Anger"],"picked":"Uppercut","floor":3.0},{"not_picked":["Iron Wave","True Grit"],"picked":"Spot Weakness","floor":4.0},{"not_picked":["Clothesline","Sentinel","Evolve"],"picked":"SKIP","floor":6.0},{"not_picked":["Pommel Strike+1","Sword Boomerang+1"],"picked":"Cleave+1","floor":8.0},{"not_picked":["Rupture","Anger+1"],"picked":"Shockwave","floor":10.0},{"not_picked":["Headbutt+1","Rupture","Blood for Blood+1"],"picked":"SKIP","floor":11.0},{"not_picked":["Uppercut+1","Headbutt+1","Feel No Pain"],"picked":"SKIP","floor":13.0},{"not_picked":["Immolate+1","Juggernaut"],"picked":"Limit Break","floor":16.0},{"not_picked":["Clash+1","Burning Pact"],"picked":"Twin Strike+1","floor":18.0},{"not_picked":["Evolve","Iron Wave+1"],"picked":"Heavy Blade+1","floor":19.0},{"not_picked":["Cleave+1","Iron Wave+1","Warcry"],"picked":"SKIP","floor":22.0},{"not_picked":["Intimidate","True Grit"],"picked":"Dropkick+1","floor":23.0},{"not_picked":["Exhume","Hemokinesis+1"],"picked":"Flex+1","floor":25.0},{"not_picked":["Hemokinesis+1","True Grit+1","Perfected Strike+1"],"picked":"SKIP","floor":28},{"not_picked":["Clothesline+1","Infernal Blade+1","Dropkick+1"],"picked":"SKIP","floor":29},{"not_picked":["Fiend Fire+1","True Grit"],"picked":"Inflame+1","floor":30},{"not_picked":["Iron Wave+1","Headbutt+1"],"picked":"Flex","floor":32},{"not_picked":["Berserk","Offering"],"picked":"Limit Break","floor":33},{"not_picked":["Rupture+1","Rampage+1","Pommel Strike+1"],"picked":"SKIP","floor":35},{"not_picked":["Shrug It Off","Power Through","Reckless Charge+1"],"picked":"SKIP","floor":36},{"not_picked":["Power Through+1","Thunderclap+1","Clothesline+1"],"picked":"SKIP","floor":38},{"not_picked":["Whirlwind+1","Intimidate+1"],"picked":"Battle Trance+1","floor":39},{"not_picked":["Warcry","Armaments"],"picked":"Pummel+1","floor":41},{"not_picked":["Havoc+1","True Grit"],"picked":"Reaper+1","floor":42},{"not_picked":["True Grit+1","Sever Soul+1","Twin Strike+1"],"picked":"Singing Bowl","floor":45},{"not_picked":["Clash+1","Corruption+1","Sentinel+1"],"picked":"Singing Bowl","floor":47},{"not_picked":["Brutality","Dual Wield+1","Cleave+1"],"picked":"Singing Bowl","floor":54}],"player_experience":789291,"relics_obtained":[{"floor":6.0,"key":"Molten Egg 2"},{"floor":9.0,"key":"Mummified Hand"},{"floor":23.0,"key":"The Courier"},{"floor":23.0,"key":"Nunchaku"},{"floor":25.0,"key":"Dream Catcher"},{"floor":25.0,"key":"Boot"},{"floor":26.0,"key":"Red Skull"},{"floor":41,"key":"Oddly Smooth Stone"},{"floor":41,"key":"Kunai"},{"floor":42,"key":"Incense Burner"},{"floor":45,"key":"Singing Bowl"},{"floor":45,"key":"PreservedInsect"},{"floor":54,"key":"Bottled Flame"},{"floor":54,"key":"Lantern"}],"event_choices":[{"cards_removed":["Defend_R"],"damage_healed":0.0,"max_hp_gain":0.0,"max_hp_loss":0.0,"gold_gain":0.0,"event_name":"The Cleric","player_choice":"Card Removal","floor":2.0,"gold_loss":50.0,"damage_taken":0.0},{"damage_healed":0.0,"max_hp_gain":0.0,"max_hp_loss":0.0,"gold_gain":0.0,"event_name":"The Woman in Blue","player_choice":"Bought 0 Potions","floor":5.0,"gold_loss":0.0,"damage_taken":0.0},{"damage_healed":0.0,"max_hp_gain":0.0,"max_hp_loss":0.0,"gold_gain":0.0,"event_name":"NoteForYourself","player_choice":"Ignored","floor":20.0,"gold_loss":0.0,"damage_taken":0.0},{"damage_healed":0,"gold_gain":0,"player_choice":"Fight","damage_taken":0,"max_hp_gain":0,"max_hp_loss":0,"event_name":"Mysterious Sphere","floor":42,"gold_loss":0},{"damage_healed":0,"gold_gain":0,"player_choice":"Ignored","damage_taken":0,"max_hp_gain":0,"max_hp_loss":0,"event_name":"Tomb of Lord Red Mask","floor":46,"gold_loss":0}],"is_beta":true,"boss_relics":[{"not_picked":["Runic Cube","Eternal Feather"],"picked":"Black Star"},{"not_picked":["Velvet Choker","Black Blood"],"picked":"Cursed Key"}],"items_purged_floors":[21,31,37,48],"is_endless":false,"potions_floor_spawned":[1,10,13,16,19,22,25,38,41,45,47,54],"killed_by":"The Heart","ascension_level":0}