{"gold_per_floor":[115,127,77,252,266,266,278,342,342,342],"floor_reached":10,"playtime":419,"items_purged":[],"score":58,"play_id":"6b74919d-718a-4416-9040-976ac803e6b9","local_time":"20181122205424","is_ascension_mode":false,"campfire_choices":[{"data":"Chaos","floor":6,"key":"SMITH"}],"neow_cost":"NONE","seed_source_timestamp":4214112795857,"circlet_count":0,"master_deck":["Strike_B","Strike_B","Strike_B","Defend_B","Defend_B","Defend_B","Defend_B","Zap","Dualcast","Capacitor","Chaos+1","Doubt","Consume","Loop"],"relics":["Cracked Core","Pen Nib","Sundial","Centennial Puzzle"],"potions_floor_usage":[8,10],"damage_taken":[{"damage":7,"enemies":"Small Slimes","floor":1,"turns":3},{"damage":0,"enemies":"2 Louse","floor":2,"turns":2},{"damage":15,"enemies":"Jaw Worm","floor":5,"turns":4},{"damage":20,"enemies":"Gremlin Gang","floor":7,"turns":7},{"damage":21,"enemies":"3 Sentries","floor":8,"turns":7},{"damage":16,"enemies":"Large Slime","floor":10,"turns":4}],"seed_played":"-4429706823667141222","potions_obtained":[{"floor":5,"key":"GamblersBrew"},{"floor":8,"key":"AttackPotion"}],"is_trial":false,"path_per_floor":["M","M","?","?","M","R","M","?","T","M"],"character_chosen":"DEFECT","items_purchased":[],"campfire_rested":0,"item_purchase_floors":[],"current_hp_per_floor":[68,68,68,68,53,53,33,12,12,0],"gold":342,"neow_bonus":"RANDOM_COMMON_RELIC","is_prod":false,"is_daily":false,"chose_seed":false,"campfire_upgraded":1,"win_rate":0,"timestamp":1542891264,"path_taken":["M","M","?","?","M","R","M","?","T","M"],"build_version":"2018-11-15","purchased_purges":0,"victory":false,"max_hp_per_floor":[75,75,75,75,75,75,75,75,75,75],"card_choices":[{"not_picked":["Ball Lightning","Conserve Battery"],"picked":"Capacitor","floor":1},{"not_picked":["Cold Snap","Turbo"],"picked":"Chaos","floor":2},{"not_picked":["Fusion","Conserve Battery"],"picked":"Consume","floor":5},{"not_picked":["Redo","Turbo","Melter"],"picked":"SKIP","floor":7},{"not_picked":["Leap","Compile Driver"],"picked":"Loop","floor":8}],"player_experience":452226,"relics_obtained":[{"floor":8,"key":"Sundial"},{"floor":9,"key":"Centennial Puzzle"}],"event_choices":[{"cards_removed":["Strike_B"],"damage_healed":0,"gold_gain":0,"player_choice":"Card Removal","damage_taken":0,"max_hp_gain":0,"max_hp_loss":0,"event_name":"The Cleric","floor":3,"gold_loss":50},{"damage_healed":0,"gold_gain":175,"player_choice":"AGREE","damage_taken":0,"max_hp_gain":0,"max_hp_loss":0,"event_name":"Liars Game","floor":4,"gold_loss":0,"cards_obtained":["Doubt"]},{"damage_healed":0,"gold_gain":0,"player_choice":"Searched \u00272\u0027 times","damage_taken":0,"max_hp_gain":0,"max_hp_loss":0,"event_name":"Dead Adventurer","floor":8,"gold_loss":0}],"is_beta":false,"boss_relics":[],"items_purged_floors":[],"is_endless":false,"potions_floor_spawned":[5,8],"killed_by":"Large Slime","ascension_level":0}