{"gold_per_floor":[113,168,168,187,187,187,187,198,244,254,268,268,286,300,300,395,395,405,455,469,489,489,489,505,516,539,539,300,311,311,321,321,321],"floor_reached":33,"playtime":1188,"items_purged":["Regret"],"score":243,"play_id":"ff4113f7-fa96-4aca-9e71-0c8e8afc9dd8","local_time":"20181115153742","is_ascension_mode":false,"campfire_choices":[{"data":"Anger","floor":6,"key":"SMITH"},{"data":"Thunderclap","floor":15,"key":"SMITH"},{"data":"Uppercut","floor":23,"key":"SMITH"},{"data":"Searing Blow","floor":27,"key":"SMITH"},{"floor":32,"key":"REST"}],"neow_cost":"NONE","seed_source_timestamp":10600724343789,"circlet_count":0,"master_deck":["Strike_R","Strike_R","Strike_R","Defend_R","Defend_R","Defend_R","Defend_R","Bash","Uppercut+1","Anger+1","Cleave","True Grit","Clothesline","Thunderclap+1","Clash","Immolate","Havoc","Dropkick+1","Intimidate","Fiend Fire","True Grit+1","Searing Blow+1","Double Tap"],"relics":["Burning Blood","NeowsBlessing","Shuriken","Oddly Smooth Stone","Bronze Scales","Boot","Empty Cage","Lantern","Nilry\u0027s Codex"],"potions_floor_usage":[10,12,16,20,29,33,33],"damage_taken":[{"damage":0,"enemies":"2 Louse","floor":1,"turns":1},{"damage":0,"enemies":"Small Slimes","floor":4,"turns":1},{"damage":0,"enemies":"Cultist","floor":8,"turns":1},{"damage":8,"enemies":"Gremlin Gang","floor":10,"turns":3},{"damage":7,"enemies":"2 Fungi Beasts","floor":11,"turns":3},{"damage":4,"enemies":"Lots of Slimes","floor":13,"turns":2},{"damage":1,"enemies":"Blue Slaver","floor":14,"turns":2},{"damage":47,"enemies":"Slime Boss","floor":16,"turns":8},{"damage":6,"enemies":"3 Byrds","floor":18,"turns":3},{"damage":16,"enemies":"Spheric Guardian","floor":20,"turns":4},{"damage":17,"enemies":"Chosen and Byrds","floor":21,"turns":4},{"damage":24,"enemies":"Snecko","floor":24,"turns":4},{"damage":11,"enemies":"Snake Plant","floor":25,"turns":4},{"damage":12,"enemies":"3 Cultists","floor":29,"turns":4},{"damage":4,"enemies":"Centurion and Healer","floor":31,"turns":4},{"damage":75,"enemies":"Automaton","floor":33,"turns":10}],"seed_played":"6977315223121475973","potions_obtained":[{"floor":8,"key":"Fire Potion"},{"floor":11,"key":"FairyPotion"},{"floor":12,"key":"Fruit Juice"},{"floor":12,"key":"Regen Potion"},{"floor":12,"key":"SpeedPotion"},{"floor":13,"key":"FearPotion"},{"floor":14,"key":"PowerPotion"},{"floor":16,"key":"Strength Potion"},{"floor":18,"key":"BloodPotion"},{"floor":24,"key":"Explosive Potion"},{"floor":25,"key":"Block Potion"},{"floor":31,"key":"Block Potion"}],"is_trial":false,"path_per_floor":["M","?","?","M","?","R","T","M","T","M","M","?","M","M","R","B",null,"M","?","M","M","?","R","M","M","T","R","$","M","?","M","R","B"],"character_chosen":"IRONCLAD","items_purchased":["Double Tap"],"campfire_rested":1,"item_purchase_floors":[28],"current_hp_per_floor":[80,80,68,74,74,74,74,80,80,78,77,82,84,85,85,44,85,85,85,83,72,72,72,54,49,49,49,49,43,27,29,54,0],"gold":321,"neow_bonus":"THREE_ENEMY_KILL","is_prod":false,"is_daily":false,"chose_seed":false,"campfire_upgraded":4,"win_rate":0,"timestamp":1542267462,"path_taken":["M","?","?","M","?","R","?","M","T","?","?","?","?","M","R","BOSS","M","?","M","?","?","R","M","M","T","R","$","M","?","?","R","BOSS"],"build_version":"2018-11-08","purchased_purges":1,"victory":false,"max_hp_per_floor":[80,80,80,80,80,80,80,80,80,80,80,85,85,85,85,85,85,85,85,85,85,85,85,85,85,85,85,85,85,85,85,85,85],"card_choices":[{"not_picked":["Headbutt","Heavy Blade"],"picked":"Uppercut","floor":1},{"not_picked":["Evolve","Fire Breathing"],"picked":"Anger","floor":4},{"not_picked":["Bloodletting","Disarm"],"picked":"Cleave","floor":8},{"not_picked":["Headbutt","Clothesline"],"picked":"True Grit","floor":10},{"not_picked":["Wild Strike","Corruption"],"picked":"Clothesline","floor":11},{"not_picked":["Twin Strike","Rage"],"picked":"Thunderclap","floor":13},{"not_picked":["Havoc","Perfected Strike"],"picked":"Clash","floor":14},{"not_picked":["Fiend Fire","Barricade"],"picked":"Immolate","floor":16},{"not_picked":["Warcry","Body Slam+1"],"picked":"Havoc","floor":18},{"not_picked":["Combust","Shrug It Off"],"picked":"Dropkick+1","floor":20},{"not_picked":["Cleave","Sword Boomerang"],"picked":"Intimidate","floor":21},{"not_picked":["Body Slam","Metallicize"],"picked":"True Grit+1","floor":24},{"not_picked":["Disarm","Clothesline"],"picked":"Searing Blow","floor":25},{"not_picked":["Dark Embrace","Disarm","Clothesline"],"picked":"SKIP","floor":29},{"not_picked":["Searing Blow","Hemokinesis+1","True Grit"],"picked":"SKIP","floor":31}],"player_experience":443237,"relics_obtained":[{"floor":7,"key":"Bronze Scales"},{"floor":9,"key":"Boot"},{"floor":26,"key":"Lantern"},{"floor":30,"key":"Nilry\u0027s Codex"}],"event_choices":[{"damage_healed":0,"gold_gain":55,"player_choice":"Gained Gold","damage_taken":0,"max_hp_gain":0,"max_hp_loss":0,"event_name":"Golden Wing","floor":2,"gold_loss":0},{"damage_healed":0,"gold_gain":0,"player_choice":"Success","damage_taken":12,"relics_obtained":["Shuriken"],"max_hp_gain":0,"max_hp_loss":0,"event_name":"Scrap Ooze","floor":3,"gold_loss":0},{"damage_healed":0,"gold_gain":0,"player_choice":"Box","damage_taken":0,"relics_obtained":["Oddly Smooth Stone"],"max_hp_gain":0,"max_hp_loss":0,"event_name":"Big Fish","floor":5,"gold_loss":0,"cards_obtained":["Regret"]},{"damage_healed":0,"gold_gain":0,"player_choice":"Got Potions","damage_taken":0,"max_hp_gain":0,"max_hp_loss":0,"event_name":"Lab","floor":12,"gold_loss":0},{"damage_healed":0,"gold_gain":100,"player_choice":"Bet on Murderer","damage_taken":0,"max_hp_gain":0,"max_hp_loss":0,"event_name":"The Joust","floor":19,"gold_loss":50},{"damage_healed":0,"gold_gain":0,"player_choice":"Read","damage_taken":0,"max_hp_gain":0,"max_hp_loss":0,"event_name":"The Library","floor":22,"gold_loss":0,"cards_obtained":["Fiend Fire"]},{"damage_healed":0,"gold_gain":0,"player_choice":"Obtained Book","damage_taken":16,"max_hp_gain":0,"max_hp_loss":0,"event_name":"Cursed Tome","floor":30,"gold_loss":0}],"is_beta":false,"boss_relics":[{"not_picked":["Sozu","Philosopher\u0027s Stone"],"picked":"Empty Cage"}],"items_purged_floors":[28],"is_endless":false,"potions_floor_spawned":[8,11,13,14,16,18,24,25,31],"killed_by":"Automaton","ascension_level":0}