{"gold_per_floor":[117,129,129,129,154,190,190,190,271,295,68,68,92,112,112,112],"floor_reached":16,"playtime":424,"items_purged":[],"score":204,"play_id":"2d0dbd7b-88bd-457e-869d-c997c82b6f77","local_time":"20181126172541","is_ascension_mode":true,"campfire_choices":[{"floor":7,"key":"REST"},{"floor":12,"key":"REST"},{"data":"Streamline","floor":15,"key":"SMITH"}],"neow_cost":"NONE","seed_source_timestamp":20102249931096,"circlet_count":0,"master_deck":["AscendersBane","Defend_B","Defend_B","Defend_B","Defend_B","Zap","Dualcast","Echo Form+1","Skim+1","Loop+1","Gash","Turbo","Sunder","Conserve Battery","Cold Snap","Streamline+1","Coolheaded"],"relics":["Astrolabe","Golden Idol","Oddly Smooth Stone","Bottled Tornado","Omamori"],"potions_floor_usage":[13],"damage_taken":[{"damage":11,"enemies":"Small Slimes","floor":1,"turns":4},{"damage":7,"enemies":"Jaw Worm","floor":2,"turns":3},{"damage":7,"enemies":"Cultist","floor":5,"turns":5},{"damage":29,"enemies":"Lagavulin","floor":6,"turns":8},{"damage":8,"enemies":"Blue Slaver","floor":10,"turns":4},{"damage":1,"enemies":"2 Fungi Beasts","floor":13,"turns":3},{"damage":11,"enemies":"Looter","floor":14,"turns":4},{"damage":31,"enemies":"The Guardian","floor":16,"turns":6}],"seed_played":"6362611327794901664","potions_obtained":[{"floor":2,"key":"LiquidBronze"},{"floor":6,"key":"Swift Potion"},{"floor":13,"key":"Fruit Juice"}],"is_trial":false,"path_per_floor":["M","M","?","?","M","E","R","?","T","M","$","R","M","M","R","B"],"character_chosen":"DEFECT","items_purchased":["Omamori","Cold Snap"],"campfire_rested":2,"item_purchase_floors":[11,11],"current_hp_per_floor":[53,46,46,39,32,3,24,24,24,16,16,37,41,30,30,0],"gold":112,"neow_bonus":"BOSS_RELIC","is_prod":false,"is_daily":false,"chose_seed":false,"campfire_upgraded":1,"win_rate":0,"timestamp":1543249541,"path_taken":["M","M","?","?","?","E","R","?","T","M","$","R","?","M","R","BOSS"],"build_version":"2018-11-15","purchased_purges":0,"victory":false,"max_hp_per_floor":[71,71,71,71,71,71,71,71,71,71,71,71,76,76,76,76],"card_choices":[{"not_picked":["Turbo","Rebound"],"picked":"Gash","floor":1},{"not_picked":["Loop","Streamline"],"picked":"Turbo","floor":2},{"not_picked":["Sweeping Beam","Rebound"],"picked":"Sunder","floor":5},{"not_picked":["Heatsinks","Melter"],"picked":"Conserve Battery","floor":6},{"not_picked":["Hello World","Multi-Cast","FTL"],"picked":"SKIP","floor":10},{"not_picked":["Compile Driver","Reinforced Body"],"picked":"Streamline","floor":13},{"not_picked":["Cold Snap","Steam"],"picked":"Coolheaded","floor":14}],"player_experience":777253,"relics_obtained":[{"floor":6,"key":"Oddly Smooth Stone"},{"floor":9,"key":"Bottled Tornado"}],"event_choices":[{"damage_healed":0,"gold_gain":0,"player_choice":"Take Wound","damage_taken":0,"relics_obtained":["Golden Idol"],"max_hp_gain":0,"max_hp_loss":0,"event_name":"Golden Idol","floor":3,"gold_loss":0,"cards_obtained":["Injury"]},{"cards_removed":["Injury"],"damage_healed":0,"gold_gain":0,"player_choice":"Card Removal","damage_taken":7,"max_hp_gain":0,"max_hp_loss":0,"event_name":"Golden Wing","floor":4,"gold_loss":0},{"cards_removed":["Strike_B"],"damage_healed":0,"gold_gain":0,"player_choice":"Offered Basic","damage_taken":0,"max_hp_gain":0,"max_hp_loss":0,"event_name":"Bonfire Elementals","floor":8,"gold_loss":0}],"is_beta":true,"boss_relics":[],"items_purged_floors":[],"is_endless":false,"potions_floor_spawned":[2,6,10,13],"killed_by":"The Guardian","ascension_level":20}