{"gold_per_floor":[111,124,134,134,149,149,149,149,149,175,125,137,87,99,99,204,204,222,222,18,33,52,52,16,33,33,33,33,53,53,53,53,53],"floor_reached":33,"playtime":1138,"items_purged":["Defend_R","Defend_R","Defend_R"],"score":460,"play_id":"cd019e74-bc97-4bab-9e3b-61ebba295892","local_time":"20180901143037","is_ascension_mode":true,"campfire_choices":[{"data":"Heavy Blade","floor":6.0,"key":"SMITH"},{"data":"Flex","floor":8.0,"key":"SMITH"},{"floor":15.0,"key":"REST"},{"floor":28,"key":"REST"},{"data":"Inflame","floor":30,"key":"SMITH"},{"data":"Immolate","floor":32,"key":"SMITH"}],"neow_cost":"PERCENT_DAMAGE","seed_source_timestamp":537607303004571,"circlet_count":0,"master_deck":["Defend_R","Bash","AscendersBane","Demon Form","Heavy Blade+1","Flex+1","Heavy Blade+1","Berserk","Thunderclap","Spot Weakness","Immolate+1","Spot Weakness","Cleave+1","Sword Boomerang","Bite","Bite","Bite","Bite","Bite","Inflame+1","Normality"],"special_seed":0,"relics":["Burning Blood","Dead Branch","Champion Belt","Smiling Mask","Cursed Key","Orichalcum","Anchor","Lantern"],"potions_floor_usage":[21,22,33],"damage_taken":[{"damage":10.0,"enemies":"Small Slimes","floor":1.0,"turns":5.0},{"damage":10.0,"enemies":"2 Louse","floor":2.0,"turns":3.0},{"damage":6.0,"enemies":"Cultist","floor":3.0,"turns":3.0},{"damage":7.0,"enemies":"Blue Slaver","floor":5.0,"turns":3.0},{"damage":22.0,"enemies":"3 Sentries","floor":10.0,"turns":8.0},{"damage":17.0,"enemies":"Exordium Wildlife","floor":12.0,"turns":5.0},{"damage":7.0,"enemies":"Large Slime","floor":14.0,"turns":4.0},{"damage":28,"enemies":"Slime Boss","floor":16,"turns":7},{"damage":27,"enemies":"2 Thieves","floor":18,"turns":3},{"damage":33,"enemies":"Colosseum Slavers","floor":19,"turns":3},{"damage":10,"enemies":"Shell Parasite","floor":21,"turns":3},{"damage":12,"enemies":"Shelled Parasite and Fungi","floor":22,"turns":2},{"damage":7,"enemies":"Snecko","floor":25,"turns":3},{"damage":18,"enemies":"Snake Plant","floor":29,"turns":4},{"damage":32,"enemies":"Champ","floor":33,"turns":3}],"seed_played":"-7468780601811855607","potions_obtained":[{"floor":1.0,"key":"SteroidPotion"},{"floor":10.0,"key":"GamblersBrew"},{"floor":12.0,"key":"Regen Potion"},{"floor":16,"key":"Swift Potion"},{"floor":18,"key":"Ancient Potion"},{"floor":21,"key":"PowerPotion"},{"floor":22,"key":"SpeedPotion"}],"is_trial":false,"path_per_floor":["M","M","M","?","M","R","?","R","T","E","$","M","$","M","R","B",null,"M","?","$","M","M","?","$","M","T","?","R","M","R","?","R"],"character_chosen":"IRONCLAD","items_purchased":["Orichalcum","Inflame"],"campfire_rested":2,"item_purchase_floors":[20,24],"current_hp_per_floor":[47,43,43,36,35,35,35,35,35,23,23,12,12,11,35,13,63,42,15,15,16,10,10,10,15,15,15,31,29,29,29,29,3],"gold":53,"neow_bonus":"THREE_RARE_CARDS","is_prod":false,"is_daily":false,"chose_seed":false,"campfire_upgraded":4,"win_rate":0,"timestamp":1535805037,"path_taken":["M","M","M","?","M","R","?","R","T","E","$","M","$","?","R","BOSS","M","?","$","M","M","?","$","M","T","?","R","M","R","?","R","BOSS"],"build_version":"2018-08-30","purchased_purges":3,"victory":false,"max_hp_per_floor":[80,80,80,80,80,80,80,80,80,80,80,80,80,80,80,80,80,80,80,80,80,80,56,56,56,56,56,56,56,56,56,56,56],"card_choices":[{"not_picked":["Dark Embrace","Brutality"],"picked":"Demon Form","floor":0.0},{"not_picked":["Searing Blow","Blood for Blood"],"picked":"Heavy Blade","floor":1.0},{"not_picked":["Anger","Entrench","Flame Barrier"],"picked":"SKIP","floor":2.0},{"not_picked":["Clash","Iron Wave"],"picked":"Flex","floor":3.0},{"not_picked":["Thunderclap","Combust"],"picked":"Heavy Blade","floor":5.0},{"not_picked":["Dual Wield","Anger"],"picked":"Berserk","floor":10.0},{"not_picked":["Reckless Charge","Perfected Strike"],"picked":"Thunderclap","floor":12.0},{"not_picked":["Armaments","Seeing Red"],"picked":"Spot Weakness","floor":14.0},{"not_picked":["Fiend Fire","Juggernaut"],"picked":"Immolate","floor":16},{"not_picked":["Cleave","Iron Wave"],"picked":"Spot Weakness","floor":18},{"not_picked":["Clash","Sword Boomerang"],"picked":"Cleave+1","floor":21},{"not_picked":["Evolve","Twin Strike"],"picked":"Sword Boomerang","floor":22},{"not_picked":["Shrug It Off","Body Slam","Cleave"],"picked":"SKIP","floor":25},{"not_picked":["Heavy Blade","Warcry","Headbutt"],"picked":"SKIP","floor":29}],"player_experience":621749,"relics_obtained":[{"floor":9.0,"key":"Champion Belt"},{"floor":10.0,"key":"Smiling Mask"},{"floor":26,"key":"Anchor"}],"event_choices":[{"event_name":"Scrap Ooze","player_choice":"success","floor":4.0,"damage_taken":7.0},{"event_name":"Living Wall","player_choice":"Grow","floor":7.0,"damage_taken":0.0},{"event_name":"Colosseum","player_choice":"Fight","floor":19,"damage_taken":0},{"event_name":"Colosseum","player_choice":"Fled From Nobs","floor":19,"damage_taken":0},{"event_name":"Vampires","player_choice":"Became a vampire","floor":23,"damage_taken":0},{"event_name":"The Mausoleum","player_choice":"Yes","floor":27,"damage_taken":0},{"event_name":"Cursed Tome","player_choice":"Ignored","floor":31,"damage_taken":0}],"is_beta":true,"boss_relics":[{"not_picked":["Velvet Choker","Black Blood"],"picked":"Cursed Key"}],"items_purged_floors":[11,13,20],"is_endless":false,"potions_floor_spawned":[1,10,12,16,18,21,22],"killed_by":"Champ","ascension_level":12}