{"gold_per_floor":[112,287,287,302,319,348,348,368,368,368,368],"floor_reached":11,"playtime":584,"items_purged":[],"score":80,"play_id":"bd19b766-c23b-48cb-985f-6d9397a9fef5","local_time":"20180719002541","is_ascension_mode":true,"campfire_choices":[{"floor":7,"key":"REST"},{"data":"Acrobatics","floor":10,"key":"SMITH"}],"neow_cost":"","seed_source_timestamp":8503546412700,"circlet_count":0,"master_deck":["Defend_G","Defend_G","Defend_G","Defend_G","Defend_G","Strike_G","Strike_G","Strike_G","Strike_G","Strike_G","Survivor","Neutralize","Acrobatics+1","Doubt","Eviscerate","Acrobatics"],"special_seed":0,"relics":["Ring of the Snake","Happy Flower","Ninja Scroll","Bag of Preparation"],"potions_floor_usage":[],"damage_taken":[{"damage":3,"enemies":"Small Slimes","floor":1,"turns":5},{"damage":12,"enemies":"Jaw Worm","floor":4,"turns":7},{"damage":5,"enemies":"Cultist","floor":5,"turns":6},{"damage":33,"enemies":"3 Sentries","floor":6,"turns":13},{"damage":4,"enemies":"Blue Slaver","floor":8,"turns":5},{"damage":23,"enemies":"Lagavulin","floor":11,"turns":5}],"seed_played":"-1446051052257612855","potions_obtained":[{"floor":5,"key":"FearPotion"},{"floor":8,"key":"Strength Potion"}],"is_trial":false,"path_per_floor":["M","?","?","M","M","E","R","M","T","R"],"character_chosen":"THE_SILENT","items_purchased":[],"campfire_rested":1,"item_purchase_floors":[],"current_hp_per_floor":[67,67,55,43,38,5,26,22,22,22,0],"gold":368,"neow_bonus":"","is_prod":false,"is_daily":false,"chose_seed":false,"campfire_upgraded":1,"win_rate":0,"timestamp":1531931141,"path_taken":["M","?","?","?","M","E","R","M","T","R","E"],"build_version":"2018-07-12","purchased_purges":0,"victory":false,"max_hp_per_floor":[70,70,70,70,70,70,70,70,70,70,70],"card_choices":[{"not_picked":["Outmaneuver","PiercingWail"],"picked":"Acrobatics","floor":1},{"not_picked":["Deadly Poison","Accuracy"],"picked":"Eviscerate","floor":4},{"not_picked":["Finisher","Bane","Flying Knee"],"picked":"SKIP","floor":5},{"not_picked":["Dagger Spray","Sucker Punch","Deflect"],"picked":"SKIP","floor":6},{"not_picked":["Burst","Malaise"],"picked":"Acrobatics","floor":8}],"player_experience":149597,"relics_obtained":[{"floor":6,"key":"Ninja Scroll"},{"floor":9,"key":"Bag of Preparation"}],"event_choices":[{"event_name":"Liars Game","player_choice":"agreed","floor":2,"damage_taken":0},{"event_name":"Scrap Ooze","player_choice":"success","floor":3,"damage_taken":12}],"boss_relics":[],"items_purged_floors":[],"is_endless":false,"potions_floor_spawned":[5,8],"killed_by":"Lagavulin","ascension_level":2}