{"gold_per_floor":[13,24,24,24,41,41,55,83,83,103,103],"floor_reached":11,"playtime":249,"items_purged":[],"score":150,"play_id":"0af46ae2-7f15-4439-b80e-1cb3c13137a7","local_time":"20191009181557","is_ascension_mode":true,"campfire_choices":[{"data":"White Noise","floor":6,"key":"SMITH"}],"neow_cost":"NO_GOLD","seed_source_timestamp":368688298905069,"circlet_count":0,"master_deck":["AscendersBane","Strike_B","Strike_B","Strike_B","Strike_B","Defend_B","Defend_B","Defend_B","Defend_B","Zap","Dualcast","Defragment+1","Static Discharge","White Noise+1","Creative AI","Static Discharge","Heatsinks"],"relics":["Cracked Core","Gambling Chip","MealTicket"],"potions_floor_usage":[10],"damage_taken":[{"damage":3,"enemies":"2 Louse","floor":1,"turns":3},{"damage":9,"enemies":"Jaw Worm","floor":2,"turns":4},{"damage":1,"enemies":"Cultist","floor":5,"turns":3},{"damage":16,"enemies":"3 Louse","floor":7,"turns":3},{"damage":32,"enemies":"Gremlin Nob","floor":8,"turns":4},{"damage":6,"enemies":"Lots of Slimes","floor":10,"turns":2},{"damage":0,"enemies":"Gremlin Gang","floor":11,"turns":2}],"seed_played":"-6745324527405494443","potions_obtained":[{"floor":1,"key":"DuplicationPotion"},{"floor":7,"key":"Explosive Potion"},{"floor":10,"key":"FearPotion"}],"is_trial":false,"path_per_floor":["M","M","?","?","M","R","M","E","T","M","M"],"character_chosen":"DEFECT","items_purchased":[],"campfire_rested":0,"item_purchase_floors":[],"current_hp_per_floor":[61,52,52,57,56,56,40,8,8,2,2],"gold":103,"neow_bonus":"ONE_RARE_RELIC","is_prod":false,"is_daily":false,"chose_seed":false,"campfire_upgraded":1,"win_rate":0,"timestamp":1570637757,"path_taken":["M","M","?","?","M","R","M","E","T","M","M"],"build_version":"2019-10-08","purchased_purges":0,"victory":false,"max_hp_per_floor":[71,71,71,76,76,76,76,76,76,76,76],"card_choices":[{"not_picked":["White Noise","Stack"],"picked":"Defragment","floor":1},{"not_picked":["Hologram","Beam Cell"],"picked":"Static Discharge","floor":2},{"not_picked":["Chill","Go for the Eyes"],"picked":"White Noise","floor":5},{"not_picked":["Go for the Eyes","Double Energy"],"picked":"Creative AI","floor":7},{"not_picked":["Barrage","Chaos"],"picked":"Static Discharge","floor":8},{"not_picked":["Cold Snap","Leap"],"picked":"Heatsinks","floor":10}],"player_experience":839047,"relics_obtained":[{"floor":8,"key":"MealTicket"}],"event_choices":[{"damage_healed":0,"gold_gain":0,"player_choice":"Grow","damage_taken":0,"max_hp_gain":0,"max_hp_loss":0,"event_name":"Living Wall","floor":3,"gold_loss":0,"cards_upgraded":["Defragment"]},{"damage_healed":0,"gold_gain":0,"player_choice":"Donut","damage_taken":0,"max_hp_gain":5,"max_hp_loss":0,"event_name":"Big Fish","floor":4,"gold_loss":0}],"is_beta":true,"boss_relics":[],"items_purged_floors":[],"is_endless":false,"potions_floor_spawned":[1,7,10],"killed_by":"Gremlin Gang","ascension_level":20}