{"gold_per_floor":[117,130,141,153,6,35,0,32,80,98,131,201,215,229,229,330,330,340,2,2,2,13,13,13,31,84,84,94,112,112,128,128,128],"floor_reached":33,"playtime":2181,"items_purged":["Strike_B","Strike_B"],"score":379,"play_id":"636e79dc-33b2-452d-8fb6-f6d96da99dea","local_time":"20180715191046","is_ascension_mode":true,"campfire_choices":[{"floor":15.0,"key":"REST"},{"data":"Zap","floor":23,"key":"SMITH"},{"data":"Sunder","floor":30,"key":"SMITH"},{"floor":32,"key":"REST"}],"neow_cost":"","seed_source_timestamp":0,"circlet_count":0,"master_deck":["Strike_B","Strike_B","Defend_B","Defend_B","Defend_B","Defend_B","Zap+1","Dualcast","Coolheaded","Conserve Battery","Storm","Cold Snap","Capacitor","Cold Snap","Sunder+1","Force Field","Streamline","Reboot","Sweeping Beam+1","Coolheaded+1","Skim+1","Loop"],"special_seed":0,"relics":["Cracked Core","Happy Flower","Bottled Lightning","Orichalcum","Blood Vial","Sozu","Toxic Egg 2","Omamori"],"potions_floor_usage":[],"damage_taken":[{"damage":2.0,"enemies":"Small Slimes","floor":1.0,"turns":4.0},{"damage":7.0,"enemies":"2 Louse","floor":2.0,"turns":2.0},{"damage":5.0,"enemies":"Jaw Worm","floor":3.0,"turns":3.0},{"damage":6.0,"enemies":"Looter","floor":4.0,"turns":3.0},{"damage":18.0,"enemies":"3 Sentries","floor":6.0,"turns":11.0},{"damage":14.0,"enemies":"Lagavulin","floor":8.0,"turns":9.0},{"damage":6.0,"enemies":"2 Fungi Beasts","floor":10.0,"turns":4.0},{"damage":13.0,"enemies":"Gremlin Nob","floor":11.0,"turns":5.0},{"damage":12.0,"enemies":"Exordium Thugs","floor":13.0,"turns":6.0},{"damage":4.0,"enemies":"Exordium Wildlife","floor":14.0,"turns":5.0},{"damage":26.0,"enemies":"Hexaghost","floor":16.0,"turns":11.0},{"damage":15,"enemies":"Spheric Guardian","floor":18,"turns":4},{"damage":25,"enemies":"2 Thieves","floor":22,"turns":4},{"damage":12,"enemies":"Snake Plant","floor":25,"turns":4},{"damage":7,"enemies":"3 Cultists","floor":28,"turns":5},{"damage":14,"enemies":"Centurion and Healer","floor":29,"turns":8},{"damage":13,"enemies":"Chosen and Byrds","floor":31,"turns":6},{"damage":55,"enemies":"Automaton","floor":33,"turns":6}],"seed_played":"4944848443004915457","potions_obtained":[{"floor":1.0,"key":"SkillPotion"},{"floor":4.0,"key":"Weak Potion"},{"floor":6.0,"key":"Strength Potion"},{"floor":14.0,"key":"Poison Potion"}],"is_trial":false,"path_per_floor":["M","M","M","M","$","E","?","E","T","M","E","?","M","M","R","B",null,"M","$","?","?","M","R","?","M","T","?","M","M","R","M","R"],"character_chosen":"DEFECT","items_purchased":["Storm","Toxic Egg 2"],"campfire_rested":2,"item_purchase_floors":[5,19],"current_hp_per_floor":[66,59,54,48,48,30,48,34,34,28,15,15,5,3,25,1,57,44,44,44,44,21,21,21,11,11,36,31,19,19,8,30,0],"gold":128,"neow_bonus":"","is_prod":false,"is_daily":false,"chose_seed":false,"campfire_upgraded":2,"win_rate":0,"timestamp":1531674646,"path_taken":["M","M","M","M","$","E","?","E","T","M","E","?","?","M","R","BOSS","M","$","?","?","M","R","?","M","T","?","M","M","R","M","R","BOSS"],"build_version":"2018-07-13","purchased_purges":2,"victory":false,"max_hp_per_floor":[75,75,75,75,75,75,75,75,75,75,75,75,75,75,75,75,75,75,75,75,75,75,75,75,75,75,75,75,75,75,75,75,75],"card_choices":[{"not_picked":["Reprogram","Steam"],"picked":"Coolheaded","floor":1.0},{"not_picked":["Redo","Doom and Gloom","Skim"],"picked":"SKIP","floor":2.0},{"not_picked":["Double Energy","Genetic Algorithm"],"picked":"Conserve Battery","floor":3.0},{"not_picked":["Go for the Eyes","Undo","Rip and Tear"],"picked":"SKIP","floor":4.0},{"not_picked":["Steam","Sweeping Beam"],"picked":"Cold Snap","floor":6.0},{"not_picked":["Capacitor","Go for the Eyes","Hologram"],"picked":"SKIP","floor":8.0},{"not_picked":["Go for the Eyes","Hologram"],"picked":"Capacitor","floor":8.0},{"not_picked":["Barrage","Gash"],"picked":"Cold Snap","floor":10.0},{"not_picked":["Aggregate","White Noise"],"picked":"Sunder","floor":11.0},{"not_picked":["Compile Driver","Undo"],"picked":"Force Field","floor":13.0},{"not_picked":["Steam","Leap"],"picked":"Streamline","floor":14.0},{"not_picked":["Seek","Rainbow"],"picked":"Reboot","floor":16.0},{"not_picked":["Beam Cell+1","Compile Driver","Barrage+1"],"picked":"SKIP","floor":18},{"not_picked":["Genetic Algorithm+1","Streamline"],"picked":"Sweeping Beam+1","floor":22},{"not_picked":["Beam Cell","Hologram+1"],"picked":"Coolheaded+1","floor":25},{"not_picked":["Hologram+1","Doom and Gloom"],"picked":"Skim+1","floor":28},{"not_picked":["Rebound","Thunder Strike","Stack+1"],"picked":"SKIP","floor":29},{"not_picked":["Sweeping Beam+1","Leap+1"],"picked":"Loop","floor":31}],"player_experience":400132,"relics_obtained":[{"floor":6.0,"key":"Happy Flower"},{"floor":8.0,"key":"Bottled Lightning"},{"floor":9.0,"key":"Orichalcum"},{"floor":11.0,"key":"Blood Vial"},{"floor":26,"key":"Omamori"}],"event_choices":[{"event_name":"The Cleric","player_choice":"Healed","floor":7.0,"damage_taken":0.0},{"event_name":"Golden Wing","player_choice":"Gained Gold","floor":12.0,"damage_taken":0.0},{"event_name":"Cursed Tome","player_choice":"Ignored","floor":20,"damage_taken":0},{"event_name":"Addict","player_choice":"Ignored","floor":21,"damage_taken":0},{"event_name":"Beggar","player_choice":"Ignored","floor":24,"damage_taken":0},{"event_name":"The Library","player_choice":"Heal","floor":27,"damage_taken":0}],"boss_relics":[{"not_picked":["Pandora\u0027s Box","Calling Bell"],"picked":"Sozu"}],"items_purged_floors":[5,19],"is_endless":false,"potions_floor_spawned":[1,4,6,14,18,28],"killed_by":"Automaton","ascension_level":8}