{"gold_per_floor":[112,132,147,147,4,37,37,67,67,84,94,113,113,124,124,203,203,223,237,256,57,107,107,135,135,135,135,149,149,18,31,31,105,105,125,125,53,71,71,102,102,116,116,116],"floor_reached":44,"playtime":2606,"items_purged":["Regret"],"score":799,"play_id":"2aef39fa-919c-4d5d-885a-81b5575bc27e","local_time":"20180813153952","is_ascension_mode":true,"campfire_choices":[{"data":"Creative AI","floor":7,"key":"SMITH"},{"floor":13,"key":"REST"},{"data":"Leap","floor":15,"key":"SMITH"},{"floor":23,"key":"REST"},{"data":"Apotheosis","floor":25,"key":"SMITH"},{"data":"Buffer","floor":27,"key":"SMITH"},{"data":"Double Energy","floor":32,"key":"SMITH"}],"neow_cost":"NONE","seed_source_timestamp":11921044316968,"circlet_count":0,"master_deck":["Strike_B","Strike_B","Strike_B+1","Strike_B","Defend_B","Defend_B","Defend_B","Defend_B","Zap+1","Dualcast","AscendersBane","Rip and Tear","Steam","Ball Lightning","Self Repair","Creative AI+1","Electrodynamics","Leap+1","Steam","Compile Driver+1","Buffer+1","Loop","Conserve Battery","Apotheosis+1","Static Discharge","Double Energy+1","Ball Lightning","Buffer","Writhe","Defragment","White Noise","Discovery"],"relics":["FrozenCore","Bag of Marbles","Symbiotic Virus","Art of War","Bronze Scales","Vajra","Nloth\u0027s Gift","Runic Dome","StoneCalendar","Whetstone","Question Card"],"potions_floor_usage":[6,6,10,16,19,24,24,35],"damage_taken":[{"damage":4,"enemies":"2 Louse","floor":1,"turns":3},{"damage":0,"enemies":"Small Slimes","floor":2,"turns":2},{"damage":1,"enemies":"Cultist","floor":3,"turns":3},{"damage":36,"enemies":"Gremlin Nob","floor":6,"turns":4},{"damage":25,"enemies":"Lagavulin","floor":8,"turns":5},{"damage":10,"enemies":"Gremlin Gang","floor":10,"turns":3},{"damage":2,"enemies":"Large Slime","floor":11,"turns":5},{"damage":0,"enemies":"Exordium Thugs","floor":12,"turns":3},{"damage":6,"enemies":"Looter","floor":14,"turns":2},{"damage":18,"enemies":"The Guardian","floor":16,"turns":7},{"damage":11,"enemies":"Spheric Guardian","floor":18,"turns":4},{"damage":6,"enemies":"2 Thieves","floor":19,"turns":4},{"damage":9,"enemies":"Snecko","floor":20,"turns":6},{"damage":3,"enemies":"Gremlin Leader","floor":24,"turns":7},{"damage":1,"enemies":"Sentry and Sphere","floor":28,"turns":3},{"damage":13,"enemies":"Centurion and Healer","floor":31,"turns":7},{"damage":20,"enemies":"Collector","floor":33,"turns":9},{"damage":38,"enemies":"3 Darklings","floor":35,"turns":6},{"damage":14,"enemies":"3 Shapes","floor":38,"turns":4},{"damage":0,"floor":39,"turns":8},{"damage":19,"enemies":"2 Orb Walkers","floor":40,"turns":7},{"damage":31,"enemies":"Jaw Worm Horde","floor":42,"turns":5},{"damage":22,"enemies":"3 Darklings","floor":44,"turns":3}],"seed_played":"6297577655426430554","potions_obtained":[{"floor":1,"key":"Swift Potion"},{"floor":3,"key":"AttackPotion"},{"floor":8,"key":"Energy Potion"},{"floor":12,"key":"PowerPotion"},{"floor":16,"key":"Energy Potion"},{"floor":18,"key":"Explosive Potion"},{"floor":20,"key":"Block Potion"},{"floor":33,"key":"SkillPotion"},{"floor":40,"key":"Poison Potion"},{"floor":42,"key":"SteroidPotion"}],"is_trial":false,"path_per_floor":["M","M","M","?","$","E","R","E","T","M","M","M","R","M","R","B",null,"M","M","M","$","?","R","E","R","T","R","M","?","$","M","R","B",null,"M","?","$","M","?","E","?","M","T"],"character_chosen":"DEFECT","items_purchased":["Self Repair","Apotheosis","Double Energy","Ball Lightning","Defragment"],"campfire_rested":2,"item_purchase_floors":[5,21,30,30,37],"current_hp_per_floor":[60,60,59,59,59,30,30,12,12,9,14,21,42,36,36,25,60,56,50,41,41,41,62,69,69,69,69,68,68,68,62,62,52,66,38,56,56,52,52,40,40,19,19,0],"gold":116,"neow_bonus":"UPGRADE_CARD","is_prod":false,"is_daily":false,"chose_seed":false,"campfire_upgraded":5,"win_rate":0,"timestamp":1534167592,"path_taken":["M","M","M","?","$","E","R","E","T","?","M","M","R","M","R","BOSS","M","?","M","$","?","R","E","R","T","R","?","?","$","M","R","BOSS","M","?","$","?","?","E","?","?","T","?"],"build_version":"2018-08-08","purchased_purges":1,"victory":false,"max_hp_per_floor":[71,71,71,71,71,71,71,71,71,71,71,71,71,71,71,71,71,71,71,71,71,71,71,71,71,71,71,71,71,71,71,71,71,71,71,71,71,71,71,71,71,71,71,71],"card_choices":[{"not_picked":["Aggregate","Capacitor"],"picked":"Rip and Tear","floor":1},{"not_picked":["Stack","Aggregate"],"picked":"Steam","floor":2},{"not_picked":["Redo","Turbo"],"picked":"Ball Lightning","floor":3},{"not_picked":["Fusion","Stack"],"picked":"Creative AI","floor":6},{"not_picked":["Compile Driver","Gash"],"picked":"Electrodynamics","floor":8},{"not_picked":["Beam Cell","Ball Lightning"],"picked":"Leap","floor":10},{"not_picked":["Rebound","Go for the Eyes","Consume"],"picked":"SKIP","floor":11},{"not_picked":["Streamline","Ball Lightning"],"picked":"Steam","floor":12},{"not_picked":["Redo","Auto Shields"],"picked":"Compile Driver","floor":14},{"not_picked":["Reboot","Machine Learning"],"picked":"Buffer","floor":16},{"not_picked":["FTL","Gash"],"picked":"Loop","floor":18},{"not_picked":["Ball Lightning","Go for the Eyes"],"picked":"Conserve Battery","floor":19},{"not_picked":["Coolheaded","Beam Cell","Reprogram"],"picked":"SKIP","floor":20},{"not_picked":["Auto Shields","Doom and Gloom"],"picked":"Static Discharge","floor":24},{"not_picked":["Barrage+1","Steam","Rebound"],"picked":"SKIP","floor":28},{"not_picked":["Beam Cell","Compile Driver","Ball Lightning"],"picked":"SKIP","floor":31},{"not_picked":["Biased Cognition","Rainbow"],"picked":"Buffer","floor":33},{"not_picked":["Hologram","Aggregate+1","Core Surge"],"picked":"SKIP","floor":35},{"not_picked":["Ball Lightning+1","Beam Cell","Coolheaded"],"picked":"SKIP","floor":38},{"not_picked":["All For One","Barrage+1"],"picked":"White Noise","floor":40},{"not_picked":["Violence","Secret Technique"],"picked":"Discovery","floor":41},{"not_picked":["Reprogram","Barrage+1","Rip and Tear"],"picked":"SKIP","floor":42}],"player_experience":537042,"relics_obtained":[{"floor":6,"key":"Symbiotic Virus"},{"floor":8,"key":"Art of War"},{"floor":9,"key":"Bronze Scales"},{"floor":24,"key":"Vajra"},{"floor":26,"key":"Pen Nib"},{"floor":39,"key":"StoneCalendar"},{"floor":40,"key":"Whetstone"},{"floor":43,"key":"Question Card"}],"event_choices":[{"event_name":"Big Fish","player_choice":"Box","floor":4,"damage_taken":0},{"event_name":"The Joust","player_choice":"Bet on Murderer","floor":22,"damage_taken":0},{"event_name":"N\u0027loth","player_choice":"Traded a Pen Nib","floor":29,"damage_taken":0},{"event_name":"Winding Halls","player_choice":"Writhe","floor":36,"damage_taken":0},{"event_name":"MindBloom","player_choice":"Fight","floor":39,"damage_taken":0},{"event_name":"SensoryStone","player_choice":"Memory 1","floor":41,"damage_taken":0}],"is_beta":true,"boss_relics":[{"not_picked":["Orrery","Coffee Dripper"],"picked":"FrozenCore"},{"not_picked":["Tiny House","Snecko Eye"],"picked":"Runic Dome"}],"items_purged_floors":[5],"is_endless":false,"potions_floor_spawned":[1,3,8,12,16,18,20,33,40,42],"killed_by":"3 Darklings","ascension_level":14}