{"gold_per_floor":[114,114,59,59,75,75,110,35,111,111,176,195,195,208,208,285,285,298,312,329,329,329,329,359,359,359,359,370,24,24,74,74,74],"floor_reached":33,"playtime":640,"items_purged":["Strike_B","Decay"],"score":572,"play_id":"677f131d-c176-400c-89aa-18c158512a74","local_time":"20190414004403","is_ascension_mode":true,"campfire_choices":[{"data":"Streamline","floor":6.0,"key":"SMITH"},{"data":"Biased Cognition","floor":10.0,"key":"SMITH"},{"data":"Doom and Gloom","floor":15.0,"key":"SMITH"},{"floor":23,"key":"REST"},{"floor":25,"key":"REST"},{"data":"Creative AI","floor":30,"key":"SMITH"},{"floor":32,"key":"REST"}],"neow_cost":"NONE","seed_source_timestamp":219539192405885,"circlet_count":0,"master_deck":["AscendersBane","Defend_B","Defend_B","Defend_B","Defend_B","Zap","Dualcast","Streamline+1","Conserve Battery","Biased Cognition+1","Doom and Gloom+1","Coolheaded","Conserve Battery","Creative AI+1","Hologram"],"special_seed":0,"relics":["Cracked Core","NeowsBlessing","Mercury Hourglass","Art of War","Bottled Tornado","Pear","Empty Cage","MutagenicStrength","The Courier","Meat on the Bone","Bird Faced Urn"],"potions_floor_usage":[18,20,28,33],"damage_taken":[{"damage":0.0,"enemies":"Jaw Worm","floor":1.0,"turns":1.0},{"damage":0.0,"enemies":"2 Louse","floor":5.0,"turns":1.0},{"damage":0.0,"enemies":"Gremlin Nob","floor":7.0,"turns":1.0},{"damage":8.0,"enemies":"3 Sentries","floor":11.0,"turns":5.0},{"damage":0.0,"enemies":"Cultist","floor":12.0,"turns":2.0},{"damage":0.0,"enemies":"Looter","floor":14.0,"turns":2.0},{"damage":24.0,"enemies":"Slime Boss","floor":16.0,"turns":9.0},{"damage":15,"enemies":"2 Thieves","floor":18,"turns":3},{"damage":23,"enemies":"Spheric Guardian","floor":19,"turns":5},{"damage":26,"enemies":"Shelled Parasite and Fungi","floor":20,"turns":4},{"damage":25,"enemies":"Gremlin Leader","floor":24,"turns":6},{"damage":8,"enemies":"Snecko","floor":28,"turns":4},{"damage":61,"enemies":"Automaton","floor":33,"turns":6}],"seed_played":"7715239459741903995","potions_obtained":[{"floor":5.0,"key":"SteroidPotion"},{"floor":11.0,"key":"FearPotion"},{"floor":12.0,"key":"FocusPotion"},{"floor":16.0,"key":"Energy Potion"},{"floor":18,"key":"EssenceOfSteel"},{"floor":24,"key":"Energy Potion"}],"is_trial":false,"path_per_floor":["M","?","$","?","M","R","E","$","T","R","?","M","?","M","R","B",null,"M","M","M","?","?","R","E","R","T","?","M","$","R","?","R","B"],"character_chosen":"DEFECT","items_purchased":["Conserve Battery","Bird Faced Urn"],"campfire_rested":3,"item_purchase_floors":[3,29],"current_hp_per_floor":[64,53,53,53,53,53,53,53,53,53,55,55,55,55,55,31,69,54,31,5,5,5,29,4,28,28,28,32,32,32,32,56,0],"gold":74,"neow_bonus":"THREE_ENEMY_KILL","is_prod":false,"is_daily":false,"chose_seed":false,"campfire_upgraded":4,"win_rate":0,"timestamp":1555195443,"path_taken":["M","?","$","?","M","R","E","?","T","R","?","?","?","M","R","BOSS","M","M","?","?","?","R","E","R","T","?","M","$","R","?","R","BOSS"],"build_version":"2019-01-23","purchased_purges":2,"victory":false,"max_hp_per_floor":[71,71,71,71,71,71,71,71,71,71,81,81,81,81,81,81,81,81,81,81,81,81,81,81,81,81,81,81,81,81,81,81,81],"card_choices":[{"not_picked":["Ball Lightning","Conserve Battery"],"picked":"Streamline","floor":1.0},{"not_picked":["Blizzard","Gash","Tempest"],"picked":"SKIP","floor":5.0},{"not_picked":["Cold Snap","Streamline"],"picked":"Biased Cognition","floor":7.0},{"not_picked":["Recycle","Turbo"],"picked":"Doom and Gloom","floor":11.0},{"not_picked":["Leap","Hyperbeam"],"picked":"Coolheaded","floor":12.0},{"not_picked":["Ball Lightning","Scrape"],"picked":"Conserve Battery","floor":14.0},{"not_picked":["Multi-Cast","All For One"],"picked":"Creative AI","floor":16.0},{"not_picked":["Barrage","Rebound","Genetic Algorithm"],"picked":"SKIP","floor":18},{"not_picked":["Sweeping Beam+1","Cold Snap"],"picked":"Hologram","floor":19},{"not_picked":["Gash","Hologram","Ball Lightning"],"picked":"SKIP","floor":20},{"not_picked":["Barrage","Stack","Turbo"],"picked":"SKIP","floor":24},{"not_picked":["Recycle+1","Fusion","Meteor Strike"],"picked":"SKIP","floor":28}],"player_experience":829172,"relics_obtained":[{"floor":7.0,"key":"Art of War"},{"floor":9.0,"key":"Bottled Tornado"},{"floor":24,"key":"The Courier"},{"floor":26,"key":"Meat on the Bone"}],"event_choices":[{"damage_healed":0.0,"max_hp_gain":0.0,"max_hp_loss":0.0,"gold_gain":0.0,"event_name":"Scrap Ooze","player_choice":"Success","floor":2.0,"gold_loss":0.0,"damage_taken":11.0,"relics_obtained":["Mercury Hourglass"]},{"damage_healed":0.0,"max_hp_gain":0.0,"max_hp_loss":0.0,"gold_gain":0.0,"event_name":"Golden Idol","player_choice":"Ignored","floor":4.0,"gold_loss":0.0,"damage_taken":0.0},{"damage_healed":0.0,"max_hp_gain":0.0,"max_hp_loss":0.0,"gold_gain":0.0,"event_name":"Dead Adventurer","player_choice":"Searched \u00272\u0027 times","floor":11.0,"gold_loss":0.0,"damage_taken":0.0,"relics_obtained":["Pear"]},{"cards_removed":["Strike_B"],"damage_healed":0.0,"max_hp_gain":0.0,"max_hp_loss":0.0,"gold_gain":0.0,"event_name":"Purifier","player_choice":"Purged","floor":13.0,"gold_loss":0.0,"damage_taken":0.0},{"damage_healed":0,"gold_gain":0,"player_choice":"Inject Mutagens","damage_taken":0,"relics_obtained":["MutagenicStrength"],"max_hp_gain":0,"max_hp_loss":0,"event_name":"Drug Dealer","floor":21,"gold_loss":0},{"damage_healed":0,"gold_gain":0,"player_choice":"Smashed Altar","damage_taken":0,"max_hp_gain":0,"max_hp_loss":0,"event_name":"Forgotten Altar","floor":22,"gold_loss":0,"cards_obtained":["Decay"]},{"damage_healed":0,"gold_gain":0,"player_choice":"Ignored","damage_taken":0,"max_hp_gain":0,"max_hp_loss":0,"event_name":"Ghosts","floor":27,"gold_loss":0},{"damage_healed":0,"gold_gain":50,"player_choice":"Stole From Cult","damage_taken":0,"max_hp_gain":0,"max_hp_loss":0,"event_name":"Nest","floor":31,"gold_loss":0}],"is_beta":false,"boss_relics":[{"not_picked":["Runic Dome","Tiny House"],"picked":"Empty Cage"}],"items_purged_floors":[8,29],"is_endless":false,"potions_floor_spawned":[5,11,12,16,18,24],"killed_by":"Automaton","ascension_level":20}