{"gold_per_floor":[113,63,63,77,37,62,62,90,90,90,103,132,117],"floor_reached":13,"playtime":271,"items_purged":[],"score":132,"play_id":"a44703aa-78b0-4d19-8db7-080e63be7c76","local_time":"20181204230227","is_ascension_mode":true,"campfire_choices":[{"data":"Loop","floor":7,"key":"SMITH"}],"neow_cost":"NONE","seed_source_timestamp":43003141261484,"circlet_count":0,"master_deck":["Strike_B","Strike_B","Strike_B","Defend_B","Defend_B","Defend_B","Defend_B","Zap","Dualcast","Tempest","Decay","Capacitor","Loop+1","Capacitor","Loop","Fusion"],"relics":["Cracked Core","NeowsBlessing","Darkstone Periapt","Pen Nib","Shuriken","Pear","Potion Belt"],"potions_floor_usage":[8,12],"damage_taken":[{"damage":0,"enemies":"Small Slimes","floor":1,"turns":1},{"damage":0,"enemies":"Cultist","floor":4,"turns":1},{"damage":0,"enemies":"3 Sentries","floor":6,"turns":1},{"damage":19,"enemies":"Lagavulin","floor":8,"turns":8},{"damage":3,"enemies":"Jaw Worm","floor":11,"turns":4},{"damage":47,"enemies":"3 Sentries","floor":12,"turns":6},{"damage":7,"enemies":"Looter","floor":13,"turns":2}],"seed_played":"6527452000182832715","potions_obtained":[{"floor":1,"key":"Block Potion"},{"floor":6,"key":"FocusPotion"},{"floor":12,"key":"FocusPotion"}],"is_trial":false,"path_per_floor":["M","?","?","M","$","E","R","E","T","?","M","E","M"],"character_chosen":"DEFECT","items_purchased":["Loop"],"campfire_rested":0,"item_purchase_floors":[5],"current_hp_per_floor":[75,75,75,75,75,75,75,56,56,59,56,9,2],"gold":117,"neow_bonus":"THREE_ENEMY_KILL","is_prod":false,"is_daily":false,"chose_seed":false,"campfire_upgraded":1,"win_rate":0,"timestamp":1543960947,"path_taken":["M","?","?","?","$","E","R","E","T","?","M","E","M"],"build_version":"2018-12-4","purchased_purges":0,"victory":false,"max_hp_per_floor":[75,75,75,75,75,75,75,75,75,85,85,85,85],"card_choices":[{"not_picked":["Reprogram","Scrape"],"picked":"Tempest","floor":1},{"not_picked":["Conserve Battery","Leap"],"picked":"Capacitor","floor":4},{"not_picked":["Gash","Leap"],"picked":"Capacitor","floor":6},{"not_picked":["Hologram","Undo"],"picked":"Loop","floor":8},{"not_picked":["Rip and Tear","Streamline","Hologram"],"picked":"SKIP","floor":11},{"not_picked":["Conserve Battery","Cold Snap"],"picked":"Fusion","floor":12}],"player_experience":793611,"relics_obtained":[{"floor":6,"key":"Darkstone Periapt"},{"floor":8,"key":"Pen Nib"},{"floor":9,"key":"Shuriken"},{"floor":12,"key":"Potion Belt"}],"event_choices":[{"cards_removed":["Strike_B"],"damage_healed":0,"gold_gain":0,"player_choice":"Card Removal","damage_taken":0,"max_hp_gain":0,"max_hp_loss":0,"event_name":"The Cleric","floor":2,"gold_loss":50},{"damage_healed":0,"gold_gain":0,"player_choice":"Cursed","damage_taken":0,"max_hp_gain":0,"max_hp_loss":0,"event_name":"Wheel of Change","floor":3,"gold_loss":0,"cards_obtained":["Decay"]},{"damage_healed":0,"gold_gain":0,"player_choice":"Success","damage_taken":7,"relics_obtained":["Pear"],"max_hp_gain":0,"max_hp_loss":0,"event_name":"Scrap Ooze","floor":10,"gold_loss":0}],"is_beta":true,"boss_relics":[],"items_purged_floors":[],"is_endless":false,"potions_floor_spawned":[1,6,12],"killed_by":"Looter","ascension_level":1}