{"gold_per_floor":[111,36,36,36,46,80,99,99,176,92,109,142,159,169,169,169],"floor_reached":16,"playtime":652,"items_purged":["Strike_R"],"score":274,"play_id":"aa30a515-d6d8-4a32-98ba-6fd63a9826f2","local_time":"20190507022032","is_ascension_mode":true,"campfire_choices":[{"data":"Dual Wield","floor":8.0,"key":"SMITH"},{"data":"Body Slam","floor":15.0,"key":"SMITH"}],"neow_cost":"NONE","seed_source_timestamp":486753755198404,"circlet_count":0,"master_deck":["AscendersBane","Strike_R","Strike_R","Strike_R","Strike_R","Defend_R+1","Defend_R","Defend_R","Defend_R","Bash","Battle Trance","Shrug It Off","Dual Wield+1","Power Through","Entrench","Body Slam+1","Armaments","Impervious"],"special_seed":0,"relics":["Burning Blood","NeowsBlessing","Happy Flower","Singing Bowl","Matryoshka"],"potions_floor_usage":[16,16],"damage_taken":[{"damage":0.0,"enemies":"Small Slimes","floor":1.0,"turns":1.0},{"damage":0.0,"enemies":"Jaw Worm","floor":5.0,"turns":1.0},{"damage":0.0,"enemies":"Lagavulin","floor":6.0,"turns":2.0},{"damage":1.0,"enemies":"2 Louse","floor":7.0,"turns":4.0},{"damage":19.0,"enemies":"Gremlin Gang","floor":11.0,"turns":10.0},{"damage":24.0,"enemies":"3 Sentries","floor":12.0,"turns":11.0},{"damage":4.0,"enemies":"Large Slime","floor":13.0,"turns":9.0},{"damage":0.0,"enemies":"2 Fungi Beasts","floor":14.0,"turns":4.0},{"damage":37,"enemies":"Slime Boss","floor":16,"turns":10}],"seed_played":"4557193553338268959","potions_obtained":[{"floor":5.0,"key":"AttackPotion"},{"floor":7.0,"key":"Fire Potion"},{"floor":12.0,"key":"Swift Potion"},{"floor":13.0,"key":"Explosive Potion"}],"is_trial":false,"path_per_floor":["M","$","?","?","M","E","M","R","T","$","M","E","M","M","R","B"],"character_chosen":"IRONCLAD","items_purchased":["Entrench"],"campfire_rested":0,"item_purchase_floors":[10],"current_hp_per_floor":[74,74,74,74,75,75,75,75,75,75,62,46,48,54,54,17],"gold":169,"neow_bonus":"THREE_ENEMY_KILL","is_prod":false,"is_daily":false,"chose_seed":false,"campfire_upgraded":2,"win_rate":0,"timestamp":1557188432,"path_taken":["M","$","?","?","M","E","M","R","T","$","M","E","M","M","R","BOSS"],"build_version":"2019-01-23","purchased_purges":1,"victory":false,"max_hp_per_floor":[75,75,75,75,75,75,75,75,75,75,75,77,77,77,77,77],"card_choices":[{"not_picked":["Headbutt","Havoc"],"picked":"Battle Trance","floor":1.0},{"not_picked":["Blood for Blood","Sever Soul"],"picked":"Shrug It Off","floor":5.0},{"not_picked":["Thunderclap","Rage"],"picked":"Dual Wield","floor":6.0},{"not_picked":["Burning Pact","Perfected Strike"],"picked":"Power Through","floor":7.0},{"not_picked":["Anger","Iron Wave"],"picked":"Body Slam","floor":11.0},{"not_picked":["True Grit","Cleave","Thunderclap"],"picked":"Singing Bowl","floor":12.0},{"not_picked":["Thunderclap","Wild Strike"],"picked":"Armaments","floor":13.0},{"not_picked":["Anger","Twin Strike"],"picked":"Impervious","floor":14.0}],"player_experience":866383,"relics_obtained":[{"floor":6.0,"key":"Happy Flower"},{"floor":9.0,"key":"Singing Bowl"},{"floor":12.0,"key":"Matryoshka"}],"event_choices":[{"damage_healed":0.0,"max_hp_gain":0.0,"max_hp_loss":0.0,"gold_gain":0.0,"event_name":"Living Wall","player_choice":"Grow","floor":3.0,"gold_loss":0.0,"damage_taken":0.0,"cards_upgraded":["Defend_R"]},{"damage_healed":0.0,"max_hp_gain":0.0,"max_hp_loss":0.0,"gold_gain":0.0,"event_name":"Liars Game","player_choice":"Ignored","floor":4.0,"gold_loss":0.0,"damage_taken":0.0}],"is_beta":false,"boss_relics":[],"items_purged_floors":[2],"is_endless":false,"potions_floor_spawned":[5,7,12,13,14],"killed_by":"Slime Boss","ascension_level":20}