{"gold_per_floor":[118,193,193,104,104,144,144,69,69,83,83,123,123,137,137,227,227,247,291,341,341],"floor_reached":21,"playtime":363,"items_purged":["Strike_B"],"score":416,"play_id":"d9d7763a-37a2-4725-a7a1-5034c48d8cb9","local_time":"20181120011615","is_ascension_mode":true,"campfire_choices":[{"floor":7,"key":"REST"},{"data":"FTL","floor":11,"key":"SMITH"},{"data":"Zap","floor":15,"key":"SMITH"}],"neow_cost":"NONE","seed_source_timestamp":49055799390264,"circlet_count":0,"master_deck":["AscendersBane","Strike_B","Strike_B","Strike_B","Defend_B","Defend_B","Defend_B","Defend_B","Zap+1","Dualcast","Gash","Capacitor","Steam","FTL+1","Barrage+1","Capacitor","Electrodynamics","Glacier","Barrage"],"relics":["Cracked Core","NeowsBlessing","DataDisk","Golden Idol","Happy Flower","Ancient Tea Set","Potion Belt","Velvet Choker","Red Mask"],"potions_floor_usage":[16,16,19],"damage_taken":[{"damage":0,"enemies":"Small Slimes","floor":1,"turns":1},{"damage":0,"enemies":"Gremlin Nob","floor":6,"turns":1},{"damage":0,"enemies":"2 Louse","floor":10,"turns":1},{"damage":5,"enemies":"Lagavulin","floor":12,"turns":7},{"damage":1,"enemies":"Cultist","floor":14,"turns":3},{"damage":37,"enemies":"Hexaghost","floor":16,"turns":8},{"damage":25,"enemies":"Spheric Guardian","floor":18,"turns":4},{"damage":25,"enemies":"Masked Bandits","floor":19,"turns":4},{"damage":7,"enemies":"Chosen","floor":21,"turns":3}],"seed_played":"-2639866610213008640","potions_obtained":[{"floor":6,"key":"Swift Potion"},{"floor":12,"key":"FearPotion"},{"floor":18,"key":"Fire Potion"},{"floor":19,"key":"SteroidPotion"}],"is_trial":false,"path_per_floor":["M","?","?","$","?","E","R","$","T","M","R","E","?","M","R","B",null,"M","?","?","M"],"character_chosen":"DEFECT","items_purchased":["Capacitor"],"campfire_rested":1,"item_purchase_floors":[4],"current_hp_per_floor":[64,53,48,48,24,24,45,45,45,45,45,40,40,39,39,2,54,29,4,4,0],"gold":341,"neow_bonus":"THREE_ENEMY_KILL","is_prod":false,"is_daily":false,"chose_seed":false,"campfire_upgraded":2,"win_rate":0,"timestamp":1542672975,"path_taken":["M","?","?","$","?","E","R","$","T","M","R","E","?","M","R","BOSS","M","?","?","?"],"build_version":"2018-11-15","purchased_purges":1,"victory":false,"max_hp_per_floor":[71,71,71,71,71,71,71,71,71,71,71,71,71,71,71,71,71,71,71,71,71],"card_choices":[{"not_picked":["Recycle","Barrage"],"picked":"Gash","floor":1},{"not_picked":["Rip and Tear","Lockon"],"picked":"Steam","floor":6},{"not_picked":["Reprogram","Compile Driver"],"picked":"FTL","floor":10},{"not_picked":["Rebound","Coolheaded"],"picked":"Barrage","floor":12},{"not_picked":["Scrape","Leap"],"picked":"Capacitor","floor":14},{"not_picked":["Biased Cognition","Thunder Strike"],"picked":"Electrodynamics","floor":16},{"not_picked":["Conserve Battery","Compile Driver"],"picked":"Glacier","floor":18},{"not_picked":["FTL","Lockon"],"picked":"Barrage","floor":19}],"player_experience":770968,"relics_obtained":[{"floor":6,"key":"Happy Flower"},{"floor":9,"key":"Ancient Tea Set"},{"floor":12,"key":"Potion Belt"},{"floor":19,"key":"Red Mask"}],"event_choices":[{"damage_healed":0,"gold_gain":75,"player_choice":"Gather Gold","damage_taken":11,"max_hp_gain":0,"max_hp_loss":0,"event_name":"World of Goop","floor":2,"gold_loss":0},{"damage_healed":0,"gold_gain":0,"player_choice":"Success","damage_taken":5,"relics_obtained":["DataDisk"],"max_hp_gain":0,"max_hp_loss":0,"event_name":"Scrap Ooze","floor":3,"gold_loss":0},{"damage_healed":0,"gold_gain":0,"player_choice":"Take Damage","damage_taken":24,"relics_obtained":["Golden Idol"],"max_hp_gain":0,"max_hp_loss":0,"event_name":"Golden Idol","floor":5,"gold_loss":0},{"damage_healed":0,"gold_gain":0,"player_choice":"Grow","damage_taken":0,"max_hp_gain":0,"max_hp_loss":0,"event_name":"Living Wall","floor":13,"gold_loss":0,"cards_upgraded":["Barrage"]},{"damage_healed":0,"gold_gain":0,"player_choice":"Fought Bandits","damage_taken":0,"max_hp_gain":0,"max_hp_loss":0,"event_name":"Masked Bandits","floor":19,"gold_loss":0},{"damage_healed":0,"gold_gain":50,"player_choice":"Pray","damage_taken":0,"max_hp_gain":0,"max_hp_loss":0,"event_name":"Golden Shrine","floor":20,"gold_loss":0}],"is_beta":true,"boss_relics":[{"not_picked":["Calling Bell","Coffee Dripper"],"picked":"Velvet Choker"}],"items_purged_floors":[8],"is_endless":false,"potions_floor_spawned":[6,12,18,19],"killed_by":"Chosen","ascension_level":20}