{"gold_per_floor":[116,391,405,419,167,167,197,214,214,227,227,252,270,281,281,382,382,395,430,529,529,540,540,567,567,567,567,187,200,214,129,129,225,225,237,257,257,179,199,199,22,51,51,85,85,85,102,118,118,118],"floor_reached":51,"playtime":1923,"items_purged":["Regret","Normality","Strike_B"],"score":846,"play_id":"2ce96418-7bbe-4893-bc1a-4fa9638ede55","local_time":"20181205191603","is_ascension_mode":true,"campfire_choices":[{"data":"Apotheosis","floor":6,"key":"SMITH"},{"data":"Hologram","floor":11,"key":"SMITH"},{"floor":15,"key":"REST"},{"data":"Echo Form","floor":23,"key":"SMITH"},{"floor":25,"key":"REST"},{"floor":27,"key":"REST"},{"floor":32,"key":"REST"},{"data":"Echo Form","floor":40,"key":"SMITH"},{"floor":45,"key":"REST"},{"floor":49,"key":"REST"}],"neow_cost":"NONE","seed_source_timestamp":979254774604,"circlet_count":0,"master_deck":["Strike_B","Strike_B","Strike_B","Defend_B","Defend_B","Defend_B","Dualcast","Gash","Gash","Echo Form+1","Apotheosis+1","Echo Form","Hologram+1","All For One","Consume+1","Go for the Eyes","BootSequence","Gash","Capacitor","Echo Form+1","Leap+1","Conserve Battery+1","Reprogram+1","Self Repair","Hologram+1","Doubt","Buffer","Parasite","Hologram+1","Leap+1","Hologram+1"],"relics":["Runic Dome","Pear","Shuriken","Singing Bowl","Cursed Key","Red Mask","Meat on the Bone","Pantograph","Toxic Egg 2","Kunai","Lizard Tail","Dream Catcher","Anchor","Bottled Flame"],"potions_floor_usage":[14,50,50],"damage_taken":[{"damage":0,"enemies":"Small Slimes","floor":1,"turns":2},{"damage":0,"enemies":"Cultist","floor":3,"turns":3},{"damage":2,"enemies":"2 Louse","floor":4,"turns":3},{"damage":14,"enemies":"Gremlin Nob","floor":7,"turns":3},{"damage":5,"enemies":"Exordium Thugs","floor":8,"turns":4},{"damage":4,"enemies":"Blue Slaver","floor":10,"turns":5},{"damage":16,"enemies":"3 Sentries","floor":12,"turns":5},{"damage":16,"enemies":"Exordium Wildlife","floor":13,"turns":4},{"damage":8,"enemies":"Gremlin Gang","floor":14,"turns":4},{"damage":30,"enemies":"Slime Boss","floor":16,"turns":8},{"damage":10,"enemies":"2 Thieves","floor":18,"turns":4},{"damage":18,"enemies":"Masked Bandits","floor":19,"turns":4},{"damage":1,"enemies":"Chosen","floor":22,"turns":4},{"damage":54,"enemies":"Slavers","floor":24,"turns":6},{"damage":14,"enemies":"Centurion and Healer","floor":29,"turns":5},{"damage":21,"enemies":"Snake Plant","floor":30,"turns":5},{"damage":20,"enemies":"Champ","floor":33,"turns":7},{"damage":5,"enemies":"Orb Walker","floor":35,"turns":4},{"damage":1,"enemies":"3 Darklings","floor":36,"turns":4},{"damage":23,"enemies":"Maw","floor":39,"turns":6},{"damage":82,"enemies":"Reptomancer","floor":42,"turns":8},{"damage":22,"enemies":"Nemesis","floor":44,"turns":5},{"damage":38,"enemies":"Writhing Mass","floor":47,"turns":5},{"damage":41,"enemies":"3 Darklings","floor":48,"turns":8},{"damage":73,"enemies":"Donu and Deca","floor":50,"turns":19}],"seed_played":"3181733228642469364","potions_obtained":[{"floor":8,"key":"Energy Potion"},{"floor":10,"key":"Dexterity Potion"},{"floor":12,"key":"FearPotion"},{"floor":19,"key":"LiquidBronze"},{"floor":22,"key":"Strength Potion"},{"floor":33,"key":"SteroidPotion"}],"is_trial":false,"path_per_floor":["M","?","M","M","$","R","E","M","T","M","R","E","M","M","R","B",null,"M","?","?","?","M","R","E","R","T","R","$","M","M","?","R","B",null,"M","M","?","$","M","R","$","E","T","E","R","$","M","M","R","B",null],"character_chosen":"DEFECT","items_purchased":["Apotheosis","Gash","Toxic Egg 2","Self Repair","Hologram+1"],"campfire_rested":6,"item_purchase_floors":[5,28,28,38,41],"current_hp_per_floor":[75,75,75,73,73,73,69,64,64,60,60,46,32,26,53,23,91,81,65,65,65,64,64,10,37,37,64,64,50,43,43,71,75,95,90,89,89,89,88,88,88,30,30,20,51,51,25,66,96,47],"gold":118,"neow_bonus":"BOSS_RELIC","is_prod":false,"is_daily":false,"chose_seed":false,"campfire_upgraded":4,"win_rate":0,"timestamp":1544033763,"path_taken":["M","?","M","M","$","R","E","M","T","M","R","E","M","?","R","BOSS","M","?","?","?","?","R","E","R","T","R","$","M","M","?","R","BOSS","M","M","?","$","M","R","$","E","T","E","R","$","M","?","R","BOSS"],"build_version":"2018-12-05","purchased_purges":3,"victory":true,"max_hp_per_floor":[75,75,75,75,75,75,85,85,85,85,85,87,89,91,91,91,91,91,93,93,93,93,93,93,93,93,93,93,93,95,95,95,95,95,95,95,95,95,97,97,97,99,99,99,101,101,101,101,101,101],"card_choices":[{"not_picked":["Hologram","Ball Lightning"],"picked":"Gash","floor":1},{"not_picked":["Self Repair","Redo"],"picked":"Gash","floor":3},{"not_picked":["Ball Lightning","Fusion"],"picked":"Echo Form","floor":4},{"not_picked":["Seek","White Noise"],"picked":"Echo Form","floor":7},{"not_picked":["Barrage","Rebound"],"picked":"Hologram","floor":8},{"not_picked":["Ball Lightning","Redo","Barrage"],"picked":"SKIP","floor":10},{"not_picked":["Ball Lightning","Auto Shields","Rip and Tear"],"picked":"Singing Bowl","floor":12},{"not_picked":["Genetic Algorithm","Go for the Eyes","Hologram"],"picked":"Singing Bowl","floor":13},{"not_picked":["Rebound","Conserve Battery","Reinforced Body"],"picked":"Singing Bowl","floor":14},{"not_picked":["Thunder Strike","Biased Cognition"],"picked":"All For One","floor":16},{"not_picked":["Lockon","Coolheaded"],"picked":"Consume+1","floor":18},{"not_picked":["Hologram","BootSequence","Leap"],"picked":"Singing Bowl","floor":19},{"not_picked":["Compile Driver","Leap"],"picked":"Go for the Eyes","floor":22},{"not_picked":["Hologram","Stack"],"picked":"BootSequence","floor":24},{"not_picked":["Coolheaded+1","Hologram+1"],"picked":"Capacitor","floor":29},{"not_picked":["Cold Snap","Redo+1","Sweeping Beam"],"picked":"Singing Bowl","floor":30},{"not_picked":["Multi-Cast+1","Rainbow+1"],"picked":"Echo Form","floor":33},{"not_picked":["Force Field+1","Melter"],"picked":"Leap+1","floor":35},{"not_picked":["Stack+1","Streamline"],"picked":"Conserve Battery+1","floor":36},{"not_picked":["Heatsinks+1","Go for the Eyes+1","Tempest+1"],"picked":"Singing Bowl","floor":39},{"not_picked":["Go for the Eyes+1","Sweeping Beam+1","Streamline"],"picked":"Singing Bowl","floor":42},{"not_picked":["Auto Shields+1","FTL"],"picked":"Buffer","floor":44},{"not_picked":["Fusion+1","Rebound+1","Self Repair+1"],"picked":"Singing Bowl","floor":45},{"not_picked":["Sunder","Rip and Tear+1"],"picked":"Hologram+1","floor":47},{"not_picked":["Redo+1","Beam Cell+1"],"picked":"Leap+1","floor":48},{"not_picked":["Lockon+1","Go for the Eyes+1"],"picked":"Hologram+1","floor":49}],"player_experience":795457,"relics_obtained":[{"floor":7,"key":"Pear"},{"floor":9,"key":"Shuriken"},{"floor":12,"key":"Singing Bowl"},{"floor":19,"key":"Red Mask"},{"floor":24,"key":"Meat on the Bone"},{"floor":26,"key":"Pantograph"},{"floor":42,"key":"Dream Catcher"},{"floor":43,"key":"Anchor"},{"floor":44,"key":"Bottled Flame"}],"event_choices":[{"damage_healed":0,"gold_gain":275,"player_choice":"Desecrate","damage_taken":0,"max_hp_gain":0,"max_hp_loss":0,"event_name":"Golden Shrine","floor":2,"gold_loss":0,"cards_obtained":["Regret"]},{"damage_healed":0,"gold_gain":0,"player_choice":"Fought Bandits","damage_taken":0,"max_hp_gain":0,"max_hp_loss":0,"event_name":"Masked Bandits","floor":19,"gold_loss":0},{"damage_healed":0,"gold_gain":99,"player_choice":"Stole From Cult","damage_taken":0,"max_hp_gain":0,"max_hp_loss":0,"event_name":"Nest","floor":20,"gold_loss":0},{"cards_removed":["Defend_B"],"damage_healed":0,"gold_gain":0,"player_choice":"Card Removal","damage_taken":0,"max_hp_gain":0,"max_hp_loss":0,"event_name":"Wheel of Change","floor":21,"gold_loss":0},{"damage_healed":0,"gold_gain":0,"player_choice":"Obtained Relic","damage_taken":0,"relics_obtained":["Kunai"],"max_hp_gain":0,"max_hp_loss":0,"event_name":"Addict","floor":31,"gold_loss":85},{"damage_healed":0,"gold_gain":0,"cards_transformed":["Zap"],"player_choice":"Transformed","damage_taken":0,"max_hp_gain":0,"max_hp_loss":0,"event_name":"Transmorgrifier","floor":37,"gold_loss":0,"cards_obtained":["Reprogram"]}],"is_beta":true,"boss_relics":[{"not_picked":["Sozu","Black Star"],"picked":"Cursed Key"},{"not_picked":["Calling Bell","Snecko Eye"],"picked":"Lizard Tail"}],"items_purged_floors":[5,28,41],"is_endless":false,"potions_floor_spawned":[8,10,12,19,22,33,35,36,48],"ascension_level":1}