{"gold_per_floor":[111,124,144,157,8,8,8,8,8,8,20,31,61,71,71,176,176,187,187,67,67,85,85,116,116,116,116,43,96,96],"floor_reached":30,"playtime":1662,"items_purged":["Strike_B"],"score":372,"play_id":"20bf00f1-e933-4791-a235-f9841e9518f5","local_time":"20180717155153","is_ascension_mode":true,"campfire_choices":[{"data":"Capacitor","floor":6.0,"key":"SMITH"},{"data":"Consume","floor":8.0,"key":"SMITH"},{"floor":10.0,"key":"REST"},{"data":"Zap","floor":15.0,"key":"SMITH"},{"data":"Fission","floor":23,"key":"SMITH"},{"data":"Coolheaded","floor":25,"key":"SMITH"},{"data":"Coolheaded","floor":27,"key":"SMITH"}],"neow_cost":"","seed_source_timestamp":0,"circlet_count":0,"master_deck":["Strike_B","Strike_B","Strike_B","Defend_B","Defend_B","Defend_B+1","Defend_B","Zap+1","Dualcast","Cold Snap+1","Consume+1","Coolheaded+1","Turbo","Capacitor+1","Cold Snap","Storm","Seek","Storm","Fission+1","Loop+1","Storm","Conserve Battery","Coolheaded+1","Conserve Battery","Storm"],"special_seed":0,"relics":["Cracked Core","Letter Opener","Dream Catcher","Philosopher\u0027s Stone","Meat on the Bone","Art of War","Juzu Bracelet"],"potions_floor_usage":[22,24,24,30],"damage_taken":[{"damage":5.0,"enemies":"Small Slimes","floor":1.0,"turns":4.0},{"damage":0.0,"enemies":"Cultist","floor":2.0,"turns":3.0},{"damage":12.0,"enemies":"Jaw Worm","floor":3.0,"turns":3.0},{"damage":7.0,"enemies":"Blue Slaver","floor":4.0,"turns":3.0},{"damage":0.0,"enemies":"Exordium Wildlife","floor":11.0,"turns":2.0},{"damage":0.0,"enemies":"2 Fungi Beasts","floor":12.0,"turns":3.0},{"damage":14.0,"enemies":"Gremlin Nob","floor":13.0,"turns":5.0},{"damage":2.0,"enemies":"Blue Slaver","floor":14.0,"turns":3.0},{"damage":18.0,"enemies":"The Guardian","floor":16.0,"turns":10.0},{"damage":23.0,"enemies":"Chosen","floor":18.0,"turns":5.0},{"damage":8,"enemies":"3 Byrds","floor":22,"turns":3},{"damage":16,"enemies":"Book of Stabbing","floor":24,"turns":5},{"damage":20,"enemies":"Cultist and Chosen","floor":30,"turns":3}],"seed_played":"-8537566383389824793","potions_obtained":[{"floor":3.0,"key":"Strength Potion"},{"floor":4.0,"key":"AttackPotion"},{"floor":13.0,"key":"Explosive Potion"},{"floor":16.0,"key":"Fire Potion"},{"floor":24,"key":"PowerPotion"}],"is_trial":false,"path_per_floor":["M","M","M","M","$","R","?","R","T","R","M","M","E","M","R","B",null,"M","?","$","?","M","R","E","R","T","R","$","T"],"character_chosen":"DEFECT","items_purchased":["Capacitor","Storm","Conserve Battery","Storm"],"campfire_rested":1,"item_purchase_floors":[5,20,20,28],"current_hp_per_floor":[63,63,51,44,44,44,29,29,29,51,51,51,37,35,35,17,61,38,38,38,38,30,30,14,14,14,14,14,14,0],"gold":96,"neow_bonus":"","is_prod":false,"is_daily":false,"chose_seed":false,"campfire_upgraded":6,"win_rate":0,"timestamp":1531835513,"path_taken":["M","M","M","M","$","R","?","R","T","R","M","M","E","M","R","BOSS","M","?","$","?","M","R","E","R","T","R","$","?","M"],"build_version":"2018-07-16","purchased_purges":1,"victory":false,"max_hp_per_floor":[75,75,75,75,75,75,75,75,75,75,75,75,75,75,75,75,75,75,75,75,75,75,75,75,75,75,75,75,75,75],"card_choices":[{"not_picked":["Beam Cell","Hologram"],"picked":"Cold Snap","floor":1.0},{"not_picked":["Sweeping Beam","Hello World"],"picked":"Consume","floor":2.0},{"not_picked":["Rebound","Conserve Battery"],"picked":"Coolheaded","floor":3.0},{"not_picked":["Sweeping Beam","Reprogram"],"picked":"Turbo","floor":4.0},{"not_picked":["Gash","Aggregate"],"picked":"Cold Snap","floor":11.0},{"not_picked":["Tempest","Static Discharge"],"picked":"Storm","floor":12.0},{"not_picked":["Blizzard","Streamline"],"picked":"Seek","floor":13.0},{"not_picked":["Turbo","Gash"],"picked":"Storm","floor":14.0},{"not_picked":["Thunder Strike","Rainbow"],"picked":"Fission","floor":16.0},{"not_picked":["Capacitor+1","Compile Driver"],"picked":"Loop+1","floor":18.0},{"not_picked":["Reinforced Body","Gash"],"picked":"Coolheaded","floor":22},{"not_picked":["FTL+1","Tempest+1"],"picked":"Conserve Battery","floor":24}],"player_experience":410880,"relics_obtained":[{"floor":9.0,"key":"Letter Opener"},{"floor":13.0,"key":"Dream Catcher"},{"floor":24,"key":"Meat on the Bone"},{"floor":26,"key":"Art of War"},{"floor":29,"key":"Juzu Bracelet"}],"event_choices":[{"event_name":"Shining Light","player_choice":"Entered Light","floor":7.0,"damage_taken":0.0},{"event_name":"Drug Dealer","player_choice":"Ignored","floor":19.0,"damage_taken":0.0},{"event_name":"Ghosts","player_choice":"Ignored","floor":21,"damage_taken":0}],"boss_relics":[{"not_picked":["Snecko Eye","Pandora\u0027s Box"],"picked":"Philosopher\u0027s Stone"}],"items_purged_floors":[5],"is_endless":false,"potions_floor_spawned":[3,4,13,16,24],"killed_by":"Cultist and Chosen","ascension_level":8}