{"gold_per_floor":[110,285,296,44,44,70,85,110,159,184,184,194,222,222,222,222],"floor_reached":16,"playtime":671,"items_purged":["Doubt"],"score":179,"play_id":"888cd7d9-fc3c-4099-8907-9155be21a790","local_time":"20661003105543","is_ascension_mode":true,"campfire_choices":[{"floor":11,"key":"REST"},{"floor":15,"key":"REST"}],"neow_cost":"NONE","seed_source_timestamp":5562626574920,"circlet_count":0,"master_deck":["Strike_P","Strike_P","Strike_P","Strike_P","Defend_P","Defend_P","Defend_P","Defend_P","Eruption","Vigilance","EmptyFist","Devotion","Prostrate","Decay","FlurryOfBlows","FollowUp","SashWhip","Consecrate","Tantrum","FlowState"],"special_seed":0,"relics":["Sozu","Bag of Preparation","Yang","Oddly Smooth Stone","Bronze Scales","Odd Mushroom","StrikeDummy","The Courier"],"potions_floor_usage":[],"damage_taken":[{"damage":0.0,"enemies":"2 Louse","floor":1.0,"turns":4.0},{"damage":0.0,"enemies":"Cultist","floor":3.0,"turns":4.0},{"damage":46.0,"enemies":"Lagavulin","floor":6.0,"turns":5.0},{"damage":0.0,"enemies":"Jaw Worm","floor":7.0,"turns":1.0},{"damage":10,"enemies":"3 Sentries","floor":8,"turns":6},{"damage":14,"enemies":"The Mushroom Lair","floor":10,"turns":3},{"damage":0,"enemies":"Blue Slaver","floor":12,"turns":1},{"damage":0,"enemies":"Gremlin Nob","floor":13,"turns":2},{"damage":45,"enemies":"The Guardian","floor":16,"turns":9}],"seed_played":"-602680241430834091","potions_obtained":[],"is_trial":false,"path_per_floor":["M","?","M","$","?","E","M","E","T","?","R","M","E","T","R","B"],"character_chosen":"WATCHER","items_purchased":["Prostrate","Bag of Preparation"],"campfire_rested":2,"item_purchase_floors":[4,4],"current_hp_per_floor":[72,72,72,72,72,26,26,16,16,2,23,23,23,23,44,0],"gold":222,"neow_bonus":"BOSS_RELIC","is_prod":false,"is_daily":false,"chose_seed":false,"campfire_upgraded":0,"win_rate":0,"timestamp":3053296543,"path_taken":["M","?","M","$","?","E","?","E","T","?","R","M","E","?","R","BOSS"],"build_version":"2019-09-27","purchased_purges":1,"victory":false,"max_hp_per_floor":[72,72,72,72,72,72,72,72,72,72,72,72,72,72,72,72],"card_choices":[{"not_picked":["DeceiveReality","Consecrate"],"picked":"EmptyFist","floor":1.0},{"not_picked":["SpiritShield","Crescendo"],"picked":"Devotion","floor":3.0},{"not_picked":["Halt","ClearTheMind"],"picked":"FlurryOfBlows","floor":6.0},{"not_picked":["BowlingBash","Protect"],"picked":"FollowUp","floor":7.0},{"not_picked":["Prostrate","DeusExMachina"],"picked":"SashWhip","floor":8},{"not_picked":["InnerPeace","DeceiveReality"],"picked":"Consecrate","floor":10},{"not_picked":["SpiritShield","Vengeance"],"picked":"Tantrum","floor":12},{"not_picked":["Weave","Crescendo"],"picked":"FlowState","floor":13}],"player_experience":570574,"relics_obtained":[{"floor":6.0,"key":"Yang"},{"floor":8,"key":"Oddly Smooth Stone"},{"floor":9,"key":"Bronze Scales"},{"floor":10,"key":"Odd Mushroom"},{"floor":13,"key":"StrikeDummy"},{"floor":14,"key":"The Courier"}],"event_choices":[{"damage_healed":0.0,"max_hp_gain":0.0,"max_hp_loss":0.0,"gold_gain":175.0,"event_name":"Liars Game","player_choice":"AGREE","floor":2.0,"gold_loss":0.0,"damage_taken":0.0,"cards_obtained":["Doubt"]},{"damage_healed":0.0,"max_hp_gain":0.0,"max_hp_loss":0.0,"gold_gain":0.0,"event_name":"Wheel of Change","player_choice":"Cursed","floor":5.0,"gold_loss":0.0,"damage_taken":0.0,"cards_obtained":["Decay"]},{"damage_healed":0,"gold_gain":0,"player_choice":"Fought Mushrooms","damage_taken":0,"max_hp_gain":0,"max_hp_loss":0,"event_name":"Mushrooms","floor":10,"gold_loss":0}],"is_beta":true,"boss_relics":[],"items_purged_floors":[4],"is_endless":false,"potions_floor_spawned":[3,6,8,12],"killed_by":"The Guardian","ascension_level":5}