{"gold_per_floor":[117,127,52,52,52,52,79,154,208,208,208,208,224,249,249,346,346,359,359,359,369,173,173,202,202,251,270,280,280,280],"floor_reached":30,"playtime":1124,"items_purged":["Defend_B","Strike_B"],"score":363,"play_id":"fef7fbc3-b50c-4705-8988-942e0310dbb8","local_time":"20181030131206","is_ascension_mode":true,"campfire_choices":[{"data":"Capacitor","floor":6.0,"key":"SMITH"},{"data":"Coolheaded","floor":10.0,"key":"SMITH"},{"data":"Dualcast","floor":12.0,"key":"SMITH"},{"floor":15.0,"key":"REST"},{"data":"Electrodynamics","floor":23.0,"key":"SMITH"},{"floor":25,"key":"REST"},{"floor":29,"key":"REST"}],"neow_cost":"NONE","seed_source_timestamp":6402631979334,"circlet_count":0,"master_deck":["Strike_B","Strike_B","Defend_B","Defend_B","Defend_B","Zap+1","Dualcast+1","Capacitor+1","Coolheaded+1","Rebound","Ball Lightning","Cold Snap","Electrodynamics+1","Ball Lightning+1","FTL+1","Hologram+1","Self Repair","Rip and Tear+1"],"special_seed":0,"relics":["Cracked Core","NeowsBlessing","Potion Belt","Ancient Tea Set","FaceOfCleric","Smiling Mask","White Beast Statue","Pantograph","Blood Vial","Blue Candle","Omamori"],"potions_floor_usage":[24,24,30,30],"damage_taken":[{"damage":0.0,"enemies":"Small Slimes","floor":1.0,"turns":1.0},{"damage":0.0,"enemies":"2 Louse","floor":2.0,"turns":1.0},{"damage":0.0,"enemies":"Gremlin Nob","floor":7.0,"turns":1.0},{"damage":7.0,"enemies":"Jaw Worm","floor":13.0,"turns":2.0},{"damage":29.0,"enemies":"Lagavulin","floor":14.0,"turns":5.0},{"damage":26.0,"enemies":"The Guardian","floor":16.0,"turns":11.0},{"damage":12.0,"enemies":"Chosen","floor":18.0,"turns":4.0},{"damage":23.0,"enemies":"3 Byrds","floor":21.0,"turns":3.0},{"damage":37,"enemies":"Slavers","floor":24,"turns":4},{"damage":2,"enemies":"Cultist and Chosen","floor":27,"turns":3},{"damage":22,"enemies":"Sentry and Sphere","floor":28,"turns":4},{"damage":48,"enemies":"Shelled Parasite and Fungi","floor":30,"turns":3}],"seed_played":"-6948562637543450626","potions_obtained":[{"floor":13.0,"key":"AttackPotion"},{"floor":14.0,"key":"Strength Potion"},{"floor":18.0,"key":"Energy Potion"},{"floor":21.0,"key":"Explosive Potion"},{"floor":24,"key":"Energy Potion"},{"floor":27,"key":"Explosive Potion"},{"floor":28,"key":"Poison Potion"}],"is_trial":false,"path_per_floor":["M","M","$","?","?","R","E","?","T","R","?","R","M","E","R","B",null,"M","?","?","M","$","R","E","R","T","M","M","R"],"character_chosen":"DEFECT","items_purchased":["Blood Vial"],"campfire_rested":3,"item_purchase_floors":[22],"current_hp_per_floor":[68,68,68,73,73,73,73,62,62,62,62,62,56,28,52,27,69,58,58,58,36,36,36,2,27,27,28,16,42,0],"gold":280,"neow_bonus":"THREE_ENEMY_KILL","is_prod":false,"is_daily":false,"chose_seed":false,"campfire_upgraded":4,"win_rate":0,"timestamp":1540876326,"path_taken":["M","M","$","?","?","R","E","?","T","R","?","R","M","E","R","BOSS","M","?","?","M","$","R","E","R","T","M","M","R","M"],"build_version":"2018-10-25v2","purchased_purges":2,"victory":false,"max_hp_per_floor":[75,75,75,80,80,80,80,80,80,80,80,80,81,82,82,83,83,84,84,84,85,85,85,86,86,86,87,88,88,88],"card_choices":[{"not_picked":["Cold Snap","Steam"],"picked":"Capacitor","floor":1.0},{"not_picked":["Compile Driver","Ball Lightning"],"picked":"Coolheaded","floor":2.0},{"not_picked":["BootSequence","Compile Driver"],"picked":"Rebound","floor":7.0},{"not_picked":["Coolheaded","White Noise"],"picked":"Ball Lightning","floor":13.0},{"not_picked":["Steam","Seek"],"picked":"Cold Snap","floor":14.0},{"not_picked":["All For One","Creative AI"],"picked":"Electrodynamics","floor":16.0},{"not_picked":["Steam","Streamline"],"picked":"Ball Lightning+1","floor":18.0},{"not_picked":["Fusion","Conserve Battery"],"picked":"FTL+1","floor":21.0},{"not_picked":["Conserve Battery","Steam"],"picked":"Hologram+1","floor":24},{"not_picked":["Beam Cell","Stack"],"picked":"Self Repair","floor":27},{"not_picked":["Rebound","Stack"],"picked":"Rip and Tear+1","floor":28}],"player_experience":377746,"relics_obtained":[{"floor":7.0,"key":"Potion Belt"},{"floor":9.0,"key":"Ancient Tea Set"},{"floor":14.0,"key":"Smiling Mask"},{"floor":24,"key":"Blue Candle"},{"floor":26,"key":"Omamori"}],"event_choices":[{"damage_healed":0.0,"max_hp_gain":5.0,"max_hp_loss":0.0,"gold_gain":0.0,"event_name":"Big Fish","player_choice":"Donut","floor":4.0,"gold_loss":0.0,"damage_taken":0.0},{"damage_healed":0.0,"max_hp_gain":0.0,"max_hp_loss":0.0,"gold_gain":0.0,"event_name":"Living Wall","player_choice":"Grow","floor":5.0,"gold_loss":0.0,"damage_taken":0.0,"cards_upgraded":["Zap"]},{"damage_healed":0.0,"max_hp_gain":0.0,"max_hp_loss":0.0,"gold_gain":75.0,"event_name":"World of Goop","player_choice":"Gather Gold","floor":8.0,"gold_loss":0.0,"damage_taken":11.0},{"damage_healed":0.0,"max_hp_gain":0.0,"max_hp_loss":0.0,"gold_gain":0.0,"event_name":"FaceTrader","player_choice":"Trade","floor":11.0,"gold_loss":0.0,"damage_taken":0.0,"relics_obtained":["FaceOfCleric"]},{"damage_healed":0.0,"max_hp_gain":0.0,"max_hp_loss":0.0,"gold_gain":0.0,"event_name":"The Mausoleum","player_choice":"Opened","floor":19.0,"gold_loss":0.0,"damage_taken":0.0,"relics_obtained":["Pantograph"]},{"cards_removed":["Strike_B"],"damage_healed":0.0,"max_hp_gain":0.0,"max_hp_loss":0.0,"gold_gain":0.0,"event_name":"Back to Basics","player_choice":"Elegance","floor":20.0,"gold_loss":0.0,"damage_taken":0.0}],"is_beta":false,"boss_relics":[{"not_picked":["Cursed Key","Sozu"],"picked":"White Beast Statue"}],"items_purged_floors":[3,22],"is_endless":false,"potions_floor_spawned":[13,14,18,21,24,27,28],"killed_by":"Shelled Parasite and Fungi","ascension_level":6}