{"gold_per_floor":[115,126,76,76,101,437,457,632,705,729,729],"floor_reached":11,"playtime":281,"items_purged":[],"score":75,"play_id":"b1236f6e-2aa5-4343-a509-93bd5eee9288","local_time":"20181115151743","is_ascension_mode":false,"campfire_choices":[],"neow_cost":"NONE","seed_source_timestamp":10308649435280,"circlet_count":0,"master_deck":["Strike_R","Strike_R","Strike_R","Strike_R","Strike_R","Defend_R","Defend_R","Defend_R","Bash","Forethought","Perfected Strike","Wild Strike","Flex","Thunderclap","Seeing Red","Doubt","Ghostly Armor"],"relics":["Burning Blood","Golden Idol","Old Coin","Mercury Hourglass"],"potions_floor_usage":[],"damage_taken":[{"damage":8,"enemies":"Jaw Worm","floor":1,"turns":4},{"damage":7,"enemies":"Small Slimes","floor":2,"turns":3},{"damage":0,"enemies":"2 Louse","floor":5,"turns":2},{"damage":28,"enemies":"Gremlin Nob","floor":6,"turns":4},{"damage":22,"enemies":"Exordium Thugs","floor":7,"turns":4},{"damage":16,"enemies":"Red Slaver","floor":10,"turns":3}],"seed_played":"-9188990460099735461","potions_obtained":[{"floor":1,"key":"PowerPotion"},{"floor":2,"key":"LiquidBronze"},{"floor":10,"key":"Strength Potion"}],"is_trial":false,"path_per_floor":["M","M","?","?","M","E","M","?","T","M","?"],"character_chosen":"IRONCLAD","items_purchased":[],"campfire_rested":0,"item_purchase_floors":[],"current_hp_per_floor":[78,77,77,57,63,41,25,25,25,15,0],"gold":729,"neow_bonus":"RANDOM_COLORLESS","is_prod":false,"is_daily":false,"chose_seed":false,"campfire_upgraded":0,"win_rate":0,"timestamp":1542266263,"path_taken":["M","M","?","?","M","E","M","?","T","M","?"],"build_version":"2018-11-08","purchased_purges":0,"victory":false,"max_hp_per_floor":[80,80,80,80,80,80,80,80,80,80,80],"card_choices":[{"not_picked":["Disarm","Rage"],"picked":"Perfected Strike","floor":1},{"not_picked":["Anger","Fire Breathing"],"picked":"Wild Strike","floor":2},{"not_picked":["Sword Boomerang","Searing Blow"],"picked":"Flex","floor":5},{"not_picked":["Dual Wield","Seeing Red"],"picked":"Thunderclap","floor":6},{"not_picked":["Limit Break","Warcry"],"picked":"Seeing Red","floor":7},{"not_picked":["Clash","Headbutt"],"picked":"Ghostly Armor","floor":10}],"player_experience":442956,"relics_obtained":[{"floor":6,"key":"Old Coin"},{"floor":9,"key":"Mercury Hourglass"}],"event_choices":[{"cards_removed":["Defend_R"],"damage_healed":0,"gold_gain":0,"player_choice":"Card Removal","damage_taken":0,"max_hp_gain":0,"max_hp_loss":0,"event_name":"The Cleric","floor":3,"gold_loss":50},{"damage_healed":0,"gold_gain":0,"player_choice":"Take Damage","damage_taken":20,"relics_obtained":["Golden Idol"],"max_hp_gain":0,"max_hp_loss":0,"event_name":"Golden Idol","floor":4,"gold_loss":0},{"damage_healed":0,"gold_gain":175,"player_choice":"AGREE","damage_taken":0,"max_hp_gain":0,"max_hp_loss":0,"event_name":"Liars Game","floor":8,"gold_loss":0,"cards_obtained":["Doubt"]}],"is_beta":false,"boss_relics":[],"items_purged_floors":[],"is_endless":false,"potions_floor_spawned":[1,2,10],"ascension_level":0}