{"gold_per_floor":[113,113,13,13,33,60,60,72,125,125,40,60,74,92,92,92],"floor_reached":16,"playtime":482,"items_purged":["Strike_G"],"score":199,"play_id":"9ef7676a-3f04-4a9c-ba2b-df4586e86744","local_time":"20181106225235","is_ascension_mode":true,"campfire_choices":[{"data":"Bouncing Flask","floor":7.0,"key":"SMITH"},{"data":"Deadly Poison","floor":10.0,"key":"SMITH"},{"floor":15.0,"key":"REST"}],"neow_cost":"NONE","seed_source_timestamp":304043559630480,"circlet_count":0,"master_deck":["AscendersBane","Defend_G","Defend_G","Defend_G","Defend_G","Defend_G","Strike_G","Strike_G","Strike_G","Strike_G","Survivor","Neutralize","Bouncing Flask+1","Deadly Poison+1","Leg Sweep","Backflip","Catalyst","Backflip"],"special_seed":0,"relics":["Ring of the Snake","Omamori","Dream Catcher","WarpedTongs","Pen Nib","Tiny Chest"],"potions_floor_usage":[16],"damage_taken":[{"damage":6.0,"enemies":"Jaw Worm","floor":1.0,"turns":8.0},{"damage":0.0,"enemies":"Cultist","floor":5.0,"turns":3.0},{"damage":21.0,"enemies":"Gremlin Nob","floor":6.0,"turns":4.0},{"damage":0.0,"enemies":"2 Louse","floor":8.0,"turns":3.0},{"damage":9.0,"enemies":"Exordium Thugs","floor":12.0,"turns":7.0},{"damage":0.0,"enemies":"2 Fungi Beasts","floor":13.0,"turns":3.0},{"damage":9.0,"enemies":"Gremlin Gang","floor":14.0,"turns":6.0},{"damage":27,"enemies":"Slime Boss","floor":16,"turns":7}],"seed_played":"-2115170256376116872","potions_obtained":[{"floor":1.0,"key":"SteroidPotion"},{"floor":5.0,"key":"FearPotion"},{"floor":12.0,"key":"Poison Potion"},{"floor":13.0,"key":"SpeedPotion"},{"floor":14.0,"key":"SpeedPotion"}],"is_trial":false,"path_per_floor":["M","?","$","?","M","E","R","M","T","R","$","M","M","M","R","B"],"character_chosen":"THE_SILENT","items_purchased":["Deadly Poison","Catalyst"],"campfire_rested":1,"item_purchase_floors":[3,11],"current_hp_per_floor":[53,53,53,53,53,32,32,32,32,32,32,23,23,14,33,6],"gold":92,"neow_bonus":"RANDOM_COMMON_RELIC","is_prod":false,"is_daily":false,"chose_seed":false,"campfire_upgraded":2,"win_rate":0,"timestamp":1541541155,"path_taken":["M","?","?","?","?","E","R","M","T","R","$","M","M","M","R","BOSS"],"build_version":"2018-11-05","purchased_purges":1,"victory":false,"max_hp_per_floor":[66,66,66,66,66,66,66,66,66,66,66,66,66,66,66,66],"card_choices":[{"not_picked":["Predator","Footwork"],"picked":"Bouncing Flask","floor":1.0},{"not_picked":["Quick Slash","Concentrate","Sucker Punch"],"picked":"SKIP","floor":5.0},{"not_picked":["Wraith Form v2","PiercingWail"],"picked":"Leg Sweep","floor":6.0},{"not_picked":["Quick Slash","Setup"],"picked":"Backflip","floor":8.0},{"not_picked":["Infinite Blades","Quick Slash","Cloak And Dagger"],"picked":"SKIP","floor":12.0},{"not_picked":["Reflex","Accuracy","Tactician"],"picked":"SKIP","floor":13.0},{"not_picked":["Quick Slash","Deflect","Acrobatics"],"picked":"SKIP","floor":14.0},{"not_picked":["Sucker Punch","Dagger Throw"],"picked":"Backflip","floor":15.0}],"player_experience":751008,"relics_obtained":[{"floor":6.0,"key":"Pen Nib"},{"floor":9.0,"key":"Tiny Chest"}],"event_choices":[{"damage_healed":0.0,"max_hp_gain":0.0,"max_hp_loss":0.0,"gold_gain":0.0,"event_name":"WeMeetAgain","player_choice":"Gave Potion","floor":2.0,"gold_loss":0.0,"damage_taken":0.0,"relics_obtained":["Dream Catcher"]},{"damage_healed":0.0,"max_hp_gain":0.0,"max_hp_loss":0.0,"gold_gain":0.0,"event_name":"Accursed Blacksmith","player_choice":"Rummage","floor":4.0,"gold_loss":0.0,"damage_taken":0.0,"relics_obtained":["WarpedTongs"],"cards_obtained":["Pain"]}],"is_beta":true,"boss_relics":[],"items_purged_floors":[3],"is_endless":false,"potions_floor_spawned":[1,5,12,13,14],"killed_by":"Slime Boss","ascension_level":19}