{"path_per_floor":["M","M","M","?","M","E","R","E","T","M","R","M","E","M","R","B",null,"M","?","$","M","M","R","E","R","T","R","M","M","M","?","R","B",null,"M","M","$","M","?","R","M","R","T","R","$","R","M","M","R","B"],"character_chosen":"DEFECT","items_purchased":["Thunder Strike","Oddly Smooth Stone","Lantern","Ball Lightning","Capacitor"],"gold_per_floor":[119,138,156,121,140,165,165,194,194,210,210,221,248,258,258,355,355,367,395,21,35,52,52,80,80,80,80,93,104,120,120,120,216,216,230,243,50,66,118,118,134,134,134,134,7,7,23,38,38,38],"floor_reached":51,"campfire_rested":0,"playtime":3220,"current_hp_per_floor":[68,66,59,75,66,58,58,49,56,56,56,54,44,38,38,38,82,81,60,60,58,57,57,46,46,46,46,49,49,49,41,41,21,41,40,40,40,40,34,34,33,33,33,33,33,33,33,22,22,32],"items_purged":["Regret","Regret"],"gold":38,"score":957,"play_id":"b046f604-005b-43dc-ad2d-9d0b647c57ee","local_time":"20180510154934","is_prod":false,"is_daily":false,"chose_seed":false,"is_ascension_mode":true,"campfire_upgraded":3,"timestamp":1525960174,"path_taken":["M","M","M","?","M","E","R","E","T","M","R","M","E","M","R","BOSS","M","?","$","M","?","R","E","R","T","R","M","M","M","?","R","BOSS","M","M","$","M","?","R","?","R","T","R","?","R","M","M","R","BOSS"],"build_version":"2018-05-09","seed_source_timestamp":12069505926250,"purchased_purges":2,"victory":true,"master_deck":["Strike_B","Strike_B","Strike_B","Strike_B","Defend_B","Defend_B+1","Defend_B","Defend_B+1","Zap+1","Dualcast","Go for the Eyes","Sweeping Beam+1","Echo Form","Leap","Cold Snap","Gash","Go for the Eyes","Streamline","FTL","Tempest+1","Thunder Strike","Writhe","Gash","Tempest+1","Thunder Strike","Leap","Streamline+1","FTL","Conserve Battery+1","Ghostly","Ghostly","Ghostly","Ghostly","Ghostly","Echo Form","Sweeping Beam+1","Ball Lightning+1","Leap+1","Capacitor","Defragment+1","Capacitor","Static Discharge+1","Beam Cell+1"],"max_hp_per_floor":[75,75,75,75,75,75,75,75,82,82,82,82,82,82,82,82,82,82,82,82,82,82,82,82,82,82,82,82,82,82,41,41,41,41,41,41,41,41,41,41,41,41,41,41,41,41,41,41,41,41],"relics":["Cracked Core","Thread and Needle","Bronze Scales","Strawberry","Mummified Hand","Calling Bell","War Paint","Mercury Hourglass","Shovel","Red Mask","Oddly Smooth Stone","Anchor","Orichalcum","Bag of Preparation","Bottled Flame","Meat on the Bone","Molten Egg 2","Lizard Tail","Lantern","Sundial","Ancient Tea Set","Kunai","Girya","Prayer Wheel","Cables"],"card_choices":[{"not_picked":["Heatsinks","Cold Snap"],"picked":"Go for the Eyes","floor":1},{"not_picked":["Hologram","Chill"],"picked":"Sweeping Beam","floor":2},{"not_picked":["Beam Cell","White Noise"],"picked":"Echo Form","floor":3},{"not_picked":["Barrage","Darkness"],"picked":"Leap","floor":5},{"not_picked":["Genetic Algorithm","Seek"],"picked":"Cold Snap","floor":6},{"not_picked":["Steam","Leap"],"picked":"Gash","floor":8},{"not_picked":["Blizzard","Chaos"],"picked":"Go for the Eyes","floor":10},{"not_picked":["Ball Lightning","Cold Snap"],"picked":"Streamline","floor":12},{"not_picked":["Doom and Gloom","Barrage"],"picked":"FTL","floor":13},{"not_picked":["Reinforced Body","Blizzard"],"picked":"Tempest","floor":14},{"not_picked":["Echo Form","Meteor Strike"],"picked":"Thunder Strike","floor":16},{"not_picked":["Darkness","Sweeping Beam"],"picked":"Gash","floor":18},{"not_picked":["Sunder","Streamline"],"picked":"Tempest","floor":19},{"not_picked":["Force Field","Stack"],"picked":"Leap","floor":21},{"not_picked":["Go for the Eyes","Rebound"],"picked":"Streamline","floor":22},{"not_picked":["Biased Cognition","Chill"],"picked":"FTL","floor":28},{"not_picked":["Heatsinks","Glacier"],"picked":"Conserve Battery","floor":30},{"not_picked":["Reboot","Rainbow"],"picked":"Echo Form","floor":33},{"not_picked":["Go for the Eyes","Impulse"],"picked":"Sweeping Beam","floor":36},{"not_picked":["Hologram","Rip and Tear"],"picked":"Leap","floor":38},{"not_picked":["Barrage","Sweeping Beam"],"picked":"Capacitor","floor":39},{"not_picked":["Auto Shields","Beam Cell"],"picked":"Defragment","floor":41},{"not_picked":["Cold Snap","Force Field"],"picked":"Static Discharge","floor":47},{"not_picked":["Machine Learning","Skim"],"picked":"Beam Cell","floor":48}],"player_experience":113998,"potions_floor_usage":[6,6,16,19,24,29,33,33,38,50,50,50],"damage_taken":[{"damage":7,"enemies":"Jaw Worm","floor":1,"turns":3},{"damage":2,"enemies":"2 Louse","floor":2,"turns":2},{"damage":7,"enemies":"Small Slimes","floor":3,"turns":3},{"damage":9,"enemies":"3 Louse","floor":5,"turns":3},{"damage":8,"enemies":"3 Sentries","floor":6,"turns":7},{"damage":9,"enemies":"Gremlin Nob","floor":8,"turns":4},{"damage":0,"enemies":"Looter","floor":10,"turns":3},{"damage":2,"enemies":"Large Slime","floor":12,"turns":5},{"damage":10,"enemies":"Lagavulin","floor":13,"turns":5},{"damage":6,"enemies":"Lots of Slimes","floor":14,"turns":2},{"damage":0,"enemies":"Slime Boss","floor":16,"turns":5},{"damage":1,"enemies":"3 Byrds","floor":18,"turns":2},{"damage":21,"enemies":"Masked Bandits","floor":19,"turns":4},{"damage":2,"enemies":"Shell Parasite","floor":21,"turns":3},{"damage":1,"enemies":"Snecko","floor":22,"turns":3},{"damage":11,"enemies":"Gremlin Leader","floor":24,"turns":6},{"damage":9,"enemies":"Centurion and Healer","floor":28,"turns":4},{"damage":12,"enemies":"Slaver and Parasite","floor":29,"turns":5},{"damage":0,"enemies":"Cultist and Chosen","floor":30,"turns":4},{"damage":32,"enemies":"Collector","floor":33,"turns":11},{"damage":1,"enemies":"Orb Walker","floor":35,"turns":3},{"damage":0,"enemies":"3 Darklings","floor":36,"turns":4},{"damage":0,"enemies":"Flame Bruiser 2 Orb","floor":38,"turns":4},{"damage":6,"enemies":"Mysterious Sphere","floor":39,"turns":5},{"damage":1,"enemies":"Maw","floor":41,"turns":8},{"damage":0,"enemies":"3 Darklings","floor":47,"turns":4},{"damage":11,"enemies":"Spire Growth","floor":48,"turns":4},{"damage":31,"enemies":"Awakened One","floor":50,"turns":11}],"event_choices":[{"event_name":"The Cleric","player_choice":"Healed","floor":4,"damage_taken":0},{"event_name":"Ghosts","player_choice":"Became a Ghost","floor":31,"damage_taken":0},{"event_name":"Mysterious Sphere","player_choice":"Fight","floor":39,"damage_taken":0}],"boss_relics":[{"not_picked":["Eternal Feather","Runic Dome"],"picked":"Calling Bell"},{"not_picked":["Tiny House","Inserter"],"picked":"Lizard Tail"}],"potions_floor_spawned":[2,5,8,13,14,19,22,28,33,35,36,47,48],"seed_played":"-2498220147283354537","ascension_level":4,"is_trial":false}