{"gold_per_floor":[113,188,69,34,47,79,93,6,30,30,30,30,30,46,46,122,122,136,150,150,164,164],"floor_reached":22,"playtime":492,"items_purged":["Strike_G"],"score":418,"play_id":"a600098a-de78-4b6e-9328-ca6400aab26a","local_time":"20181124134425","is_ascension_mode":true,"campfire_choices":[{"data":"Blade Dance","floor":13.0,"key":"SMITH"},{"data":"Dodge and Roll","floor":15.0,"key":"SMITH"}],"neow_cost":"NONE","seed_source_timestamp":0,"circlet_count":0,"master_deck":["AscendersBane","Defend_G","Defend_G","Defend_G","Defend_G","Defend_G","Strike_G","Strike_G","Survivor","Neutralize+1","Backstab+1","Noxious Fumes+1","Dodge and Roll+1","Blade Dance+1","Infinite Blades","Corpse Explosion","Bouncing Flask","Backflip"],"special_seed":0,"relics":["Ring of the Snake","NeowsBlessing","Omamori","Whetstone","Philosopher\u0027s Stone"],"potions_floor_usage":[18],"damage_taken":[{"damage":0.0,"enemies":"Cultist","floor":1.0,"turns":1.0},{"damage":0.0,"enemies":"Jaw Worm","floor":5.0,"turns":1.0},{"damage":0.0,"enemies":"Gremlin Nob","floor":6.0,"turns":1.0},{"damage":2.0,"enemies":"Small Slimes","floor":7.0,"turns":4.0},{"damage":0.0,"enemies":"3 Louse","floor":14.0,"turns":3.0},{"damage":12.0,"enemies":"The Guardian","floor":16.0,"turns":11.0},{"damage":27,"enemies":"Chosen","floor":18,"turns":5},{"damage":18,"enemies":"Shell Parasite","floor":19,"turns":5},{"damage":10,"enemies":"Snecko","floor":21,"turns":7},{"damage":0,"enemies":"Cultist and Chosen","floor":22,"turns":3}],"seed_played":"5503275429080254059","potions_obtained":[{"floor":1.0,"key":"Strength Potion"},{"floor":7.0,"key":"Poison Potion"},{"floor":14.0,"key":"PowerPotion"}],"is_trial":false,"path_per_floor":["M","?","$","?","M","E","M","$","T","?","?","?","R","M","R","B",null,"M","M","?","M","M"],"character_chosen":"THE_SILENT","items_purchased":["Noxious Fumes","Infinite Blades"],"campfire_rested":0,"item_purchase_floors":[3,8],"current_hp_per_floor":[59,48,48,64,64,64,62,62,62,62,55,60,60,60,60,48,65,38,20,20,10,10],"gold":164,"neow_bonus":"THREE_ENEMY_KILL","is_prod":false,"is_daily":false,"chose_seed":false,"campfire_upgraded":2,"win_rate":0,"timestamp":1543063465,"path_taken":["M","?","$","?","M","E","M","?","T","?","?","?","R","M","R","BOSS","M","M","?","M","M"],"build_version":"2018-11-15","purchased_purges":1,"victory":false,"max_hp_per_floor":[66,66,66,66,66,66,66,66,66,66,66,71,71,71,71,71,71,71,71,71,71,71],"card_choices":[{"not_picked":["Bane","Dagger Spray"],"picked":"Backstab","floor":1.0},{"not_picked":["Deflect","Acrobatics","Blade Dance"],"picked":"SKIP","floor":5.0},{"not_picked":["Slice","Heel Hook"],"picked":"Dodge and Roll","floor":6.0},{"not_picked":["Underhanded Strike","Quick Slash"],"picked":"Blade Dance","floor":7.0},{"not_picked":["Deflect","Masterful Stab","Backflip"],"picked":"SKIP","floor":14.0},{"not_picked":["Die Die Die","Tools of the Trade"],"picked":"Corpse Explosion","floor":16.0},{"not_picked":["Slice","Prepared"],"picked":"Bouncing Flask","floor":18},{"not_picked":["Flechettes","Acrobatics"],"picked":"Backflip","floor":19},{"not_picked":["Calculated Gamble","Sucker Punch","Heel Hook"],"picked":"SKIP","floor":21}],"player_experience":772471,"relics_obtained":[{"floor":6.0,"key":"Omamori"},{"floor":9.0,"key":"Whetstone"}],"event_choices":[{"damage_healed":0.0,"max_hp_gain":0.0,"max_hp_loss":0.0,"gold_gain":75.0,"event_name":"World of Goop","player_choice":"Gather Gold","floor":2.0,"gold_loss":0.0,"damage_taken":11.0},{"damage_healed":16.0,"max_hp_gain":0.0,"max_hp_loss":0.0,"gold_gain":0.0,"event_name":"The Cleric","player_choice":"Healed","floor":4.0,"gold_loss":35.0,"damage_taken":0.0},{"damage_healed":0.0,"max_hp_gain":0.0,"max_hp_loss":0.0,"gold_gain":0.0,"event_name":"Living Wall","player_choice":"Grow","floor":10.0,"gold_loss":0.0,"damage_taken":0.0,"cards_upgraded":["Noxious Fumes"]},{"cards_removed":["Strike_G"],"damage_healed":0.0,"max_hp_gain":0.0,"max_hp_loss":0.0,"gold_gain":0.0,"event_name":"Golden Wing","player_choice":"Card Removal","floor":11.0,"gold_loss":0.0,"damage_taken":7.0},{"damage_healed":0.0,"max_hp_gain":5.0,"max_hp_loss":0.0,"gold_gain":0.0,"event_name":"Big Fish","player_choice":"Donut","floor":12.0,"gold_loss":0.0,"damage_taken":0.0},{"cards_removed":["Strike_G"],"damage_healed":0,"gold_gain":0,"player_choice":"Offered Basic","damage_taken":0,"max_hp_gain":0,"max_hp_loss":0,"event_name":"Bonfire Elementals","floor":20,"gold_loss":0}],"is_beta":true,"boss_relics":[{"not_picked":["Runic Pyramid","Lizard Tail"],"picked":"Philosopher\u0027s Stone"}],"items_purged_floors":[3],"is_endless":false,"potions_floor_spawned":[1,7,14],"killed_by":"Cultist and Chosen","ascension_level":20}