{"gold_per_floor":[112,124,140,157,171,189,52,52,52,84,104,104,115,132,132,237,237,256,269,289,289,309,115,147,147,147,161,196,213,228,244,244,341,341,357,13,13,0,49,76,76,76,76,89,118,118,118],"floor_reached":47,"playtime":2817,"items_purged":["Strike_B","Strike_B"],"score":900,"play_id":"274ce27f-c3cd-4c1e-a6e5-a7168d8f135b","local_time":"20180805145738","is_ascension_mode":true,"campfire_choices":[{"data":"Self Repair","floor":8,"key":"SMITH"},{"floor":15,"key":"REST"},{"floor":25,"key":"REST"},{"floor":32,"key":"REST"},{"floor":41,"key":"REST"}],"neow_cost":"","seed_source_timestamp":164442746540587,"circlet_count":0,"master_deck":["Strike_B","Strike_B","Defend_B","Defend_B","Defend_B","Defend_B","Zap","Dualcast","AscendersBane","Self Repair+1","Consume","Leap","White Noise","Cold Snap","Electrodynamics","Sweeping Beam+1","Sweeping Beam+1","Self Repair","Multi-Cast","Defragment+1","Chill+1","Conserve Battery","White Noise","Loop","Leap+1","Static Discharge","Buffer","Sweeping Beam+1","Electrodynamics","Defragment","Amplify","Panache","Panache","Skim","Capacitor+1","Madness","Madness","Steam+1","White Noise+1","Force Field+1"],"relics":["Cracked Core","Molten Egg 2","Shuriken","Fusion Hammer","Ornamental Fan","Bronze Scales","Bottled Lightning","Philosopher\u0027s Stone","Red Mask","Gambling Chip","The Courier","Dream Catcher","Toxic Egg 2","Girya"],"potions_floor_usage":[5,6,11,16,20,28,33,40],"damage_taken":[{"damage":1,"enemies":"Cultist","floor":1,"turns":3},{"damage":9,"enemies":"Small Slimes","floor":2,"turns":4},{"damage":13,"enemies":"Jaw Worm","floor":3,"turns":4},{"damage":11,"enemies":"2 Fungi Beasts","floor":4,"turns":4},{"damage":12,"enemies":"Large Slime","floor":5,"turns":6},{"damage":22,"enemies":"Gremlin Gang","floor":6,"turns":7},{"damage":13,"enemies":"3 Sentries","floor":10,"turns":4},{"damage":23,"enemies":"Lots of Slimes","floor":11,"turns":3},{"damage":2,"enemies":"2 Fungi Beasts","floor":13,"turns":3},{"damage":3,"enemies":"3 Louse","floor":14,"turns":3},{"damage":42,"enemies":"Slime Boss","floor":16,"turns":8},{"damage":0,"enemies":"3 Byrds","floor":18,"turns":2},{"damage":13,"enemies":"Spheric Guardian","floor":19,"turns":4},{"damage":38,"enemies":"Snake Plant","floor":20,"turns":2},{"damage":9,"enemies":"Centurion and Healer","floor":22,"turns":6},{"damage":9,"enemies":"Gremlin Leader","floor":24,"turns":8},{"damage":0,"enemies":"3 Cultists","floor":27,"turns":4},{"damage":16,"enemies":"Slavers","floor":28,"turns":3},{"damage":12,"enemies":"Snake Plant","floor":29,"turns":6},{"damage":13,"enemies":"Snecko","floor":30,"turns":5},{"damage":20,"enemies":"Slaver and Parasite","floor":31,"turns":4},{"damage":0,"enemies":"Champ","floor":33,"turns":9},{"damage":0,"enemies":"3 Darklings","floor":35,"turns":3},{"damage":12,"floor":39,"turns":3},{"damage":31,"enemies":"2 Orb Walkers","floor":40,"turns":4},{"damage":11,"enemies":"Orb Walker","floor":44,"turns":3},{"damage":5,"enemies":"Nemesis","floor":45,"turns":5},{"damage":0,"floor":46,"turns":6},{"damage":58,"enemies":"Transient","floor":47,"turns":5}],"seed_played":"-920882687284966544","potions_obtained":[{"floor":1,"key":"PowerPotion"},{"floor":2,"key":"SteroidPotion"},{"floor":10,"key":"SteroidPotion"},{"floor":13,"key":"Regen Potion"},{"floor":18,"key":"Poison Potion"},{"floor":20,"key":"Strength Potion"},{"floor":22,"key":"Block Potion"},{"floor":31,"key":"AttackPotion"},{"floor":33,"key":"Block Potion"},{"floor":44,"key":"Dexterity Potion"},{"floor":45,"key":"Strength Potion"},{"floor":46,"key":"Energy Potion"}],"is_trial":false,"path_per_floor":["M","M","M","M","M","M","$","R","T","E","M","?","M","M","R","B",null,"M","M","M","?","M","$","E","R","T","M","E","M","M","M","R","B",null,"M","$","?","?","?","E","R","?","T","M","E","?"],"character_chosen":"DEFECT","items_purchased":["Electrodynamics","White Noise","Loop","Defragment","Amplify"],"campfire_rested":4,"item_purchase_floors":[7,23,23,36,36],"current_hp_per_floor":[67,65,59,55,43,28,28,28,28,25,12,12,10,17,39,29,64,74,75,47,47,62,62,70,75,75,75,75,75,75,72,75,75,75,75,75,65,65,60,36,58,49,49,38,43,50,0],"gold":118,"neow_bonus":"","is_prod":false,"is_daily":false,"chose_seed":false,"campfire_upgraded":1,"win_rate":0,"timestamp":1533473858,"path_taken":["M","M","M","M","M","?","$","R","T","E","?","?","M","M","R","BOSS","M","M","M","?","M","$","E","R","T","?","E","M","M","M","R","BOSS","M","$","?","?","?","E","R","?","T","M","E","?","M"],"build_version":"2018-08-01","purchased_purges":2,"victory":false,"max_hp_per_floor":[75,75,75,75,75,75,75,75,75,75,75,75,75,75,75,75,75,75,75,75,75,75,75,75,75,75,75,75,75,75,75,75,75,75,75,75,75,75,75,75,75,75,75,75,75,75,75],"card_choices":[{"not_picked":["Darkness","Coolheaded"],"picked":"Self Repair","floor":1},{"not_picked":["Leap","Coolheaded"],"picked":"Consume","floor":2},{"not_picked":["Beam Cell","Rebound"],"picked":"Leap","floor":3},{"not_picked":["Coolheaded","Tempest"],"picked":"White Noise","floor":4},{"not_picked":["Rainbow","Stack","Undo"],"picked":"SKIP","floor":5},{"not_picked":["Chill","Compile Driver"],"picked":"Cold Snap","floor":6},{"not_picked":["Turbo","Beam Cell+1"],"picked":"Sweeping Beam+1","floor":10},{"not_picked":["Barrage+1","Sunder+1","Hologram"],"picked":"SKIP","floor":11},{"not_picked":["Ball Lightning+1","Force Field"],"picked":"Sweeping Beam+1","floor":13},{"not_picked":["Leap","Loop"],"picked":"Self Repair","floor":14},{"not_picked":["Hyperbeam+1","Meteor Strike+1"],"picked":"Multi-Cast","floor":16},{"not_picked":["Conserve Battery","Rebound+1"],"picked":"Defragment+1","floor":18},{"not_picked":["Blizzard+1","Gash+1","Beam Cell+1"],"picked":"SKIP","floor":19},{"not_picked":["Recycle","Blizzard+1"],"picked":"Chill+1","floor":20},{"not_picked":["Undo","Hello World"],"picked":"Conserve Battery","floor":22},{"not_picked":["Reprogram+1","Conserve Battery"],"picked":"Leap+1","floor":24},{"not_picked":["Turbo","Rebound+1"],"picked":"Static Discharge","floor":27},{"not_picked":["Self Repair","Barrage+1"],"picked":"Buffer","floor":28},{"not_picked":["Coolheaded","Aggregate","Doom and Gloom+1"],"picked":"SKIP","floor":29},{"not_picked":["Chaos","Hologram","Stack"],"picked":"SKIP","floor":30},{"not_picked":["Beam Cell+1","Self Repair"],"picked":"Sweeping Beam+1","floor":31},{"not_picked":["Biased Cognition","Hyperbeam+1"],"picked":"Electrodynamics","floor":33},{"not_picked":["Hologram+1","Chill","Reprogram"],"picked":"SKIP","floor":35},{"not_picked":["Panacea","PanicButton"],"picked":"Panache","floor":37},{"not_picked":["Master of Strategy","Swift Strike+1"],"picked":"Panache","floor":37},{"not_picked":["Recycle","Turbo+1"],"picked":"Skim","floor":39},{"not_picked":["Heatsinks","FTL+1"],"picked":"Capacitor+1","floor":40},{"not_picked":["Reinforced Body","Turbo"],"picked":"Steam+1","floor":44},{"not_picked":["Conserve Battery+1","Steam"],"picked":"White Noise","floor":45},{"not_picked":["Aggregate+1","Steam+1"],"picked":"Force Field+1","floor":46}],"player_experience":492247,"relics_obtained":[{"floor":9,"key":"Molten Egg 2"},{"floor":10,"key":"Shuriken"},{"floor":24,"key":"Ornamental Fan"},{"floor":26,"key":"Bronze Scales"},{"floor":28,"key":"Bottled Lightning"},{"floor":39,"key":"Gambling Chip"},{"floor":40,"key":"The Courier"},{"floor":43,"key":"Dream Catcher"},{"floor":45,"key":"Toxic Egg 2"},{"floor":46,"key":"Girya"}],"event_choices":[{"event_name":"Golden Wing","player_choice":"Ignored","floor":12,"damage_taken":0},{"event_name":"Vampires","player_choice":"Ignored","floor":21,"damage_taken":0},{"event_name":"SensoryStone","player_choice":"Memory 3","floor":37,"damage_taken":0},{"event_name":"Tomb of Lord Red Mask","player_choice":"Paid","floor":38,"damage_taken":0},{"event_name":"Mysterious Sphere","player_choice":"Fight","floor":39,"damage_taken":0},{"event_name":"Winding Halls","player_choice":"Embrace Madness","floor":42,"damage_taken":0},{"event_name":"MindBloom","player_choice":"Fight","floor":46,"damage_taken":0}],"is_beta":true,"boss_relics":[{"not_picked":["Tiny House","Eternal Feather"],"picked":"Fusion Hammer"},{"not_picked":["Lizard Tail","Astrolabe"],"picked":"Philosopher\u0027s Stone"}],"items_purged_floors":[23,36],"is_endless":false,"potions_floor_spawned":[1,2,10,13,18,20,22,31,33,44,45,46],"killed_by":"Transient","ascension_level":10}