{"gold_per_floor":[119,194,209,209,268,297,297,310,310,338,353,353,372,32,32,105,105,117,117,117],"floor_reached":20,"playtime":346,"items_purged":["Defend_R"],"score":414,"play_id":"bdfa8aa3-c00c-43bc-9c89-6bba5d645820","local_time":"20191020002925","is_ascension_mode":true,"campfire_choices":[{"data":"Perfected Strike","floor":7,"key":"SMITH"},{"data":"Cleave","floor":12,"key":"SMITH"},{"data":"Heavy Blade","floor":15,"key":"SMITH"}],"neow_cost":"NONE","seed_source_timestamp":221151046134106,"circlet_count":0,"master_deck":["AscendersBane","Strike_R","Strike_R+1","Strike_R","Strike_R","Strike_R","Defend_R","Defend_R","Bash+1","Heavy Blade+1","Perfected Strike+1","Cleave+1","Pommel Strike","Infernal Blade+1","Flex+1","Clash","Limit Break","Perfected Strike"],"relics":["Burning Blood","NeowsBlessing","Frozen Egg 2","Letter Opener","Whetstone","War Paint","Fusion Hammer"],"potions_floor_usage":[10,11,16],"damage_taken":[{"damage":0,"enemies":"Jaw Worm","floor":1,"turns":1},{"damage":0,"enemies":"2 Louse","floor":3,"turns":1},{"damage":0,"enemies":"Lagavulin","floor":6,"turns":1},{"damage":6,"enemies":"Cultist","floor":8,"turns":3},{"damage":30,"enemies":"3 Sentries","floor":10,"turns":7},{"damage":4,"enemies":"Blue Slaver","floor":11,"turns":2},{"damage":14,"enemies":"Red Slaver","floor":13,"turns":2},{"damage":37,"enemies":"Slime Boss","floor":16,"turns":9},{"damage":20,"enemies":"2 Thieves","floor":18,"turns":3},{"damage":16,"enemies":"Shell Parasite","floor":20,"turns":2}],"seed_played":"8734411806458297144","potions_obtained":[{"floor":1,"key":"Weak Potion"},{"floor":6,"key":"LiquidBronze"},{"floor":11,"key":"Fire Potion"}],"is_trial":false,"path_per_floor":["M","?","M","T","?","E","R","M","T","E","M","R","M","$","R","B",null,"M","?","M"],"character_chosen":"IRONCLAD","items_purchased":["Flex","War Paint","Clash"],"campfire_rested":0,"item_purchase_floors":[14,14,14],"current_hp_per_floor":[74,63,69,69,69,75,75,75,75,51,53,53,45,45,45,14,60,46,46,30],"gold":117,"neow_bonus":"THREE_ENEMY_KILL","is_prod":false,"is_daily":false,"chose_seed":false,"campfire_upgraded":3,"win_rate":0,"timestamp":1571524165,"path_taken":["M","?","M","?","?","E","R","M","T","E","M","R","M","$","R","BOSS","M","?","?"],"build_version":"2019-10-18","purchased_purges":1,"victory":false,"max_hp_per_floor":[75,75,75,75,75,75,75,75,75,75,75,75,75,75,75,75,75,75,75,75],"card_choices":[{"not_picked":["Anger","Havoc","Fire Breathing"],"picked":"SKIP","floor":1},{"not_picked":["Bloodletting","Rampage"],"picked":"Heavy Blade","floor":3},{"not_picked":["Ghostly Armor","Shrug It Off"],"picked":"Perfected Strike","floor":6},{"not_picked":["Headbutt","Wild Strike"],"picked":"Cleave","floor":8},{"not_picked":["True Grit","Rupture+1"],"picked":"Pommel Strike","floor":10},{"not_picked":["Warcry","Shrug It Off","Dark Embrace+1"],"picked":"SKIP","floor":11},{"not_picked":["Iron Wave","Reckless Charge"],"picked":"Infernal Blade","floor":13},{"not_picked":["Reaper","Dark Embrace+1"],"picked":"Limit Break","floor":16},{"not_picked":["Hemokinesis","Pommel Strike"],"picked":"Perfected Strike","floor":18}],"player_experience":858261,"relics_obtained":[{"floor":6,"key":"Frozen Egg 2"},{"floor":9,"key":"Letter Opener"},{"floor":10,"key":"Whetstone"}],"event_choices":[{"damage_healed":0,"gold_gain":75,"player_choice":"Gather Gold","damage_taken":11,"max_hp_gain":0,"max_hp_loss":0,"event_name":"World of Goop","floor":2,"gold_loss":0},{"damage_healed":0,"gold_gain":59,"player_choice":"Gained Gold","damage_taken":0,"max_hp_gain":0,"max_hp_loss":0,"event_name":"Golden Wing","floor":5,"gold_loss":0},{"cards_removed":["Defend_R"],"damage_healed":0,"gold_gain":0,"player_choice":"Card Removal","damage_taken":0,"max_hp_gain":0,"max_hp_loss":0,"event_name":"Wheel of Change","floor":19,"gold_loss":0}],"is_beta":true,"boss_relics":[{"not_picked":["Runic Cube","Calling Bell"],"picked":"Fusion Hammer"}],"items_purged_floors":[14],"is_endless":false,"potions_floor_spawned":[1,6,11],"killed_by":"Shell Parasite","ascension_level":20}