{"gold_per_floor":[115,135,154,167,14,14,28,28,74,89,121,121,134,166,178,262,274,300,331,343,366,77,77,109,109,156,191,191,210,220,10,10,83,133,153,166,184,184,284,284,314,264,287,287,306,306,361,372,372,372],"floor_reached":51,"playtime":1585,"items_purged":["Strike_B"],"score":1413,"play_id":"54a0e857-518c-42e6-828c-3379ad3d06ca","local_time":"20181031121345","is_ascension_mode":true,"campfire_choices":[{"data":"Defragment","floor":6.0,"key":"SMITH"},{"data":"White Noise","floor":8.0,"key":"SMITH"},{"data":"White Noise","floor":15.0,"key":"SMITH"},{"data":"Defragment","floor":23.0,"key":"SMITH"},{"floor":28.0,"key":"REST"},{"floor":32.0,"key":"REST"},{"data":"Amplify","floor":40.0,"key":"SMITH"},{"floor":46,"key":"REST"},{"floor":49,"key":"REST"}],"neow_cost":"NONE","seed_source_timestamp":265674070054244,"circlet_count":0,"master_deck":["Strike_B","Strike_B","Defend_B","Defend_B","Defend_B","Defend_B","Zap+1","Dualcast","AscendersBane","Electrodynamics","Glacier","Coolheaded","White Noise+1","Steam","Defragment+1","Steam+1","White Noise+1","Conserve Battery+1","Amplify+1","Storm","Defragment+1","Self Repair","Storm","Loop+1","Turbo+1","Defragment+1","Seek+1","Double Energy+1","Rainbow+1","Double Energy+1","Hyperbeam","Steam Power+1","White Noise+1","Conserve Battery+1"],"special_seed":0,"relics":["FrozenCore","Juzu Bracelet","Pantograph","MawBank","Blue Candle","Lee\u0027s Waffle","Prayer Wheel","Centennial Puzzle","Toxic Egg 2","DollysMirror","Tiny House","StoneCalendar","Art of War","Ancient Tea Set","Bird Faced Urn"],"potions_floor_usage":[50],"damage_taken":[{"damage":12.0,"enemies":"Jaw Worm","floor":1.0,"turns":3.0},{"damage":1.0,"enemies":"Small Slimes","floor":2.0,"turns":3.0},{"damage":0.0,"enemies":"Cultist","floor":3.0,"turns":4.0},{"damage":0.0,"enemies":"Lots of Slimes","floor":4.0,"turns":2.0},{"damage":3.0,"enemies":"Exordium Thugs","floor":7.0,"turns":5.0},{"damage":0.0,"enemies":"Looter","floor":10.0,"turns":3.0},{"damage":1.0,"enemies":"3 Sentries","floor":11.0,"turns":4.0},{"damage":0.0,"enemies":"3 Louse","floor":13.0,"turns":2.0},{"damage":0.0,"enemies":"Lagavulin","floor":14.0,"turns":7.0},{"damage":27.0,"enemies":"Slime Boss","floor":16.0,"turns":8.0},{"damage":23.0,"enemies":"2 Thieves","floor":18.0,"turns":4.0},{"damage":0.0,"enemies":"Spheric Guardian","floor":19.0,"turns":4.0},{"damage":7.0,"enemies":"3 Cultists","floor":21.0,"turns":4.0},{"damage":44.0,"enemies":"Gremlin Leader","floor":24.0,"turns":7.0},{"damage":21.0,"enemies":"Book of Stabbing","floor":27.0,"turns":3.0},{"damage":25.0,"enemies":"Centurion and Healer","floor":29.0,"turns":4.0},{"damage":0.0,"enemies":"Snecko","floor":30.0,"turns":5.0},{"damage":13.0,"enemies":"Champ","floor":33.0,"turns":5.0},{"damage":16.0,"enemies":"3 Shapes","floor":35.0,"turns":3.0},{"damage":8.0,"enemies":"Orb Walker","floor":36.0,"turns":3.0},{"damage":13.0,"enemies":"Sphere and 2 Shapes","floor":37.0,"turns":3.0},{"damage":13.0,"enemies":"Mind Bloom Boss Battle","floor":39.0,"turns":4.0},{"damage":39,"enemies":"Nemesis","floor":41,"turns":5},{"damage":2,"enemies":"Spire Growth","floor":45,"turns":4},{"damage":18,"enemies":"2 Orb Walkers","floor":47,"turns":2},{"damage":3,"enemies":"3 Darklings","floor":48,"turns":2},{"damage":12,"enemies":"Donu and Deca","floor":50,"turns":4}],"seed_played":"-4466555319593991609","potions_obtained":[{"floor":1.0,"key":"FocusPotion"},{"floor":4.0,"key":"Regen Potion"},{"floor":7.0,"key":"Strength Potion"},{"floor":14.0,"key":"PowerPotion"},{"floor":18.0,"key":"FocusPotion"},{"floor":24.0,"key":"Swift Potion"},{"floor":33.0,"key":"SteroidPotion"},{"floor":34.0,"key":"SkillPotion"},{"floor":36.0,"key":"Dexterity Potion"},{"floor":39.0,"key":"SteroidPotion"}],"is_trial":false,"path_per_floor":["M","M","M","M","$","R","M","R","T","M","E","?","M","E","R","B",null,"M","M","?","M","$","R","E","?","T","E","R","M","M","$","R","B",null,"M","M","M","?","?","R","E","?","T","?","M","R","?","M","R","B",null],"character_chosen":"DEFECT","items_purchased":["Defragment","Self Repair","Lee\u0027s Waffle","DollysMirror"],"campfire_rested":4,"item_purchase_floors":[5,22,22,31],"current_hp_per_floor":[52,51,51,51,51,51,48,48,48,48,47,47,47,62,62,44,64,41,41,41,34,78,78,41,41,41,27,50,32,39,39,62,65,80,64,70,64,64,66,66,27,27,27,27,25,48,30,47,70,79],"gold":372,"neow_bonus":"ONE_RANDOM_RARE_CARD","is_prod":false,"is_daily":false,"chose_seed":false,"campfire_upgraded":5,"win_rate":0,"timestamp":1540984425,"path_taken":["M","M","M","M","$","R","M","R","T","M","E","?","M","E","R","BOSS","M","M","?","M","?","R","E","?","T","E","R","M","M","$","R","BOSS","M","M","M","?","?","R","E","?","T","?","M","R","?","M","R","BOSS"],"build_version":"2018-10-30","purchased_purges":1,"victory":true,"max_hp_per_floor":[71,71,71,71,71,71,71,71,71,71,71,71,71,71,71,71,71,71,71,71,71,78,78,78,78,78,78,78,78,78,78,78,78,83,83,83,83,79,79,79,79,79,79,79,79,79,79,79,79,79],"card_choices":[{"not_picked":["Go for the Eyes","Chaos"],"picked":"Glacier","floor":1.0},{"not_picked":["Sweeping Beam","Consume"],"picked":"Coolheaded","floor":2.0},{"not_picked":["Double Energy","Lockon"],"picked":"White Noise","floor":3.0},{"not_picked":["Rebound","Double Energy"],"picked":"Steam","floor":4.0},{"not_picked":["Streamline","Melter"],"picked":"Steam","floor":7.0},{"not_picked":["Stack","Go for the Eyes","Electrodynamics"],"picked":"SKIP","floor":10.0},{"not_picked":["Go for the Eyes","Streamline"],"picked":"White Noise","floor":11.0},{"not_picked":["Leap","Hologram","Skim"],"picked":"SKIP","floor":13.0},{"not_picked":["Beam Cell","Undo"],"picked":"Conserve Battery","floor":14.0},{"not_picked":["Fission","Multi-Cast"],"picked":"Amplify","floor":16.0},{"not_picked":["Undo","Leap"],"picked":"Storm","floor":18.0},{"not_picked":["Steam","Coolheaded","Static Discharge"],"picked":"SKIP","floor":19.0},{"not_picked":["Steam","Double Energy"],"picked":"Defragment","floor":21.0},{"not_picked":["Cold Snap","Thunder Strike"],"picked":"Storm","floor":24.0},{"not_picked":["Gash","Rebound","Stack"],"picked":"SKIP","floor":27.0},{"not_picked":["Redo+1","Defragment"],"picked":"Loop+1","floor":29.0},{"not_picked":["Compile Driver","Rebound","Sunder"],"picked":"SKIP","floor":29.0},{"not_picked":["Coolheaded+1","Streamline"],"picked":"Turbo+1","floor":30.0},{"not_picked":["Heatsinks","Steam+1","Stack+1"],"picked":"SKIP","floor":30.0},{"not_picked":["Amplify+1","Electrodynamics"],"picked":"Seek+1","floor":33.0},{"not_picked":["Coolheaded+1","BootSequence+1"],"picked":"Double Energy+1","floor":35.0},{"not_picked":["Skim+1","Streamline","Rip and Tear"],"picked":"SKIP","floor":35.0},{"not_picked":["Beam Cell","Barrage","Gash"],"picked":"SKIP","floor":36.0},{"not_picked":["Redo+1","Stack+1","Heatsinks+1"],"picked":"SKIP","floor":36.0},{"not_picked":["Barrage+1","Steam Power+1"],"picked":"Rainbow+1","floor":37.0},{"not_picked":["Ball Lightning+1","Gash","Glacier+1"],"picked":"SKIP","floor":37.0},{"not_picked":["Coolheaded+1","Ball Lightning+1"],"picked":"Double Energy+1","floor":39.0},{"not_picked":["Steam+1","All For One","Sweeping Beam+1"],"picked":"SKIP","floor":41},{"not_picked":["Melter+1","Streamline+1"],"picked":"Steam Power+1","floor":45},{"not_picked":["Coolheaded+1","Turbo+1","Genetic Algorithm+1"],"picked":"SKIP","floor":45},{"not_picked":["Coolheaded+1","Steam+1"],"picked":"White Noise+1","floor":47},{"not_picked":["Redo+1","Rebound"],"picked":"Conserve Battery+1","floor":48},{"not_picked":["Darkness+1","Sweeping Beam","Stack+1"],"picked":"SKIP","floor":48}],"player_experience":728290,"relics_obtained":[{"floor":9.0,"key":"Juzu Bracelet"},{"floor":11.0,"key":"Pantograph"},{"floor":14.0,"key":"MawBank"},{"floor":24.0,"key":"Prayer Wheel"},{"floor":26.0,"key":"Centennial Puzzle"},{"floor":27.0,"key":"Toxic Egg 2"},{"floor":39.0,"key":"StoneCalendar"},{"floor":41,"key":"Art of War"},{"floor":43,"key":"Ancient Tea Set"},{"floor":47,"key":"Bird Faced Urn"}],"event_choices":[{"damage_healed":0.0,"max_hp_gain":0.0,"max_hp_loss":0.0,"gold_gain":0.0,"event_name":"Scrap Ooze","player_choice":"Fled","floor":12.0,"gold_loss":0.0,"damage_taken":0.0},{"damage_healed":0.0,"max_hp_gain":0.0,"max_hp_loss":0.0,"gold_gain":0.0,"event_name":"WeMeetAgain","player_choice":"Gave Potion","floor":20.0,"gold_loss":0.0,"damage_taken":0.0,"relics_obtained":["Blue Candle"]},{"damage_healed":0.0,"max_hp_gain":0.0,"max_hp_loss":0.0,"gold_gain":0.0,"event_name":"Cursed Tome","player_choice":"Ignored","floor":25.0,"gold_loss":0.0,"damage_taken":0.0},{"damage_healed":0.0,"max_hp_gain":0.0,"max_hp_loss":4.0,"gold_gain":0.0,"event_name":"Winding Halls","player_choice":"Max HP","floor":38.0,"gold_loss":0.0,"damage_taken":0.0},{"damage_healed":0.0,"max_hp_gain":0.0,"max_hp_loss":0.0,"gold_gain":0.0,"event_name":"MindBloom","player_choice":"Fight","floor":39.0,"gold_loss":0.0,"damage_taken":0.0},{"damage_healed":0,"gold_gain":0,"player_choice":"Upgraded Two","damage_taken":0,"max_hp_gain":0,"max_hp_loss":0,"event_name":"Designer","floor":42,"gold_loss":50,"cards_upgraded":["Zap","Steam"]},{"damage_healed":0,"gold_gain":0,"cards_transformed":["Strike_B"],"player_choice":"Transformed","damage_taken":0,"max_hp_gain":0,"max_hp_loss":0,"event_name":"Transmorgrifier","floor":44,"gold_loss":0,"cards_obtained":["Hyperbeam"]},{"damage_healed":0,"gold_gain":0,"player_choice":"Fight","damage_taken":0,"max_hp_gain":0,"max_hp_loss":0,"event_name":"Mysterious Sphere","floor":47,"gold_loss":0}],"is_beta":true,"boss_relics":[{"not_picked":["Nuclear Battery","Philosopher\u0027s Stone"],"picked":"FrozenCore"},{"not_picked":["Orrery","Runic Pyramid"],"picked":"Tiny House"}],"items_purged_floors":[5],"is_endless":false,"potions_floor_spawned":[1,4,7,14,16,18,19,24,33,36,39,47],"ascension_level":18}