{"gold_per_floor":[109,109,123,147,157,157,185,185,241,255,281,281,362,376,376,474,474,488,262,273,173,173,198,208,237,237,260,260,277,291,305,305,402,402,412,512,512,530,405,405,421,9,9,20,20,38,71,90,90,90],"floor_reached":51,"playtime":1676,"items_purged":["Strike_R","Strike_R","Defend_R","Strike_R"],"score":854,"play_id":"ef53f76a-0ea9-4705-a152-8cfc1bf511e5","local_time":"20190928223827","is_ascension_mode":false,"campfire_choices":[{"data":"Flex","floor":6.0,"key":"SMITH"},{"data":"Bash","floor":8.0,"key":"SMITH"},{"data":"Defend_R","floor":15.0,"key":"SMITH"},{"data":"Fiend Fire","floor":28,"key":"SMITH"},{"data":"Defend_R","floor":32,"key":"SMITH"},{"data":"Offering","floor":40,"key":"SMITH"},{"floor":49,"key":"RECALL"}],"neow_cost":"NONE","seed_source_timestamp":0,"circlet_count":0,"master_deck":["Strike_R+1","Defend_R+1","Defend_R+1","Bash+1","Whirlwind+1","Flex+1","Fiend Fire+1","True Grit+1","Thunderclap+1","Offering+1"],"special_seed":0,"relics":["Burning Blood","Whetstone","TungstenRod","Tiny Chest","PreservedInsect","Gremlin Horn","Coffee Dripper","Brimstone","Toy Ornithopter","Lantern","MealTicket","Anchor","Busted Crown","Pocketwatch","Pear","Red Skull","Akabeko"],"potions_floor_usage":[16,18,24,50,50],"damage_taken":[{"damage":8.0,"enemies":"Jaw Worm","floor":1.0,"turns":4.0},{"damage":8.0,"enemies":"Small Slimes","floor":3.0,"turns":2.0},{"damage":0.0,"enemies":"2 Louse","floor":5.0,"turns":1.0},{"damage":26.0,"enemies":"Lagavulin","floor":7.0,"turns":5.0},{"damage":5.0,"enemies":"Large Slime","floor":10.0,"turns":4.0},{"damage":19.0,"enemies":"3 Sentries","floor":11.0,"turns":4.0},{"damage":3.0,"enemies":"Exordium Wildlife","floor":14.0,"turns":2.0},{"damage":49,"enemies":"Hexaghost","floor":16,"turns":10},{"damage":0,"enemies":"2 Thieves","floor":18,"turns":1},{"damage":14,"enemies":"Shell Parasite","floor":20,"turns":3},{"damage":9,"enemies":"Book of Stabbing","floor":23,"turns":3},{"damage":0,"enemies":"Snake Plant","floor":24,"turns":1},{"damage":12,"enemies":"Slavers","floor":25,"turns":2},{"damage":0,"enemies":"Cultist and Chosen","floor":29,"turns":2},{"damage":0,"enemies":"3 Cultists","floor":30,"turns":1},{"damage":0,"enemies":"Snake Plant","floor":31,"turns":2},{"damage":89,"enemies":"Champ","floor":33,"turns":7},{"damage":5,"enemies":"Orb Walker","floor":35,"turns":2},{"damage":0,"enemies":"Mind Bloom Boss Battle","floor":36,"turns":3},{"damage":5,"enemies":"3 Shapes","floor":38,"turns":2},{"damage":0,"enemies":"Sphere and 2 Shapes","floor":41,"turns":1},{"damage":5,"enemies":"3 Darklings","floor":44,"turns":1},{"damage":5,"enemies":"Spire Growth","floor":46,"turns":2},{"damage":20,"enemies":"Giant Head","floor":47,"turns":4},{"damage":0,"enemies":"Transient","floor":48,"turns":5},{"damage":48,"enemies":"Time Eater","floor":50,"turns":5}],"seed_played":"2451984802960361467","potions_obtained":[{"floor":1.0,"key":"GamblersBrew"},{"floor":3.0,"key":"EssenceOfSteel"},{"floor":14.0,"key":"Strength Potion"},{"floor":16,"key":"BloodPotion"},{"floor":20,"key":"BloodPotion"},{"floor":23,"key":"AttackPotion"},{"floor":25,"key":"ElixirPotion"},{"floor":35,"key":"Regen Potion"},{"floor":48,"key":"Strength Potion"}],"is_trial":false,"path_per_floor":["M","?","M","T","M","R","E","R","T","M","E","?","T","M","R","B",null,"M","$","M","$","?","E","M","E","T","T","R","M","M","M","R","B",null,"M","?","?","M","$","R","M","$","T","M","?","M","E","M","R","B",null],"character_chosen":"IRONCLAD","items_purchased":["Brimstone","Pear"],"campfire_rested":0,"item_purchase_floors":[19,42],"current_hp_per_floor":[86,91,89,89,93,93,73,73,73,74,61,55,55,58,58,15,93,93,93,85,85,85,82,93,87,87,87,87,93,93,93,93,10,93,93,93,93,93,93,93,93,103,103,103,103,103,89,95,95,83],"gold":90,"neow_bonus":"TEN_PERCENT_HP_BONUS","is_prod":false,"is_daily":false,"chose_seed":false,"campfire_upgraded":6,"win_rate":0,"timestamp":1569677907,"path_taken":["M","?","M","?","M","R","E","R","T","?","E","?","?","M","R","BOSS","M","$","M","$","?","E","M","E","T","?","R","M","M","M","R","BOSS","M","?","?","M","$","R","M","$","T","M","?","M","E","M","R","BOSS"],"build_version":"2019-09-27","purchased_purges":4,"victory":true,"max_hp_per_floor":[88,93,93,93,93,93,93,93,93,93,93,93,93,93,93,93,93,93,93,93,93,93,93,93,93,93,93,93,93,93,93,93,93,93,93,93,93,93,93,93,93,103,103,103,103,103,103,103,103,103],"card_choices":[{"not_picked":["Metallicize","Inflame"],"picked":"Whirlwind","floor":1.0},{"not_picked":["Second Wind","Perfected Strike","Fire Breathing"],"picked":"SKIP","floor":3.0},{"not_picked":["Sever Soul","Power Through"],"picked":"Flex","floor":5.0},{"not_picked":["Heavy Blade","Sentinel","Reaper"],"picked":"SKIP","floor":7.0},{"not_picked":["Sword Boomerang","Havoc","Warcry"],"picked":"SKIP","floor":10.0},{"not_picked":["Sword Boomerang","Havoc","Warcry"],"picked":"SKIP","floor":10.0},{"not_picked":["Entrench","Dark Embrace","Body Slam"],"picked":"SKIP","floor":11.0},{"not_picked":["Heavy Blade","Sword Boomerang","Anger"],"picked":"SKIP","floor":14.0},{"not_picked":["Feed","Juggernaut"],"picked":"Fiend Fire","floor":16},{"not_picked":["Clothesline","Spot Weakness"],"picked":"True Grit+1","floor":18},{"not_picked":["Reckless Charge","Havoc+1"],"picked":"Thunderclap+1","floor":20},{"not_picked":["Immolate","Pommel Strike","Armaments+1"],"picked":"SKIP","floor":23},{"not_picked":["Anger","Cleave+1","Power Through"],"picked":"SKIP","floor":24},{"not_picked":["Second Wind","Pommel Strike","Power Through"],"picked":"SKIP","floor":25},{"not_picked":["Ghostly Armor+1","Twin Strike","Cleave"],"picked":"SKIP","floor":29},{"not_picked":["Carnage","Shrug It Off","Blood for Blood"],"picked":"SKIP","floor":30},{"not_picked":["Heavy Blade","Warcry","Headbutt"],"picked":"SKIP","floor":31},{"not_picked":["Exhume","Juggernaut"],"picked":"Offering","floor":33},{"not_picked":["Headbutt"],"picked":"SKIP","floor":35},{"not_picked":["Headbutt"],"picked":"SKIP","floor":35},{"not_picked":["Anger"],"picked":"SKIP","floor":38},{"not_picked":["Thunderclap+1"],"picked":"SKIP","floor":41},{"not_picked":["Sword Boomerang+1"],"picked":"SKIP","floor":44},{"not_picked":["Wild Strike+1"],"picked":"SKIP","floor":46},{"not_picked":["Sword Boomerang+1"],"picked":"SKIP","floor":47},{"not_picked":["Warcry"],"picked":"SKIP","floor":48}],"player_experience":557838,"relics_obtained":[{"floor":4.0,"key":"Whetstone"},{"floor":7.0,"key":"TungstenRod"},{"floor":9.0,"key":"Tiny Chest"},{"floor":11.0,"key":"PreservedInsect"},{"floor":13.0,"key":"Gremlin Horn"},{"floor":23,"key":"Toy Ornithopter"},{"floor":25,"key":"Lantern"},{"floor":26,"key":"MealTicket"},{"floor":27,"key":"Anchor"},{"floor":36,"key":"Pocketwatch"},{"floor":43,"key":"Red Skull"},{"floor":47,"key":"Akabeko"}],"event_choices":[{"damage_healed":0.0,"max_hp_gain":5.0,"max_hp_loss":0.0,"gold_gain":0.0,"event_name":"Big Fish","player_choice":"Donut","floor":2.0,"gold_loss":0.0,"damage_taken":0.0},{"cards_removed":["Strike_R"],"damage_healed":0.0,"max_hp_gain":0.0,"max_hp_loss":0.0,"gold_gain":0.0,"event_name":"Golden Wing","player_choice":"Card Removal","floor":12.0,"gold_loss":0.0,"damage_taken":7.0},{"cards_removed":["Defend_R"],"damage_healed":0,"gold_gain":0,"player_choice":"Elegance","damage_taken":0,"max_hp_gain":0,"max_hp_loss":0,"event_name":"Back to Basics","floor":22,"gold_loss":0},{"damage_healed":0,"gold_gain":0,"player_choice":"Fight","damage_taken":0,"max_hp_gain":0,"max_hp_loss":0,"event_name":"MindBloom","floor":36,"gold_loss":0},{"damage_healed":0,"gold_gain":0,"player_choice":"Ignored","damage_taken":0,"max_hp_gain":0,"max_hp_loss":0,"event_name":"Tomb of Lord Red Mask","floor":37,"gold_loss":0},{"damage_healed":0,"gold_gain":0,"player_choice":"Memory 1","damage_taken":0,"max_hp_gain":0,"max_hp_loss":0,"event_name":"SensoryStone","floor":45,"gold_loss":0}],"is_beta":true,"boss_relics":[{"not_picked":["Mark of Pain","Ectoplasm"],"picked":"Coffee Dripper"},{"not_picked":["Cursed Key","SacredBark"],"picked":"Busted Crown"}],"items_purged_floors":[19,21,39,42],"is_endless":false,"potions_floor_spawned":[1,3,14,16,20,23,25,30,33,35,36,38,47,48],"ascension_level":0}