{"gold_per_floor":[119,119,129,143,156,156,156,156,156,180,195,195,120,120,120,120],"floor_reached":16,"playtime":637,"items_purged":["Defend_R"],"score":90,"play_id":"7e68d1cb-42cd-42e8-a06d-5eaafca77006","local_time":"20180804183817","is_ascension_mode":false,"campfire_choices":[{"data":"True Grit","floor":6,"key":"SMITH"},{"data":"True Grit","floor":8,"key":"SMITH"},{"floor":12,"key":"DIG"},{"floor":15,"key":"DIG"}],"neow_cost":"FIFTY_PERCENT_DAMAGE","seed_source_timestamp":355315094639,"circlet_count":0,"master_deck":["Strike_R","Strike_R","Strike_R","Strike_R","Strike_R","Defend_R","Defend_R","Defend_R","Bash","Immolate","True Grit+1","True Grit+1","Evolve"],"relics":["Burning Blood","Shovel","Odd Mushroom","Champion Belt","Matryoshka","Regal Pillow"],"potions_floor_usage":[],"damage_taken":[{"damage":1,"enemies":"Cultist","floor":1,"turns":3},{"damage":11,"enemies":"Jaw Worm","floor":3,"turns":3},{"damage":5,"enemies":"Small Slimes","floor":4,"turns":3},{"damage":3,"enemies":"Looter","floor":5,"turns":3},{"damage":0,"floor":10,"turns":3},{"damage":0,"enemies":"Large Slime","floor":11,"turns":5},{"damage":64,"enemies":"Hexaghost","floor":16,"turns":10}],"seed_played":"2627338212429031089","potions_obtained":[{"floor":1,"key":"SpeedPotion"},{"floor":11,"key":"PowerPotion"}],"is_trial":false,"path_per_floor":["M","?","M","M","M","R","?","R","T","?","M","R","$","?","R"],"character_chosen":"IRONCLAD","items_purchased":[],"campfire_rested":0,"item_purchase_floors":[],"current_hp_per_floor":[45,45,40,41,44,44,49,49,49,55,61,61,61,61,61,0],"gold":120,"neow_bonus":"THREE_RARE_CARDS","is_prod":false,"is_daily":false,"chose_seed":false,"campfire_upgraded":2,"win_rate":0,"timestamp":1533379097,"path_taken":["M","?","M","?","M","R","?","R","T","?","M","R","$","?","R","BOSS"],"build_version":"2018-08-02","purchased_purges":1,"victory":false,"max_hp_per_floor":[80,80,80,80,80,80,85,85,85,85,85,85,85,85,85,85],"card_choices":[{"not_picked":["Berserk","Demon Form"],"picked":"Immolate","floor":0},{"not_picked":["Combust","Warcry","Armaments"],"picked":"SKIP","floor":1},{"not_picked":["Iron Wave","Feel No Pain"],"picked":"True Grit","floor":3},{"not_picked":["Pummel","Seeing Red"],"picked":"True Grit","floor":4},{"not_picked":["Carnage","Twin Strike"],"picked":"Evolve","floor":5},{"not_picked":["Havoc","Iron Wave","Infernal Blade"],"picked":"SKIP","floor":11}],"player_experience":258573,"relics_obtained":[{"floor":9,"key":"Shovel"},{"floor":10,"key":"Odd Mushroom"},{"floor":12,"key":"Champion Belt"},{"floor":15,"key":"Regal Pillow"}],"event_choices":[{"event_name":"Shining Light","player_choice":"Ignored","floor":2,"damage_taken":0},{"event_name":"Big Fish","player_choice":"Donut","floor":7,"damage_taken":0},{"event_name":"Mushrooms","player_choice":"Fought Mushrooms","floor":10,"damage_taken":0},{"event_name":"WeMeetAgain","player_choice":"Potion","floor":14,"damage_taken":0}],"is_beta":false,"boss_relics":[],"items_purged_floors":[13],"is_endless":false,"potions_floor_spawned":[1,11],"killed_by":"Hexaghost","ascension_level":0}