{"gold_per_floor":[114,264,264,264,34,95,95,109,109,135,150,167,167,186,186,262,262,281,49,67,67,78,78,107,107,107,77,91,91,91,91,91,164,214,224,224,240,36,53,53,68,68,68,68,68],"floor_reached":45,"playtime":1059,"items_purged":["Defend_R"],"score":1086,"play_id":"86dc5276-eae7-420e-8501-06de84d47471","local_time":"20190407012839","is_ascension_mode":true,"campfire_choices":[{"data":"Apotheosis","floor":7.0,"key":"SMITH"},{"floor":13.0,"key":"REST"},{"floor":15.0,"key":"REST"},{"floor":23.0,"key":"REST"},{"floor":25,"key":"REST"},{"floor":30,"key":"REST"},{"floor":32,"key":"REST"},{"floor":40,"key":"REST"},{"floor":42,"key":"REST"},{"floor":44,"key":"REST"}],"neow_cost":"NONE","seed_source_timestamp":53148574533926,"circlet_count":0,"master_deck":["AscendersBane","Strike_R+1","Strike_R","Strike_R+1","Strike_R","Strike_R","Defend_R","Defend_R","Defend_R+1","Bash","Sword Boomerang","Apotheosis+1","Flex","Inflame","Double Tap","Heavy Blade","Heavy Blade","Limit Break","Reaper","Apotheosis"],"special_seed":0,"relics":["Burning Blood","NeowsBlessing","Tiny Chest","Centennial Puzzle","Nunchaku","Busted Crown","Strawberry","Self Forming Clay","Paper Frog","Tiny House","Mummified Hand"],"potions_floor_usage":[24,24,31,35,41],"damage_taken":[{"damage":0.0,"enemies":"2 Louse","floor":1.0,"turns":1.0},{"damage":0.0,"enemies":"Lagavulin","floor":6.0,"turns":1.0},{"damage":0.0,"enemies":"Jaw Worm","floor":8.0,"turns":1.0},{"damage":54.0,"enemies":"3 Sentries","floor":10.0,"turns":9.0},{"damage":0.0,"enemies":"Cultist","floor":11.0,"turns":2.0},{"damage":2.0,"enemies":"2 Fungi Beasts","floor":12.0,"turns":3.0},{"damage":5.0,"enemies":"Red Slaver","floor":14.0,"turns":3.0},{"damage":0.0,"enemies":"Slime Boss","floor":16.0,"turns":7.0},{"damage":17.0,"enemies":"3 Byrds","floor":18.0,"turns":5.0},{"damage":33.0,"enemies":"Shell Parasite","floor":20.0,"turns":5.0},{"damage":33.0,"enemies":"Sentry and Sphere","floor":22.0,"turns":4.0},{"damage":35,"enemies":"Gremlin Leader","floor":24,"turns":5},{"damage":9,"enemies":"Centurion and Healer","floor":28,"turns":4},{"damage":0,"enemies":"Shelled Parasite and Fungi","floor":31,"turns":1},{"damage":44,"enemies":"Champ","floor":33,"turns":5},{"damage":28,"enemies":"3 Shapes","floor":35,"turns":9},{"damage":46,"enemies":"3 Darklings","floor":37,"turns":4},{"damage":43,"enemies":"4 Shapes","floor":39,"turns":5},{"damage":37,"enemies":"Transient","floor":41,"turns":6},{"damage":90,"enemies":"Reptomancer","floor":45,"turns":3}],"seed_played":"-4151651487416435831","potions_obtained":[{"floor":10.0,"key":"Explosive Potion"},{"floor":12.0,"key":"Fruit Juice"},{"floor":14.0,"key":"Ancient Potion"},{"floor":16.0,"key":"EssenceOfSteel"},{"floor":20.0,"key":"FearPotion"},{"floor":27,"key":"SmokeBomb"},{"floor":27,"key":"SteroidPotion"},{"floor":33,"key":"SteroidPotion"},{"floor":34,"key":"AttackPotion"},{"floor":35,"key":"Dexterity Potion"}],"is_trial":false,"path_per_floor":["M","?","?","?","$","E","R","M","T","E","M","M","R","M","R","B",null,"M","$","M","?","M","R","E","R","T","?","M","?","R","M","R","B",null,"M","?","M","$","M","R","M","R","T","R","E"],"character_chosen":"IRONCLAD","items_purchased":["Apotheosis","Flex","Strawberry","Apotheosis"],"campfire_rested":9,"item_purchase_floors":[5,5,19,38],"current_hp_per_floor":[74,74,51,51,51,57,57,63,63,15,21,30,54,55,79,80,80,69,76,49,49,22,48,19,45,45,45,42,42,68,74,87,49,83,91,91,64,64,27,54,31,58,58,85,0],"gold":68,"neow_bonus":"THREE_ENEMY_KILL","is_prod":false,"is_daily":false,"chose_seed":false,"campfire_upgraded":1,"win_rate":0,"timestamp":1554593319,"path_taken":["M","?","?","?","?","E","R","?","T","E","M","M","R","M","R","BOSS","M","$","M","?","M","R","E","R","T","?","?","?","R","M","R","BOSS","M","?","?","$","M","R","M","R","T","R","E"],"build_version":"2019-01-23","purchased_purges":1,"victory":false,"max_hp_per_floor":[75,75,75,75,75,75,75,75,75,75,75,80,80,80,80,80,80,80,87,87,87,87,87,87,87,87,87,87,87,87,87,87,87,92,92,92,92,92,92,92,92,92,92,92,92],"card_choices":[{"not_picked":["Warcry","True Grit"],"picked":"Sword Boomerang","floor":1.0},{"not_picked":["Shrug It Off","Sword Boomerang","Burning Pact"],"picked":"SKIP","floor":6.0},{"not_picked":["Whirlwind","Sword Boomerang"],"picked":"Inflame","floor":8.0},{"not_picked":["Clash","Bloodletting"],"picked":"Double Tap","floor":10.0},{"not_picked":["Ghostly Armor","Anger"],"picked":"Heavy Blade","floor":11.0},{"not_picked":["Clothesline","Warcry","Body Slam"],"picked":"SKIP","floor":12.0},{"not_picked":["Infernal Blade","Wild Strike"],"picked":"Heavy Blade","floor":14.0},{"not_picked":["Double Tap","Brutality"],"picked":"Limit Break","floor":16.0},{"not_picked":["Shockwave"],"picked":"SKIP","floor":18.0},{"not_picked":["Clothesline"],"picked":"SKIP","floor":20.0},{"not_picked":["Wild Strike"],"picked":"SKIP","floor":22.0},{"not_picked":["Havoc+1"],"picked":"SKIP","floor":24},{"not_picked":["Shrug It Off"],"picked":"SKIP","floor":28},{"not_picked":[],"picked":"Reaper","floor":33},{"not_picked":["Clash+1"],"picked":"SKIP","floor":35},{"not_picked":["Cleave"],"picked":"SKIP","floor":37},{"not_picked":["Hemokinesis"],"picked":"SKIP","floor":39},{"not_picked":["Body Slam"],"picked":"SKIP","floor":41}],"player_experience":823411,"relics_obtained":[{"floor":6.0,"key":"Tiny Chest"},{"floor":9.0,"key":"Centennial Puzzle"},{"floor":10.0,"key":"Nunchaku"},{"floor":24,"key":"Self Forming Clay"},{"floor":26,"key":"Paper Frog"},{"floor":43,"key":"Mummified Hand"}],"event_choices":[{"damage_healed":0.0,"max_hp_gain":0.0,"max_hp_loss":0.0,"gold_gain":150.0,"event_name":"Liars Game","player_choice":"AGREE","floor":2.0,"gold_loss":0.0,"damage_taken":0.0,"cards_obtained":["Doubt"]},{"damage_healed":0.0,"max_hp_gain":0.0,"max_hp_loss":0.0,"gold_gain":0.0,"event_name":"Shining Light","player_choice":"Entered Light","floor":3.0,"gold_loss":0.0,"damage_taken":23.0,"cards_upgraded":["Defend_R","Strike_R"]},{"cards_removed":["Doubt"],"damage_healed":0.0,"max_hp_gain":0.0,"max_hp_loss":0.0,"gold_gain":0.0,"event_name":"Living Wall","player_choice":"Forget","floor":4.0,"gold_loss":0.0,"damage_taken":0.0},{"damage_healed":0.0,"max_hp_gain":0.0,"max_hp_loss":0.0,"gold_gain":0.0,"event_name":"Forgotten Altar","player_choice":"Smashed Altar","floor":21.0,"gold_loss":0.0,"damage_taken":0.0,"cards_obtained":["Decay"]},{"damage_healed":0,"gold_gain":0,"player_choice":"Bought 2 Potions","damage_taken":0,"max_hp_gain":0,"max_hp_loss":0,"event_name":"The Woman in Blue","floor":27,"gold_loss":0},{"cards_removed":["Decay"],"damage_healed":0,"gold_gain":0,"player_choice":"Elegance","damage_taken":0,"max_hp_gain":0,"max_hp_loss":0,"event_name":"Back to Basics","floor":29,"gold_loss":0},{"damage_healed":0,"gold_gain":0,"player_choice":"Ignored","damage_taken":0,"max_hp_gain":0,"max_hp_loss":0,"event_name":"SecretPortal","floor":36,"gold_loss":0}],"is_beta":false,"boss_relics":[{"not_picked":["Empty Cage","Black Star"],"picked":"Busted Crown"},{"not_picked":["Runic Cube","Pandora\u0027s Box"],"picked":"Tiny House"}],"items_purged_floors":[19],"is_endless":false,"potions_floor_spawned":[10,12,14,16,20,33,35],"killed_by":"Reptomancer","ascension_level":20}