{"gold_per_floor":[115,115,131,141,161,161,161,176,176,22,32,32,50,61,61,61],"floor_reached":16,"playtime":829,"items_purged":["Parasite"],"score":96,"play_id":"672d1dd5-5023-4cbd-93d2-ef1d272344fe","local_time":"20180728185042","is_ascension_mode":false,"campfire_choices":[{"data":"Neutralize","floor":6,"key":"SMITH"},{"data":"Calculated Gamble","floor":12,"key":"SMITH"},{"data":"Setup","floor":15,"key":"SMITH"}],"neow_cost":"NONE","seed_source_timestamp":11676924789460,"circlet_count":0,"master_deck":["Defend_G","Defend_G","Defend_G","Defend_G","Defend_G","Strike_G","Strike_G","Strike_G","Strike_G","Strike_G","Survivor","Neutralize+1","Dagger Throw","Tactician","Dagger Throw","Well Laid Plans","Calculated Gamble+1","Storm of Steel","Unload","Setup+1"],"relics":["Sozu"],"potions_floor_usage":[],"damage_taken":[{"damage":0,"enemies":"2 Louse","floor":1,"turns":3},{"damage":0,"enemies":"Jaw Worm","floor":3,"turns":3},{"damage":5,"enemies":"Small Slimes","floor":4,"turns":4},{"damage":7,"enemies":"Gremlin Gang","floor":5,"turns":4},{"damage":0,"enemies":"Looter","floor":8,"turns":4},{"damage":0,"enemies":"2 Fungi Beasts","floor":11,"turns":3},{"damage":15,"enemies":"Large Slime","floor":13,"turns":9},{"damage":12,"enemies":"Exordium Wildlife","floor":14,"turns":5},{"damage":47,"enemies":"Slime Boss","floor":16,"turns":7}],"seed_played":"8164128482156009483","potions_obtained":[],"is_trial":false,"path_per_floor":["M","?","M","M","M","R","?","M","T","$","M","R","M","M","R"],"character_chosen":"THE_SILENT","items_purchased":["Storm of Steel"],"campfire_rested":0,"item_purchase_floors":[10],"current_hp_per_floor":[70,75,75,70,63,63,75,75,75,72,72,72,57,45,45,0],"gold":61,"neow_bonus":"BOSS_RELIC","is_prod":false,"is_daily":false,"chose_seed":false,"campfire_upgraded":3,"win_rate":0,"timestamp":1532775042,"path_taken":["M","?","?","M","?","R","?","M","T","?","M","R","M","M","R","BOSS"],"build_version":"2018-07-26","purchased_purges":1,"victory":false,"max_hp_per_floor":[70,75,75,75,75,75,75,75,75,72,72,72,72,72,72,72],"card_choices":[{"not_picked":["Slice","Outmaneuver"],"picked":"Dagger Throw","floor":1},{"not_picked":["Concentrate","Acrobatics"],"picked":"Tactician","floor":3},{"not_picked":["Deflect","Bane"],"picked":"Dagger Throw","floor":4},{"not_picked":["Underhanded Strike","Riddle With Holes"],"picked":"Well Laid Plans","floor":5},{"not_picked":["Bane","Poisoned Stab"],"picked":"Calculated Gamble","floor":8},{"not_picked":["Bane","Outmaneuver","Well Laid Plans"],"picked":"SKIP","floor":11},{"not_picked":["Deflect","Dagger Spray"],"picked":"Unload","floor":13},{"not_picked":["Slice","Heel Hook"],"picked":"Setup","floor":14}],"player_experience":229124,"relics_obtained":[],"event_choices":[{"event_name":"Big Fish","player_choice":"Donut","floor":2,"damage_taken":0},{"event_name":"Mushrooms","player_choice":"Healed and dodged fight","floor":7,"damage_taken":0}],"is_beta":false,"boss_relics":[],"items_purged_floors":[10],"is_endless":false,"potions_floor_spawned":[3,4,5],"killed_by":"Slime Boss","ascension_level":0}