{"gold_per_floor":[114,130,144,51,51,51,81,81,81,94,94,94,129,148,148,221,221,221,54,54,34,34,34,34,34,34,34,34,34,34,34,34,34,34,34,34,34,34,34,34,34,34,34,34,34,34,34,34,34,34],"floor_reached":51,"playtime":1228,"items_purged":["Defend_R"],"score":1377,"play_id":"0de1bef2-ca06-4521-9cd5-ea39619c4748","local_time":"20181016124238","is_ascension_mode":true,"campfire_choices":[{"data":"Heavy Blade","floor":6.0,"key":"SMITH"},{"floor":8.0,"key":"DIG"},{"data":"Flex","floor":11.0,"key":"SMITH"},{"floor":15.0,"key":"DIG"},{"floor":23.0,"key":"REST"},{"floor":27.0,"key":"DIG"},{"data":"Flex","floor":29.0,"key":"SMITH"},{"floor":32.0,"key":"REST"},{"data":"Limit Break","floor":40.0,"key":"SMITH"},{"data":"Flex","floor":42.0,"key":"SMITH"},{"data":"Heavy Blade","floor":45.0,"key":"SMITH"},{"floor":49.0,"key":"REST"}],"neow_cost":"","seed_source_timestamp":2417681699748,"circlet_count":0,"master_deck":["Strike_R","Strike_R","Strike_R","Strike_R","Strike_R","Defend_R","Defend_R","Bash","AscendersBane","Heavy Blade+1","Flex+1","Inflame","Inflame","Immolate","Flex+1","Feed","Flex+1","Heavy Blade+1","Flex","Limit Break+1","Heavy Blade+1"],"special_seed":0,"relics":["Burning Blood","Shovel","Du-Vu Doll","The Courier","Mummified Hand","PreservedInsect","Ectoplasm","Happy Flower","Bottled Lightning","Question Card","Ancient Tea Set","MutagenicStrength","Eternal Feather","Unceasing Top","Frozen Egg 2","Ornamental Fan"],"potions_floor_usage":[50],"damage_taken":[{"damage":2.0,"enemies":"2 Louse","floor":1.0,"turns":2.0},{"damage":9.0,"enemies":"Jaw Worm","floor":2.0,"turns":5.0},{"damage":6.0,"enemies":"Cultist","floor":3.0,"turns":3.0},{"damage":15.0,"enemies":"Lagavulin","floor":7.0,"turns":6.0},{"damage":9.0,"enemies":"2 Fungi Beasts","floor":10.0,"turns":2.0},{"damage":30.0,"enemies":"3 Sentries","floor":13.0,"turns":7.0},{"damage":7.0,"enemies":"Exordium Thugs","floor":14.0,"turns":3.0},{"damage":33.0,"enemies":"Hexaghost","floor":16.0,"turns":9.0},{"damage":0.0,"enemies":"Spheric Guardian","floor":18.0,"turns":1.0},{"damage":11.0,"enemies":"2 Thieves","floor":21.0,"turns":2.0},{"damage":19.0,"enemies":"3 Cultists","floor":22.0,"turns":5.0},{"damage":0.0,"enemies":"Snecko","floor":24.0,"turns":2.0},{"damage":14.0,"enemies":"Book of Stabbing","floor":25.0,"turns":2.0},{"damage":37.0,"enemies":"Slavers","floor":28.0,"turns":4.0},{"damage":0.0,"enemies":"Snake Plant","floor":30.0,"turns":1.0},{"damage":56.0,"enemies":"Automaton","floor":33.0,"turns":6.0},{"damage":38.0,"enemies":"3 Darklings","floor":35.0,"turns":4.0},{"damage":30.0,"enemies":"Mind Bloom Boss Battle","floor":36.0,"turns":4.0},{"damage":11.0,"enemies":"3 Shapes","floor":37.0,"turns":2.0},{"damage":17.0,"enemies":"Transient","floor":39.0,"turns":6.0},{"damage":34.0,"enemies":"Jaw Worm Horde","floor":41.0,"turns":3.0},{"damage":0.0,"enemies":"Spire Growth","floor":44.0,"turns":2.0},{"damage":0.0,"enemies":"Reptomancer","floor":46.0,"turns":2.0},{"damage":21.0,"enemies":"Giant Head","floor":47.0,"turns":3.0},{"damage":48.0,"enemies":"Sphere and 2 Shapes","floor":48.0,"turns":4.0},{"damage":27,"enemies":"Awakened One","floor":50,"turns":3}],"seed_played":"-4423755485094087222","potions_obtained":[{"floor":1.0,"key":"SpeedPotion"},{"floor":10.0,"key":"GamblersBrew"},{"floor":13.0,"key":"GamblersBrew"},{"floor":18.0,"key":"Block Potion"},{"floor":25.0,"key":"FearPotion"},{"floor":35.0,"key":"SteroidPotion"},{"floor":44.0,"key":"Energy Potion"},{"floor":48.0,"key":"GamblersBrew"}],"is_trial":false,"path_per_floor":["M","M","M","$","?","R","E","R","T","M","R","?","E","M","R","B",null,"M","$","?","M","M","R","M","E","T","R","E","R","M","?","R","B",null,"M","?","M","?","M","R","M","R","T","M","R","M","E","M","R","B"],"character_chosen":"IRONCLAD","items_purchased":["Inflame","Feed","Flex"],"campfire_rested":3,"item_purchase_floors":[4,19,19],"current_hp_per_floor":[72,69,69,69,74,74,65,65,65,62,62,62,38,37,37,10,63,69,69,46,44,34,61,67,62,62,62,34,34,40,40,69,19,78,46,25,20,82,71,82,57,69,69,78,88,88,73,31,69,51],"gold":34,"neow_bonus":"","is_prod":false,"is_daily":false,"chose_seed":false,"campfire_upgraded":6,"win_rate":0,"timestamp":1539686558,"path_taken":["M","M","M","$","?","R","E","R","T","?","R","?","E","M","R","BOSS","M","$","?","M","M","R","M","E","T","R","E","R","?","?","R","BOSS","M","?","?","?","M","R","?","R","T","M","R","M","E","M","R","BOSS"],"build_version":"2018-10-15v2","purchased_purges":1,"victory":true,"max_hp_per_floor":[75,75,75,75,80,80,80,80,80,80,80,80,80,80,80,80,80,80,80,85,88,91,91,91,94,94,94,97,97,97,97,97,97,97,97,100,100,82,82,82,85,85,85,88,88,88,88,88,88,91],"card_choices":[{"not_picked":["Sever Soul","Bloodletting","Shrug It Off"],"picked":"SKIP","floor":1.0},{"not_picked":["Wild Strike","Iron Wave"],"picked":"Heavy Blade","floor":2.0},{"not_picked":["Cleave","Shrug It Off"],"picked":"Flex","floor":3.0},{"not_picked":["Bloodletting","Dual Wield"],"picked":"Inflame","floor":7.0},{"not_picked":["Juggernaut","Intimidate","Body Slam"],"picked":"SKIP","floor":10.0},{"not_picked":["Infernal Blade","Body Slam","Headbutt"],"picked":"SKIP","floor":13.0},{"not_picked":["Anger","Iron Wave","Entrench"],"picked":"SKIP","floor":14.0},{"not_picked":["Exhume","Barricade"],"picked":"Immolate","floor":16.0},{"not_picked":["Perfected Strike+1","Dropkick"],"picked":"Flex","floor":18.0},{"not_picked":["Twin Strike","Rampage","Entrench"],"picked":"SKIP","floor":21.0},{"not_picked":["Infernal Blade","Iron Wave+1"],"picked":"Heavy Blade+1","floor":22.0},{"not_picked":["Warcry+1","Anger","Twin Strike"],"picked":"SKIP","floor":24.0},{"not_picked":["Disarm","Juggernaut","Metallicize"],"picked":"SKIP","floor":25.0},{"not_picked":["Wild Strike","Uppercut","Hemokinesis","Twin Strike+1"],"picked":"SKIP","floor":28.0},{"not_picked":["Iron Wave","Ghostly Armor","Warcry"],"picked":"Flex","floor":30.0},{"not_picked":["Reaper","Berserk","Demon Form"],"picked":"Limit Break","floor":33.0},{"not_picked":["Wild Strike","Uppercut","Clothesline","Shrug It Off+1"],"picked":"SKIP","floor":35.0},{"not_picked":["Iron Wave","Anger","Twin Strike","Flex"],"picked":"SKIP","floor":37.0},{"not_picked":["Berserk","Combust","Whirlwind","Thunderclap"],"picked":"SKIP","floor":39.0},{"not_picked":["Sever Soul","Thunderclap","Sword Boomerang","Evolve"],"picked":"SKIP","floor":41.0},{"not_picked":["Wild Strike","Anger","Thunderclap"],"picked":"Heavy Blade","floor":44.0},{"not_picked":["Rampage","Flame Barrier+1","Impervious","Clothesline"],"picked":"SKIP","floor":46.0},{"not_picked":["Infernal Blade","Dual Wield","Iron Wave","Sentinel"],"picked":"SKIP","floor":47.0},{"not_picked":["Pummel+1","Inflame+1","Shrug It Off","Seeing Red"],"picked":"SKIP","floor":48.0}],"player_experience":687219,"relics_obtained":[{"floor":7.0,"key":"Shovel"},{"floor":8.0,"key":"Du-Vu Doll"},{"floor":9.0,"key":"The Courier"},{"floor":13.0,"key":"Mummified Hand"},{"floor":15.0,"key":"PreservedInsect"},{"floor":25.0,"key":"Happy Flower"},{"floor":26.0,"key":"Bottled Lightning"},{"floor":27.0,"key":"Question Card"},{"floor":28.0,"key":"Ancient Tea Set"},{"floor":36.0,"key":"Unceasing Top"},{"floor":43.0,"key":"Frozen Egg 2"},{"floor":47.0,"key":"Ornamental Fan"}],"event_choices":[{"event_name":"Big Fish","player_choice":"Donut","floor":5.0,"damage_taken":0.0},{"event_name":"Bonfire Elementals","player_choice":"BASIC","floor":12.0,"damage_taken":0.0},{"event_name":"Forgotten Altar","player_choice":"Shed Blood","floor":20.0,"damage_taken":0.0},{"event_name":"Drug Dealer","player_choice":"Inject Mutagens","floor":31.0,"damage_taken":0.0},{"event_name":"MindBloom","player_choice":"Fight","floor":36.0,"damage_taken":0.0},{"event_name":"The Moai Head","player_choice":"Heal","floor":38.0,"damage_taken":0.0}],"is_beta":true,"boss_relics":[{"not_picked":["Coffee Dripper","Lizard Tail"],"picked":"Ectoplasm"},{"not_picked":["White Beast Statue","Tiny House"],"picked":"Eternal Feather"}],"items_purged_floors":[19],"is_endless":false,"potions_floor_spawned":[1,10,13,18,25,35,44,48],"ascension_level":17}