{"gold_per_floor":[113,188,113,123,123,123,156,170,170,3,18,18,36,36],"floor_reached":14,"playtime":539,"items_purged":["Strike_G","Defend_G"],"score":99,"play_id":"282eb778-4dd0-4994-bf26-4062b04193f7","local_time":"20180719233856","is_ascension_mode":true,"campfire_choices":[{"data":"Infinite Blades","floor":6.0,"key":"SMITH"}],"neow_cost":"NONE","seed_source_timestamp":0,"circlet_count":0,"master_deck":["Defend_G","Defend_G","Defend_G","Defend_G","Strike_G","Strike_G","Strike_G","Strike_G","Survivor","Neutralize+1","Acrobatics","Infinite Blades+1","Catalyst","Corpse Explosion","Deadly Poison","Terror"],"special_seed":0,"relics":["Ring of the Snake","Letter Opener","Snake Skull","Bottled Lightning","Gremlin Horn"],"potions_floor_usage":[],"damage_taken":[{"damage":4.0,"enemies":"2 Louse","floor":1.0,"turns":4.0},{"damage":1.0,"enemies":"Small Slimes","floor":4.0,"turns":3.0},{"damage":31.0,"enemies":"Gremlin Nob","floor":7.0,"turns":6.0},{"damage":0.0,"enemies":"Cultist","floor":8.0,"turns":4.0},{"damage":23.0,"enemies":"Exordium Thugs","floor":11.0,"turns":2.0},{"damage":1.0,"enemies":"Blue Slaver","floor":13.0,"turns":5.0},{"damage":1,"enemies":"3 Sentries","floor":14,"turns":2}],"seed_played":"-5062598257857510817","potions_obtained":[{"floor":4.0,"key":"Regen Potion"},{"floor":8.0,"key":"Explosive Potion"}],"is_trial":false,"path_per_floor":["M","?","$","M","T","R","E","M","T","$","M","?","M"],"character_chosen":"THE_SILENT","items_purchased":["Corpse Explosion"],"campfire_rested":0,"item_purchase_floors":[10],"current_hp_per_floor":[66,55,55,54,54,54,23,23,23,23,5,2,1,0],"gold":36,"neow_bonus":"UPGRADE_CARD","is_prod":false,"is_daily":false,"chose_seed":false,"campfire_upgraded":1,"win_rate":0,"timestamp":1532014736,"path_taken":["M","?","$","M","?","R","E","M","T","?","M","?","M","E"],"build_version":"2018-07-12","purchased_purges":2,"victory":false,"max_hp_per_floor":[70,70,70,70,70,70,70,70,70,70,70,70,70,70],"card_choices":[{"not_picked":["Quick Slash","Outmaneuver"],"picked":"Acrobatics","floor":1.0},{"not_picked":["Cloak And Dagger","Predator"],"picked":"Infinite Blades","floor":4.0},{"not_picked":["Finisher","Dash"],"picked":"Catalyst","floor":7.0},{"not_picked":["Underhanded Strike","Bane","Cloak And Dagger"],"picked":"SKIP","floor":8.0},{"not_picked":["Slice","Predator"],"picked":"Deadly Poison","floor":11.0},{"not_picked":["PiercingWail","Backflip"],"picked":"Terror","floor":13}],"player_experience":159747,"relics_obtained":[{"floor":5.0,"key":"Letter Opener"},{"floor":7.0,"key":"Snake Skull"},{"floor":9.0,"key":"Bottled Lightning"}],"event_choices":[{"event_name":"World of Goop","player_choice":"Gather Gold","floor":2.0,"damage_taken":0.0},{"event_name":"Scrap Ooze","player_choice":"success","floor":12.0,"damage_taken":3.0}],"boss_relics":[],"items_purged_floors":[3,10],"is_endless":false,"potions_floor_spawned":[4,8],"killed_by":"3 Sentries","ascension_level":2}