{"gold_per_floor":[113,113,113,128,143,202,222,222,245,245,264,290,308,233,233,233],"floor_reached":16,"playtime":707,"items_purged":["Strike_G"],"score":123,"play_id":"5270b15c-40fd-4b37-91ea-52b2397be363","local_time":"20180719003738","is_ascension_mode":true,"campfire_choices":[{"data":"Neutralize","floor":8,"key":"SMITH"},{"data":"Neutralize","floor":10,"key":"SMITH"},{"floor":15,"key":"REST"}],"neow_cost":"","seed_source_timestamp":9131894404230,"circlet_count":0,"master_deck":["Defend_G","Defend_G","Defend_G","Defend_G","Defend_G","Strike_G","Strike_G","Strike_G","Strike_G","Survivor","Neutralize+1","Acrobatics","Sucker Punch","Neutralize+1","Deflect","Dagger Throw","Deflect","Prepared"],"relics":["Ring of the Snake","Tiny Chest","Anchor","Strawberry"],"potions_floor_usage":[7],"damage_taken":[{"damage":0,"enemies":"2 Louse","floor":1,"turns":2},{"damage":0,"enemies":"Small Slimes","floor":4,"turns":3},{"damage":0,"enemies":"Jaw Worm","floor":5,"turns":4},{"damage":37,"enemies":"Lagavulin","floor":6,"turns":11},{"damage":3,"enemies":"Gremlin Gang","floor":7,"turns":5},{"damage":0,"enemies":"Looter","floor":11,"turns":4},{"damage":24,"enemies":"Gremlin Nob","floor":12,"turns":5},{"damage":13,"enemies":"Exordium Thugs","floor":13,"turns":5},{"damage":39,"enemies":"Slime Boss","floor":16,"turns":6}],"seed_played":"8044310210021373514","potions_obtained":[{"floor":4,"key":"LiquidBronze"},{"floor":5,"key":"Explosive Potion"},{"floor":13,"key":"SteroidPotion"}],"is_trial":false,"path_per_floor":["M","?","?","M","M","E","M","R","T","R","M","E","M","$","R"],"character_chosen":"THE_SILENT","items_purchased":[],"campfire_rested":1,"item_purchase_floors":[],"current_hp_per_floor":[70,75,75,75,75,38,35,35,35,35,35,18,5,5,29,0],"gold":233,"neow_bonus":"","is_prod":false,"is_daily":false,"chose_seed":false,"campfire_upgraded":2,"win_rate":0,"timestamp":1531931858,"path_taken":["M","?","?","?","M","E","M","R","T","R","M","E","?","?","R","BOSS"],"build_version":"2018-07-12","purchased_purges":1,"victory":false,"max_hp_per_floor":[70,75,75,75,75,75,75,75,75,75,75,82,82,82,82,82],"card_choices":[{"not_picked":["Dagger Spray","Riddle With Holes"],"picked":"Acrobatics","floor":1},{"not_picked":["Dagger Spray","Poisoned Stab"],"picked":"Deflect","floor":4},{"not_picked":["Sucker Punch","Cloak And Dagger","Dagger Spray"],"picked":"SKIP","floor":5},{"not_picked":["Leg Sweep","Quick Slash","Envenom"],"picked":"SKIP","floor":6},{"not_picked":["Poisoned Stab","Outmaneuver","PiercingWail"],"picked":"SKIP","floor":7},{"not_picked":["Poisoned Stab","Outmaneuver","PiercingWail"],"picked":"SKIP","floor":7},{"not_picked":["Riddle With Holes","Skewer"],"picked":"Dagger Throw","floor":11},{"not_picked":["Blade Dance","Expertise"],"picked":"Deflect","floor":12},{"not_picked":["Masterful Stab","Deflect"],"picked":"Prepared","floor":13}],"player_experience":150181,"relics_obtained":[{"floor":6,"key":"Tiny Chest"},{"floor":9,"key":"Anchor"},{"floor":12,"key":"Strawberry"}],"event_choices":[{"event_name":"Big Fish","player_choice":"Donut","floor":2,"damage_taken":0},{"event_name":"Match and Keep!","player_choice":"2 cards matched","floor":3,"damage_taken":0}],"boss_relics":[],"items_purged_floors":[14],"is_endless":false,"potions_floor_spawned":[4,5,13],"killed_by":"Slime Boss","ascension_level":2}