{"gold_per_floor":[213,138,150,168,2,30,30,61,61,136,194,41,41,60,60,60],"floor_reached":16,"playtime":335,"items_purged":["Strike_B"],"score":216,"play_id":"20944a20-c21c-41e0-902f-fc60a0c6eba4","local_time":"20190414004947","is_ascension_mode":true,"campfire_choices":[{"data":"Buffer","floor":7,"key":"SMITH"},{"floor":13,"key":"REST"},{"floor":15,"key":"REST"}],"neow_cost":"NONE","seed_source_timestamp":220219307531742,"circlet_count":0,"master_deck":["AscendersBane","Strike_B","Strike_B","Defend_B","Defend_B","Defend_B","Defend_B","Zap","Dualcast","Streamline","Loop","Redo","Buffer+1","Heatsinks","Steam","Static Discharge"],"relics":["Cracked Core","Gremlin Horn","Incense Burner","Ginger"],"potions_floor_usage":[6],"damage_taken":[{"damage":1,"enemies":"Cultist","floor":1,"turns":3},{"damage":9,"enemies":"Jaw Worm","floor":3,"turns":3},{"damage":1,"enemies":"2 Louse","floor":4,"turns":3},{"damage":8,"enemies":"Gremlin Nob","floor":6,"turns":3},{"damage":30,"enemies":"3 Sentries","floor":8,"turns":7},{"damage":17,"enemies":"2 Fungi Beasts","floor":14,"turns":4},{"damage":23,"enemies":"Slime Boss","floor":16,"turns":10}],"seed_played":"3671348727508825631","potions_obtained":[{"floor":4,"key":"PowerPotion"},{"floor":6,"key":"GamblersBrew"}],"is_trial":false,"path_per_floor":["M","?","M","M","$","E","R","E","T","?","?","$","R","M","R","B"],"character_chosen":"DEFECT","items_purchased":["Buffer","Static Discharge"],"campfire_rested":2,"item_purchase_floors":[5,12],"current_hp_per_floor":[63,63,54,53,53,45,45,15,15,4,4,4,25,8,29,6],"gold":60,"neow_bonus":"HUNDRED_GOLD","is_prod":false,"is_daily":false,"chose_seed":false,"campfire_upgraded":1,"win_rate":0,"timestamp":1555195787,"path_taken":["M","?","M","M","$","E","R","E","T","?","?","$","R","M","R","BOSS"],"build_version":"2019-01-23","purchased_purges":1,"victory":false,"max_hp_per_floor":[71,71,71,71,71,71,71,71,71,71,71,71,71,71,71,71],"card_choices":[{"not_picked":["Ball Lightning","Stack"],"picked":"Streamline","floor":1},{"not_picked":["Heatsinks","Streamline"],"picked":"Loop","floor":3},{"not_picked":["Ball Lightning","Sweeping Beam"],"picked":"Redo","floor":4},{"not_picked":["Turbo","Steam"],"picked":"Heatsinks","floor":6},{"not_picked":["Cold Snap","Turbo"],"picked":"Steam","floor":8},{"not_picked":["Steam Power","Ball Lightning","Beam Cell"],"picked":"SKIP","floor":14}],"player_experience":829812,"relics_obtained":[{"floor":6,"key":"Gremlin Horn"},{"floor":8,"key":"Incense Burner"},{"floor":9,"key":"Ginger"}],"event_choices":[{"cards_removed":["Strike_B"],"damage_healed":0,"gold_gain":0,"player_choice":"Card Removal","damage_taken":0,"max_hp_gain":0,"max_hp_loss":0,"event_name":"The Cleric","floor":2,"gold_loss":75},{"damage_healed":0,"gold_gain":75,"player_choice":"Gather Gold","damage_taken":11,"max_hp_gain":0,"max_hp_loss":0,"event_name":"World of Goop","floor":10,"gold_loss":0},{"damage_healed":0,"gold_gain":58,"player_choice":"Gained Gold","damage_taken":0,"max_hp_gain":0,"max_hp_loss":0,"event_name":"Golden Wing","floor":11,"gold_loss":0}],"is_beta":false,"boss_relics":[],"items_purged_floors":[12],"is_endless":false,"potions_floor_spawned":[4,6],"killed_by":"Slime Boss","ascension_level":20}