{"gold_per_floor":[118,131,148,163,338,338,147,147,147,174,187,187,218,229,229,332,332,348,87,106,106,125,125,154,154,211,245,65,65,65,85,85,189,189,199,2,2,22,34,67,67,67,67,67,167,167,180,198,198,198],"floor_reached":51,"playtime":3623,"items_purged":["Doubt","Regret","Doubt"],"score":1040,"play_id":"96119029-47e6-4a21-bcf2-8ceaa16204ea","local_time":"20181115001729","is_ascension_mode":true,"campfire_choices":[{"data":"Distraction","floor":6.0,"key":"SMITH"},{"data":"Noxious Fumes","floor":8.0,"key":"SMITH"},{"data":"Tools of the Trade","floor":15.0,"key":"SMITH"},{"data":"Footwork","floor":23.0,"key":"SMITH"},{"data":"Backflip","floor":25.0,"key":"SMITH"},{"data":"Envenom","floor":29.0,"key":"SMITH"},{"data":"Footwork","floor":32.0,"key":"SMITH"},{"data":"Noxious Fumes","floor":41.0,"key":"SMITH"},{"data":"Adrenaline","floor":44.0,"key":"SMITH"},{"floor":49.0,"key":"REST"}],"neow_cost":"NONE","seed_source_timestamp":0,"circlet_count":0,"master_deck":["Defend_G+1","Defend_G+1","Defend_G+1","Defend_G+1","Defend_G+1","Strike_G+1","Strike_G+1","Strike_G+1","Strike_G+1","Strike_G+1","Survivor","Neutralize","All Out Attack","Distraction+1","Dagger Throw","Predator","Noxious Fumes+1","Footwork+1","Tools of the Trade+1","Underhanded Strike","Dagger Throw","Adrenaline+1","Acrobatics+1","Panache","Backflip+1","PiercingWail+1","Envenom+1","Footwork+1","Bane+1","Corpse Explosion","Noxious Fumes+1","Escape Plan","Underhanded Strike+1","Leg Sweep+1","Reflex","Violence","Acrobatics","Poisoned Stab"],"special_seed":0,"relics":["Eternal Feather","Oddly Smooth Stone","Blood Vial","Sundial","Art of War","Dodecahedron","Cursed Key","Strawberry","Tiny Chest","Ornamental Fan","Kunai","Snecko Eye","Bronze Scales","The Specimen"],"potions_floor_usage":[50,50],"damage_taken":[{"damage":0.0,"enemies":"Small Slimes","floor":1.0,"turns":4.0},{"damage":0.0,"enemies":"Jaw Worm","floor":2.0,"turns":3.0},{"damage":0.0,"enemies":"Cultist","floor":3.0,"turns":4.0},{"damage":14.0,"enemies":"Lots of Slimes","floor":4.0,"turns":2.0},{"damage":27.0,"enemies":"Gremlin Nob","floor":10.0,"turns":5.0},{"damage":1.0,"enemies":"Large Slime","floor":11.0,"turns":6.0},{"damage":16.0,"enemies":"3 Sentries","floor":13.0,"turns":5.0},{"damage":6.0,"enemies":"2 Fungi Beasts","floor":14.0,"turns":4.0},{"damage":7.0,"enemies":"The Guardian","floor":16.0,"turns":9.0},{"damage":9.0,"enemies":"Spheric Guardian","floor":18.0,"turns":5.0},{"damage":8.0,"enemies":"2 Thieves","floor":20.0,"turns":3.0},{"damage":9.0,"enemies":"Shelled Parasite and Fungi","floor":22.0,"turns":5.0},{"damage":24.0,"enemies":"Slavers","floor":24.0,"turns":6.0},{"damage":6.0,"enemies":"Gremlin Leader","floor":27.0,"turns":6.0},{"damage":15.0,"enemies":"Cultist and Chosen","floor":31.0,"turns":5.0},{"damage":0.0,"enemies":"Automaton","floor":33.0,"turns":9.0},{"damage":0.0,"enemies":"3 Shapes","floor":35.0,"turns":4.0},{"damage":8.0,"enemies":"Orb Walker","floor":38.0,"turns":4.0},{"damage":21.0,"enemies":"Maw","floor":39.0,"turns":7.0},{"damage":36.0,"enemies":"Nemesis","floor":40.0,"turns":7.0},{"damage":0.0,"enemies":"Mind Bloom Boss Battle","floor":45.0,"turns":5.0},{"damage":35.0,"enemies":"Spire Growth","floor":47.0,"turns":7.0},{"damage":8.0,"enemies":"3 Darklings","floor":48.0,"turns":2.0},{"damage":54,"enemies":"Time Eater","floor":50,"turns":11}],"seed_played":"538337955311402985","potions_obtained":[{"floor":1.0,"key":"SmokeBomb"},{"floor":2.0,"key":"SteroidPotion"},{"floor":4.0,"key":"Swift Potion"},{"floor":14.0,"key":"EssenceOfSteel"},{"floor":18.0,"key":"Fire Potion"},{"floor":24.0,"key":"SkillPotion"},{"floor":38.0,"key":"Ancient Potion"},{"floor":47.0,"key":"Weak Potion"}],"is_trial":false,"path_per_floor":["M","M","M","M","?","R","$","R","T","E","M","?","E","M","R","B",null,"M","$","M","?","M","R","E","R","T","E","$","R","T","M","R","B",null,"M","$","T","M","M","E","R","?","T","R","?","?","M","M","R","B",null],"character_chosen":"THE_SILENT","items_purchased":["Oddly Smooth Stone","Noxious Fumes","Panache","Footwork","Noxious Fumes"],"campfire_rested":1,"item_purchase_floors":[7,7,19,28,36],"current_hp_per_floor":[63,63,63,49,49,58,58,67,67,42,43,43,29,25,37,32,61,54,54,48,48,41,56,41,56,56,52,52,67,67,54,72,74,76,77,77,77,69,50,16,34,34,34,52,54,54,21,15,59,7],"gold":198,"neow_bonus":"BOSS_RELIC","is_prod":false,"is_daily":false,"chose_seed":false,"campfire_upgraded":9,"win_rate":0,"timestamp":1542212249,"path_taken":["M","M","M","M","?","R","$","R","T","E","M","?","E","M","R","BOSS","M","$","M","?","M","R","E","R","T","E","$","R","?","M","R","BOSS","M","$","?","?","M","E","R","?","T","R","?","?","M","M","R","BOSS"],"build_version":"2018-11-08","purchased_purges":3,"victory":true,"max_hp_per_floor":[70,70,70,70,70,70,70,70,70,70,70,70,70,70,70,70,70,70,70,70,70,70,70,77,77,77,77,77,77,77,77,77,77,77,77,77,77,77,77,77,77,77,77,77,77,77,77,77,77,77],"card_choices":[{"not_picked":["Finisher","Masterful Stab"],"picked":"All Out Attack","floor":1.0},{"not_picked":["Endless Agony","Well Laid Plans"],"picked":"Distraction","floor":2.0},{"not_picked":["Dash","Catalyst"],"picked":"Dagger Throw","floor":3.0},{"not_picked":["Cloak And Dagger","PiercingWail"],"picked":"Predator","floor":4.0},{"not_picked":["Sucker Punch","Calculated Gamble"],"picked":"Footwork","floor":10.0},{"not_picked":["Dagger Spray","Bane"],"picked":"Tools of the Trade","floor":11.0},{"not_picked":["Caltrops","Predator"],"picked":"Underhanded Strike","floor":13.0},{"not_picked":["Dagger Spray","Backstab"],"picked":"Dagger Throw","floor":14.0},{"not_picked":["Phantasmal Killer","A Thousand Cuts"],"picked":"Adrenaline","floor":16.0},{"not_picked":["Quick Slash","Dagger Spray"],"picked":"Acrobatics+1","floor":18.0},{"not_picked":["Underhanded Strike","Poisoned Stab"],"picked":"Backflip","floor":20.0},{"not_picked":["Acrobatics","Bouncing Flask+1","Dodge and Roll"],"picked":"SKIP","floor":22.0},{"not_picked":["Acrobatics","Bouncing Flask+1","Dodge and Roll"],"picked":"SKIP","floor":22.0},{"not_picked":["Outmaneuver","Crippling Poison"],"picked":"PiercingWail+1","floor":24.0},{"not_picked":["PiercingWail+1","Flechettes"],"picked":"Envenom","floor":27.0},{"not_picked":["Well Laid Plans+1","Outmaneuver"],"picked":"Bane+1","floor":31.0},{"not_picked":["Unload","Adrenaline"],"picked":"Corpse Explosion","floor":33.0},{"not_picked":["Dagger Spray","Heel Hook+1","Underhanded Strike+1"],"picked":"SKIP","floor":35.0},{"not_picked":["Dodge and Roll+1","Dash"],"picked":"Escape Plan","floor":38.0},{"not_picked":["PiercingWail","Slice+1"],"picked":"Underhanded Strike+1","floor":39.0},{"not_picked":["Cloak And Dagger+1","Acrobatics"],"picked":"Leg Sweep+1","floor":40.0},{"not_picked":["Deadly Poison+1","Dodge and Roll"],"picked":"Reflex","floor":45.0},{"not_picked":["Deep Breath","Flash of Steel"],"picked":"Violence","floor":46.0},{"not_picked":["Deadly Poison+1","PiercingWail+1"],"picked":"Acrobatics","floor":47.0},{"not_picked":["Masterful Stab+1","Prepared"],"picked":"Poisoned Stab","floor":48.0}],"player_experience":434348,"relics_obtained":[{"floor":9.0,"key":"Blood Vial"},{"floor":10.0,"key":"Sundial"},{"floor":13.0,"key":"Dodecahedron"},{"floor":24.0,"key":"Strawberry"},{"floor":26.0,"key":"Tiny Chest"},{"floor":27.0,"key":"Ornamental Fan"},{"floor":30.0,"key":"Kunai"},{"floor":40.0,"key":"Bronze Scales"},{"floor":45.0,"key":"The Specimen"}],"event_choices":[{"damage_healed":0.0,"max_hp_gain":0.0,"max_hp_loss":0.0,"gold_gain":175.0,"event_name":"Liars Game","player_choice":"AGREE","floor":5.0,"gold_loss":0.0,"damage_taken":0.0,"cards_obtained":["Doubt"]},{"damage_healed":0.0,"max_hp_gain":0.0,"max_hp_loss":0.0,"gold_gain":0.0,"event_name":"Dead Adventurer","player_choice":"Searched \u00272\u0027 times","floor":12.0,"gold_loss":0.0,"damage_taken":0.0,"relics_obtained":["Art of War"]},{"damage_healed":0.0,"max_hp_gain":0.0,"max_hp_loss":0.0,"gold_gain":0.0,"event_name":"Back to Basics","player_choice":"Simplicity","floor":21.0,"gold_loss":0.0,"damage_taken":0.0,"cards_upgraded":["Defend_G","Defend_G","Defend_G","Defend_G","Defend_G","Strike_G","Strike_G","Strike_G","Strike_G","Strike_G"]},{"damage_healed":0.0,"max_hp_gain":0.0,"max_hp_loss":0.0,"gold_gain":0.0,"event_name":"The Moai Head","player_choice":"Ignored","floor":42.0,"gold_loss":0.0,"damage_taken":0.0},{"damage_healed":0.0,"max_hp_gain":0.0,"max_hp_loss":0.0,"gold_gain":0.0,"event_name":"MindBloom","player_choice":"Fight","floor":45.0,"gold_loss":0.0,"damage_taken":0.0},{"damage_healed":0.0,"max_hp_gain":0.0,"max_hp_loss":0.0,"gold_gain":0.0,"event_name":"SensoryStone","player_choice":"Memory 1","floor":46.0,"gold_loss":0.0,"damage_taken":0.0}],"is_beta":false,"boss_relics":[{"not_picked":["Tiny House","Astrolabe"],"picked":"Cursed Key"},{"not_picked":["Calling Bell","White Beast Statue"],"picked":"Snecko Eye"}],"items_purged_floors":[19,28,36],"is_endless":false,"potions_floor_spawned":[1,2,4,14,18,24,38,47],"ascension_level":8}