{"gold_per_floor":[117,192,47,60,60,91,91,105,105,123,136,136,153,153,153,153],"floor_reached":16,"playtime":231,"items_purged":[],"score":254,"play_id":"2d6b1add-a452-420c-96ad-6b12c559711b","local_time":"20191007011303","is_ascension_mode":true,"campfire_choices":[{"data":"Whirlwind","floor":7,"key":"SMITH"},{"data":"Flex","floor":12,"key":"SMITH"},{"data":"Heavy Blade","floor":15,"key":"SMITH"}],"neow_cost":"NONE","seed_source_timestamp":134528548193233,"circlet_count":0,"master_deck":["AscendersBane","Strike_R","Strike_R","Strike_R","Strike_R","Strike_R","Defend_R","Defend_R","Defend_R","Defend_R","Bash","Perfected Strike","Whirlwind+1","Thunderclap","Heavy Blade+1","Flex+1","Heavy Blade"],"relics":["Burning Blood","NeowsBlessing","Mummified Hand","Bag of Marbles","Ornamental Fan","White Beast Statue"],"potions_floor_usage":[16,16],"damage_taken":[{"damage":0,"enemies":"2 Louse","floor":1,"turns":1},{"damage":0,"enemies":"Small Slimes","floor":4,"turns":1},{"damage":0,"enemies":"3 Sentries","floor":6,"turns":1},{"damage":2,"enemies":"Jaw Worm","floor":8,"turns":3},{"damage":0,"enemies":"Gremlin Gang","floor":10,"turns":1},{"damage":5,"enemies":"2 Fungi Beasts","floor":11,"turns":3},{"damage":2,"enemies":"Lots of Slimes","floor":13,"turns":2},{"damage":65,"enemies":"Hexaghost","floor":16,"turns":8}],"seed_played":"5334988572989946021","potions_obtained":[{"floor":6,"key":"AttackPotion"},{"floor":10,"key":"EssenceOfSteel"}],"is_trial":false,"path_per_floor":["M","?","$","M","?","E","R","M","T","M","M","R","M","T","R","B"],"character_chosen":"IRONCLAD","items_purchased":["Whirlwind","Thunderclap"],"campfire_rested":0,"item_purchase_floors":[3,3],"current_hp_per_floor":[74,63,63,69,43,49,49,53,53,59,60,60,64,64,64,0],"gold":153,"neow_bonus":"THREE_ENEMY_KILL","is_prod":false,"is_daily":false,"chose_seed":false,"campfire_upgraded":3,"win_rate":0,"timestamp":1570403583,"path_taken":["M","?","$","M","?","E","R","M","T","M","M","R","M","?","R","BOSS"],"build_version":"2019-10-04","purchased_purges":0,"victory":false,"max_hp_per_floor":[75,75,75,75,75,75,75,75,75,75,75,75,75,75,75,75],"card_choices":[{"not_picked":["Headbutt","Clothesline"],"picked":"Perfected Strike","floor":1},{"not_picked":["Cleave","Shrug It Off"],"picked":"Heavy Blade","floor":4},{"not_picked":["Wild Strike","Body Slam","Warcry"],"picked":"SKIP","floor":6},{"not_picked":["Anger","Headbutt"],"picked":"Flex","floor":8},{"not_picked":["Wild Strike","Sword Boomerang","Body Slam"],"picked":"SKIP","floor":10},{"not_picked":["Cleave","Searing Blow","Juggernaut"],"picked":"SKIP","floor":11},{"not_picked":["Clash","Havoc"],"picked":"Heavy Blade","floor":13}],"player_experience":836596,"relics_obtained":[{"floor":6,"key":"Bag of Marbles"},{"floor":9,"key":"Ornamental Fan"},{"floor":14,"key":"White Beast Statue"}],"event_choices":[{"damage_healed":0,"gold_gain":75,"player_choice":"Gather Gold","damage_taken":11,"max_hp_gain":0,"max_hp_loss":0,"event_name":"World of Goop","floor":2,"gold_loss":0},{"damage_healed":0,"gold_gain":0,"player_choice":"Success","damage_taken":26,"relics_obtained":["Mummified Hand"],"max_hp_gain":0,"max_hp_loss":0,"event_name":"Scrap Ooze","floor":5,"gold_loss":0}],"is_beta":true,"boss_relics":[],"items_purged_floors":[],"is_endless":false,"potions_floor_spawned":[6,10],"killed_by":"Hexaghost","ascension_level":20}