{"gold_per_floor":[116,127,144,144,159,159,185,203,248,259,259,276,276,289,289,366,366,385,214,214,214,113,113],"floor_reached":23,"playtime":606,"items_purged":["Strike_G"],"score":386,"play_id":"b8d7ffbd-3311-4767-8ac7-a15e92a598bd","local_time":"20181122105747","is_ascension_mode":true,"campfire_choices":[{"data":"Blade Dance","floor":6.0,"key":"SMITH"},{"data":"Cloak And Dagger","floor":11,"key":"SMITH"},{"data":"Neutralize","floor":15,"key":"SMITH"}],"neow_cost":"NONE","seed_source_timestamp":172898270175730,"circlet_count":0,"master_deck":["AscendersBane","Defend_G","Defend_G","Defend_G","Defend_G","Defend_G","Strike_G","Strike_G","Strike_G","Strike_G","Survivor","Neutralize+1","Choke+1","Blur","Well Laid Plans","Blade Dance+1","Cloak And Dagger+1","Backstab","After Image","Blade Dance","Blade Dance"],"special_seed":0,"relics":["WristBlade","Bronze Scales","Anchor","White Beast Statue","Vajra","SsserpentHead"],"potions_floor_usage":[12,16,23],"damage_taken":[{"damage":1.0,"enemies":"2 Louse","floor":1.0,"turns":3.0},{"damage":7.0,"enemies":"Jaw Worm","floor":2.0,"turns":5.0},{"damage":1.0,"enemies":"Cultist","floor":3.0,"turns":4.0},{"damage":1.0,"enemies":"Exordium Wildlife","floor":5.0,"turns":5.0},{"damage":17.0,"enemies":"Lagavulin","floor":7.0,"turns":5.0},{"damage":3.0,"enemies":"Lots of Slimes","floor":8.0,"turns":5.0},{"damage":0.0,"enemies":"Large Slime","floor":10.0,"turns":4.0},{"damage":0,"enemies":"Gremlin Gang","floor":12,"turns":3},{"damage":0,"enemies":"3 Louse","floor":14,"turns":2},{"damage":29,"enemies":"Hexaghost","floor":16,"turns":9},{"damage":2,"enemies":"3 Byrds","floor":18,"turns":3},{"damage":42,"enemies":"Book of Stabbing","floor":23,"turns":4}],"seed_played":"7536799796860416609","potions_obtained":[{"floor":2.0,"key":"Energy Potion"},{"floor":5.0,"key":"SpeedPotion"},{"floor":8.0,"key":"Strength Potion"},{"floor":12,"key":"Fruit Juice"},{"floor":14,"key":"Ancient Potion"},{"floor":18,"key":"SpeedPotion"}],"is_trial":false,"path_per_floor":["M","M","M","?","M","R","E","M","T","M","M","R","M","?","M","R","B",null,"M","$","?","?","$","E"],"character_chosen":"THE_SILENT","items_purchased":["Vajra","Blade Dance"],"campfire_rested":0,"item_purchase_floors":[19,22],"current_hp_per_floor":[58,51,50,50,49,49,32,29,29,29,29,34,34,34,34,5,55,53,53,53,53,53,11],"gold":113,"neow_bonus":"BOSS_RELIC","is_prod":false,"is_daily":false,"chose_seed":false,"campfire_upgraded":3,"win_rate":0,"timestamp":1542880667,"path_taken":["M","M","M","?","M","R","E","M","T","M","R","M","?","M","R","BOSS","M","$","?","?","$","E"],"build_version":"2018-11-15","purchased_purges":1,"victory":false,"max_hp_per_floor":[66,66,66,66,66,66,66,66,66,66,66,71,71,71,71,71,71,71,71,71,71,71,71],"card_choices":[{"not_picked":["Dodge and Roll","Acrobatics"],"picked":"Choke","floor":1.0},{"not_picked":["PiercingWail","Flying Knee"],"picked":"Blur","floor":2.0},{"not_picked":["Dagger Spray","Deadly Poison"],"picked":"Well Laid Plans","floor":3.0},{"not_picked":["Acrobatics","Flechettes"],"picked":"Blade Dance","floor":5.0},{"not_picked":["Reflex","Sucker Punch","Concentrate"],"picked":"SKIP","floor":7.0},{"not_picked":["PiercingWail","Caltrops","Prepared"],"picked":"SKIP","floor":8.0},{"not_picked":["Masterful Stab","Sucker Punch"],"picked":"Cloak And Dagger","floor":10},{"not_picked":["Caltrops","Deadly Poison"],"picked":"Backstab","floor":12},{"not_picked":["Prepared","Deflect","Deadly Poison"],"picked":"SKIP","floor":14},{"not_picked":["Adrenaline","Night Terror"],"picked":"After Image","floor":16},{"not_picked":["Terror+1","Prepared"],"picked":"Blade Dance","floor":18}],"player_experience":771331,"relics_obtained":[{"floor":7.0,"key":"Bronze Scales"},{"floor":9.0,"key":"Anchor"}],"event_choices":[{"damage_healed":0.0,"max_hp_gain":0.0,"max_hp_loss":0.0,"gold_gain":0.0,"event_name":"Shining Light","player_choice":"Ignored","floor":4.0,"gold_loss":0.0,"damage_taken":0.0},{"damage_healed":0,"gold_gain":0,"player_choice":"Grow","damage_taken":0,"max_hp_gain":0,"max_hp_loss":0,"event_name":"Living Wall","floor":13,"gold_loss":0,"cards_upgraded":["Choke"]},{"damage_healed":0,"gold_gain":0,"player_choice":"Ignored","damage_taken":0,"max_hp_gain":0,"max_hp_loss":0,"event_name":"Vampires","floor":20,"gold_loss":0},{"damage_healed":0,"gold_gain":0,"player_choice":"Trade","damage_taken":0,"relics_obtained":["SsserpentHead"],"max_hp_gain":0,"max_hp_loss":0,"event_name":"FaceTrader","floor":21,"gold_loss":0}],"is_beta":true,"boss_relics":[{"not_picked":["Fusion Hammer","Snecko Eye"],"picked":"White Beast Statue"}],"items_purged_floors":[22],"is_endless":false,"potions_floor_spawned":[2,5,8,12,14,18],"killed_by":"Book of Stabbing","ascension_level":20}