{"gold_per_floor":[214,11,11,29,47,47,47,62,62,76,110,129,129,146,146,241,241,253,10,10,24,24,24,24,24,49,79,92,191,211,229,229,326,326,342,390,90,100,111,111,123,123,169,169,201,76,76,92,92,92,92,92,92,117,117],"floor_reached":55,"playtime":1636,"items_purged":["Strike_G","Strike_G","Strike_G"],"score":719,"play_id":"d763932e-f434-4e69-9c2b-ab3076176c4b","local_time":"20190414174211","is_ascension_mode":false,"campfire_choices":[{"data":"Bouncing Flask","floor":6.0,"key":"SMITH"},{"data":"Noxious Fumes","floor":13.0,"key":"SMITH"},{"data":"Dodge and Roll","floor":15.0,"key":"SMITH"},{"data":"Dodge and Roll","floor":23.0,"key":"SMITH"},{"data":"Deadly Poison","floor":25.0,"key":"SMITH"},{"floor":32.0,"key":"REST"},{"data":"Adrenaline","floor":40.0,"key":"SMITH"},{"floor":44.0,"key":"REST"},{"floor":49,"key":"RECALL"},{"data":"Burst","floor":52,"key":"SMITH"}],"neow_cost":"NONE","seed_source_timestamp":279616373357356,"circlet_count":0,"master_deck":["Defend_G","Defend_G","Defend_G","Defend_G","Defend_G","Strike_G","Strike_G","Survivor","Dodge and Roll+1","Deadly Poison+1","Noxious Fumes+1","Deadly Poison+1","Bouncing Flask+1","Crippling Poison","Dodge and Roll+1","Noxious Fumes+1","Corpse Explosion","After Image+1","Blur","Deflect+1","Adrenaline+1","Backflip+1","Footwork+1","Catalyst+1","Burst+1"],"special_seed":0,"relics":["Ring of the Snake","Frozen Egg 2","Gremlin Horn","Runic Dome","Bag of Preparation","Mercury Hourglass","Sozu","Ginger","Torii","Oddly Smooth Stone","Kunai"],"potions_floor_usage":[50],"damage_taken":[{"damage":1.0,"enemies":"Cultist","floor":1.0,"turns":4.0},{"damage":0.0,"enemies":"Small Slimes","floor":4.0,"turns":3.0},{"damage":1.0,"enemies":"Jaw Worm","floor":5.0,"turns":5.0},{"damage":7.0,"enemies":"Looter","floor":8.0,"turns":3.0},{"damage":0.0,"enemies":"3 Louse","floor":10.0,"turns":3.0},{"damage":18.0,"enemies":"3 Sentries","floor":11.0,"turns":8.0},{"damage":5.0,"enemies":"Lots of Slimes","floor":12.0,"turns":3.0},{"damage":7.0,"enemies":"Large Slime","floor":14.0,"turns":4.0},{"damage":4.0,"enemies":"Hexaghost","floor":16.0,"turns":7.0},{"damage":14.0,"enemies":"3 Byrds","floor":18.0,"turns":3.0},{"damage":0.0,"enemies":"Spheric Guardian","floor":21.0,"turns":3.0},{"damage":25.0,"enemies":"Gremlin Leader","floor":27.0,"turns":6.0},{"damage":19.0,"enemies":"Snake Plant","floor":28.0,"turns":4.0},{"damage":0.0,"enemies":"Snecko","floor":30.0,"turns":5.0},{"damage":0.0,"enemies":"Chosen and Byrds","floor":31.0,"turns":4.0},{"damage":11.0,"enemies":"Champ","floor":33.0,"turns":11.0},{"damage":3.0,"enemies":"Orb Walker","floor":35.0,"turns":4.0},{"damage":31.0,"enemies":"2 Orb Walkers","floor":36.0,"turns":4.0},{"damage":1.0,"enemies":"3 Darklings","floor":38.0,"turns":3.0},{"damage":0.0,"enemies":"Jaw Worm Horde","floor":39.0,"turns":3.0},{"damage":9.0,"enemies":"Sphere and 2 Shapes","floor":41.0,"turns":4.0},{"damage":0.0,"enemies":"Giant Head","floor":45.0,"turns":7.0},{"damage":8,"enemies":"Writhing Mass","floor":48,"turns":4},{"damage":1,"enemies":"Donu and Deca","floor":50,"turns":5},{"damage":6,"enemies":"Shield and Spear","floor":54,"turns":5},{"damage":70,"enemies":"The Heart","floor":55,"turns":8}],"seed_played":"3224768622745387885","potions_obtained":[{"floor":4.0,"key":"Regen Potion"},{"floor":5.0,"key":"Fire Potion"},{"floor":8.0,"key":"Dexterity Potion"},{"floor":11.0,"key":"Regen Potion"},{"floor":28.0,"key":"GhostInAJar"},{"floor":30.0,"key":"Fruit Juice"},{"floor":33.0,"key":"Regen Potion"}],"is_trial":false,"path_per_floor":["M","$","?","M","M","R","?","M","T","M","E","M","R","M","R","B",null,"M","$","?","M","?","R","?","R","T","E","M","?","M","M","R","B",null,"M","?","$","M","M","R","M","$","T","R","E","$","?","M","R","B",null,"R","$","E","B"],"character_chosen":"THE_SILENT","items_purchased":["Deadly Poison","Noxious Fumes","After Image+1","Torii"],"campfire_rested":2,"item_purchase_floors":[2,2,19,37],"current_hp_per_floor":[69,69,69,69,68,68,68,61,61,61,43,38,38,31,31,42,70,56,56,56,56,56,56,56,56,56,31,12,12,17,17,39,43,75,72,41,41,40,40,40,31,31,31,53,53,53,53,45,45,59,75,75,75,69,0],"gold":117,"neow_bonus":"HUNDRED_GOLD","is_prod":false,"is_daily":false,"chose_seed":false,"campfire_upgraded":7,"win_rate":0,"timestamp":1555256531,"path_taken":["M","$","?","M","?","R","?","M","T","M","E","M","R","M","R","BOSS","M","$","?","M","?","R","?","R","T","E","?","?","M","M","R","BOSS","M","?","$","M","M","R","M","$","T","R","E","$","?","M","R","BOSS","R","$","E","BOSS"],"build_version":"2019-01-23","purchased_purges":3,"victory":false,"max_hp_per_floor":[70,70,70,70,70,70,70,70,70,70,70,70,70,70,70,70,70,70,70,70,70,70,70,70,70,70,70,70,70,75,75,75,75,75,75,75,75,75,75,75,75,75,75,75,75,75,75,75,75,75,75,75,75,75,75],"card_choices":[{"not_picked":["Flying Knee","Slice"],"picked":"Dodge and Roll","floor":1.0},{"not_picked":["Dagger Throw","Blade Dance","Riddle With Holes"],"picked":"SKIP","floor":4.0},{"not_picked":["Underhanded Strike","Predator"],"picked":"Crippling Poison","floor":5.0},{"not_picked":["Die Die Die","Backflip"],"picked":"Dodge and Roll","floor":8.0},{"not_picked":["Escape Plan","Reflex","Setup"],"picked":"SKIP","floor":10.0},{"not_picked":["Blade Dance","Riddle With Holes"],"picked":"Noxious Fumes+1","floor":11.0},{"not_picked":["Flying Knee","Backflip","Predator"],"picked":"SKIP","floor":12.0},{"not_picked":["Dagger Throw","Prepared","Deadly Poison"],"picked":"SKIP","floor":14.0},{"not_picked":["Storm of Steel","Unload"],"picked":"Corpse Explosion","floor":16.0},{"not_picked":["Underhanded Strike","Endless Agony+1","Dagger Spray+1"],"picked":"SKIP","floor":18.0},{"not_picked":["Concentrate","Choke","Skewer"],"picked":"SKIP","floor":21.0},{"not_picked":["Outmaneuver","Concentrate+1"],"picked":"Blur","floor":27.0},{"not_picked":["Flying Knee","Blade Dance"],"picked":"Deflect+1","floor":28.0},{"not_picked":["Tactician+1","Quick Slash","Prepared+1"],"picked":"SKIP","floor":30.0},{"not_picked":["Predator","Caltrops+1","All Out Attack"],"picked":"SKIP","floor":31.0},{"not_picked":["Unload","Corpse Explosion"],"picked":"Adrenaline","floor":33.0},{"not_picked":["Dash+1","Infinite Blades+1","Acrobatics+1"],"picked":"SKIP","floor":35.0},{"not_picked":["Prepared","Dagger Spray"],"picked":"Backflip+1","floor":36.0},{"not_picked":["Backstab","Deflect","Cloak And Dagger"],"picked":"SKIP","floor":38.0},{"not_picked":["Endless Agony","Dagger Throw"],"picked":"Footwork+1","floor":39.0},{"not_picked":["PiercingWail+1","Dagger Throw"],"picked":"Catalyst+1","floor":41.0},{"not_picked":["Prepared+1","Quick Slash","Riddle With Holes"],"picked":"SKIP","floor":45.0},{"not_picked":["Acrobatics+1","Deflect+1"],"picked":"Burst","floor":48},{"not_picked":["Dodge and Roll","Finisher","Cloak And Dagger+1"],"picked":"SKIP","floor":54}],"player_experience":832379,"relics_obtained":[{"floor":9.0,"key":"Frozen Egg 2"},{"floor":11.0,"key":"Gremlin Horn"},{"floor":26.0,"key":"Bag of Preparation"},{"floor":27.0,"key":"Mercury Hourglass"},{"floor":36.0,"key":"Ginger"},{"floor":45.0,"key":"Oddly Smooth Stone"},{"floor":54,"key":"Kunai"}],"event_choices":[{"damage_healed":0.0,"max_hp_gain":0.0,"max_hp_loss":0.0,"gold_gain":0.0,"event_name":"Match and Keep!","player_choice":"2 cards matched","floor":3.0,"gold_loss":0.0,"damage_taken":0.0,"cards_obtained":["Deadly Poison","Bouncing Flask"]},{"damage_healed":0.0,"max_hp_gain":0.0,"max_hp_loss":0.0,"gold_gain":0.0,"event_name":"Golden Idol","player_choice":"Ignored","floor":7.0,"gold_loss":0.0,"damage_taken":0.0},{"damage_healed":0.0,"max_hp_gain":0.0,"max_hp_loss":0.0,"gold_gain":0.0,"event_name":"Ghosts","player_choice":"Ignored","floor":22.0,"gold_loss":0.0,"damage_taken":0.0},{"damage_healed":0.0,"max_hp_gain":0.0,"max_hp_loss":0.0,"gold_gain":0.0,"event_name":"Upgrade Shrine","player_choice":"Upgraded","floor":24.0,"gold_loss":0.0,"damage_taken":0.0,"cards_upgraded":["Deadly Poison"]},{"damage_healed":0.0,"max_hp_gain":0.0,"max_hp_loss":0.0,"gold_gain":99.0,"event_name":"Nest","player_choice":"Stole From Cult","floor":29.0,"gold_loss":0.0,"damage_taken":0.0},{"damage_healed":0.0,"max_hp_gain":0.0,"max_hp_loss":0.0,"gold_gain":0.0,"event_name":"Mysterious Sphere","player_choice":"Fight","floor":36.0,"gold_loss":0.0,"damage_taken":0.0},{"cards_removed":["Neutralize"],"damage_healed":0.0,"max_hp_gain":0.0,"max_hp_loss":0.0,"gold_gain":0.0,"event_name":"Falling","player_choice":"Removed Attack","floor":47.0,"gold_loss":0.0,"damage_taken":0.0}],"is_beta":false,"boss_relics":[{"not_picked":["White Beast Statue","Fusion Hammer"],"picked":"Runic Dome"},{"not_picked":["Runic Pyramid","Calling Bell"],"picked":"Sozu"}],"items_purged_floors":[2,19,46],"is_endless":false,"potions_floor_spawned":[4,5,8,11,28,30,33,36,41,54],"killed_by":"The Heart","ascension_level":0}