{"gold_per_floor":[116,41,41,41,41,41,70,82,82,97,127,127,157,173,173,247,247,264,264,281,119,134,134,59,71,71,91,91,118,118,138,138,213,213,223,46,46,65,82,82,82],"floor_reached":41,"playtime":1031,"items_purged":["Decay","Strike_B"],"score":852,"play_id":"eb5cad00-a6ea-4db1-92b5-f15e8ba43285","local_time":"20181126002624","is_ascension_mode":true,"campfire_choices":[{"data":"Zap","floor":12.0,"key":"SMITH"},{"data":"Leap","floor":15.0,"key":"SMITH"},{"floor":23.0,"key":"REST"},{"floor":28.0,"key":"REST"},{"floor":30.0,"key":"REST"},{"floor":32.0,"key":"REST"},{"data":"Fission","floor":40,"key":"SMITH"}],"neow_cost":"NONE","seed_source_timestamp":20801520105205,"circlet_count":0,"master_deck":["AscendersBane","Strike_B+1","Strike_B+1","Defend_B+1","Defend_B","Defend_B","Defend_B","Zap+1","Dualcast","Streamline+1","Defragment+1","Leap+1","Machine Learning","BootSequence","Coolheaded","Storm","Buffer","Storm","Leap","Defragment","Echo Form","Fission+1","Leap","Capacitor","Self Repair"],"special_seed":0,"relics":["Cracked Core","NeowsBlessing","Vajra","Oddly Smooth Stone","Gremlin Horn","Bag of Marbles","Nuclear Battery","Whetstone","Boot","Eternal Feather"],"potions_floor_usage":[41],"damage_taken":[{"damage":0.0,"enemies":"Small Slimes","floor":1.0,"turns":1.0},{"damage":0.0,"enemies":"3 Sentries","floor":7.0,"turns":2.0},{"damage":0.0,"enemies":"Jaw Worm","floor":8.0,"turns":1.0},{"damage":0.0,"enemies":"Cultist","floor":10.0,"turns":3.0},{"damage":9.0,"enemies":"Gremlin Nob","floor":13.0,"turns":3.0},{"damage":0.0,"enemies":"2 Fungi Beasts","floor":14.0,"turns":3.0},{"damage":21.0,"enemies":"Slime Boss","floor":16.0,"turns":8.0},{"damage":9.0,"enemies":"Spheric Guardian","floor":18.0,"turns":5.0},{"damage":7.0,"enemies":"2 Thieves","floor":20.0,"turns":4.0},{"damage":12.0,"enemies":"Centurion and Healer","floor":22.0,"turns":7.0},{"damage":20.0,"enemies":"Snake Plant","floor":25.0,"turns":4.0},{"damage":11.0,"enemies":"Shelled Parasite and Fungi","floor":27.0,"turns":6.0},{"damage":2.0,"enemies":"Centurion and Healer","floor":31.0,"turns":6.0},{"damage":25.0,"enemies":"Champ","floor":33.0,"turns":9.0},{"damage":9.0,"enemies":"3 Shapes","floor":35.0,"turns":5.0},{"damage":1.0,"enemies":"Orb Walker","floor":38.0,"turns":3.0},{"damage":30,"enemies":"Writhing Mass","floor":39,"turns":7},{"damage":62,"enemies":"Reptomancer","floor":41,"turns":3}],"seed_played":"5243689391467413838","potions_obtained":[{"floor":7.0,"key":"FearPotion"},{"floor":14.0,"key":"FocusPotion"},{"floor":16.0,"key":"Swift Potion"},{"floor":20.0,"key":"GamblersBrew"},{"floor":22.0,"key":"PowerPotion"},{"floor":31.0,"key":"AttackPotion"},{"floor":39,"key":"LiquidBronze"}],"is_trial":false,"path_per_floor":["M","$","?","?","?","?","E","M","T","M","?","R","E","M","R","B",null,"M","?","M","$","M","R","?","M","T","M","R","T","R","M","R","B",null,"M","$","?","M","M","R","E"],"character_chosen":"DEFECT","items_purchased":["Defragment","Storm","Capacitor"],"campfire_rested":4,"item_purchase_floors":[2,21,36],"current_hp_per_floor":[64,64,69,46,46,46,46,46,46,46,46,46,37,37,37,16,61,52,30,23,23,11,35,35,15,15,4,28,28,52,50,74,49,73,64,64,64,70,47,62,0],"gold":82,"neow_bonus":"THREE_ENEMY_KILL","is_prod":false,"is_daily":false,"chose_seed":false,"campfire_upgraded":3,"win_rate":0,"timestamp":1543188384,"path_taken":["M","$","?","?","?","?","E","M","T","?","?","R","E","M","R","BOSS","M","?","M","$","M","R","?","M","T","M","R","?","R","M","R","BOSS","M","$","?","M","?","R","E"],"build_version":"2018-11-15","purchased_purges":2,"victory":false,"max_hp_per_floor":[71,71,76,76,76,76,76,76,76,76,76,76,76,76,76,76,76,76,81,81,81,81,81,81,81,81,81,81,81,81,81,81,81,81,81,81,81,81,81,81,81],"card_choices":[{"not_picked":["Gash","Sweeping Beam"],"picked":"Streamline","floor":1.0},{"not_picked":["Beam Cell","Hologram"],"picked":"Leap","floor":7.0},{"not_picked":["Barrage","Streamline"],"picked":"Machine Learning","floor":8.0},{"not_picked":["Beam Cell","Go for the Eyes"],"picked":"BootSequence","floor":10.0},{"not_picked":["Chill","Go for the Eyes"],"picked":"Coolheaded","floor":13.0},{"not_picked":["Sunder","Hyperbeam"],"picked":"Storm","floor":14.0},{"not_picked":["Multi-Cast","Thunder Strike"],"picked":"Buffer","floor":16.0},{"not_picked":["Scrape","Turbo+1","Lockon"],"picked":"SKIP","floor":18.0},{"not_picked":["Rip and Tear","Recycle","Beam Cell"],"picked":"SKIP","floor":20.0},{"not_picked":["Ball Lightning","Sweeping Beam","Stack"],"picked":"SKIP","floor":22.0},{"not_picked":["Steam","Sunder"],"picked":"Leap","floor":25.0},{"not_picked":["Coolheaded","Beam Cell"],"picked":"Defragment","floor":27.0},{"not_picked":["Go for the Eyes","Stack"],"picked":"Echo Form","floor":31.0},{"not_picked":["Core Surge","Hyperbeam"],"picked":"Fission","floor":33.0},{"not_picked":["Melter+1","Go for the Eyes"],"picked":"Leap","floor":35.0},{"not_picked":["Streamline+1","Barrage","Genetic Algorithm"],"picked":"SKIP","floor":38.0},{"not_picked":["Tempest","Leap","Machine Learning"],"picked":"SKIP","floor":39}],"player_experience":775336,"relics_obtained":[{"floor":7.0,"key":"Vajra"},{"floor":9.0,"key":"Oddly Smooth Stone"},{"floor":13.0,"key":"Bag of Marbles"},{"floor":26.0,"key":"Whetstone"},{"floor":29.0,"key":"Boot"}],"event_choices":[{"damage_healed":0.0,"max_hp_gain":5.0,"max_hp_loss":0.0,"gold_gain":0.0,"event_name":"Big Fish","player_choice":"Donut","floor":3.0,"gold_loss":0.0,"damage_taken":0.0},{"damage_healed":0.0,"max_hp_gain":0.0,"max_hp_loss":0.0,"gold_gain":0.0,"event_name":"Shining Light","player_choice":"Entered Light","floor":4.0,"gold_loss":0.0,"damage_taken":23.0,"cards_upgraded":["Defend_B","Defragment"]},{"damage_healed":0.0,"max_hp_gain":0.0,"max_hp_loss":0.0,"gold_gain":0.0,"event_name":"Living Wall","player_choice":"Grow","floor":5.0,"gold_loss":0.0,"damage_taken":0.0,"cards_upgraded":["Streamline"]},{"damage_healed":0.0,"max_hp_gain":0.0,"max_hp_loss":0.0,"gold_gain":0.0,"event_name":"Wheel of Change","player_choice":"Cursed","floor":6.0,"gold_loss":0.0,"damage_taken":0.0,"cards_obtained":["Decay"]},{"damage_healed":0.0,"max_hp_gain":0.0,"max_hp_loss":0.0,"gold_gain":30.0,"event_name":"Dead Adventurer","player_choice":"Searched \u00272\u0027 times","floor":11.0,"gold_loss":0.0,"damage_taken":0.0,"relics_obtained":["Gremlin Horn"]},{"damage_healed":0.0,"max_hp_gain":5.0,"max_hp_loss":0.0,"gold_gain":0.0,"event_name":"Forgotten Altar","player_choice":"Shed Blood","floor":19.0,"gold_loss":0.0,"damage_taken":27.0},{"cards_removed":["Strike_B"],"damage_healed":0.0,"max_hp_gain":0.0,"max_hp_loss":0.0,"gold_gain":0.0,"event_name":"Beggar","player_choice":"Gave Gold","floor":24.0,"gold_loss":75.0,"damage_taken":0.0},{"damage_healed":0.0,"max_hp_gain":0.0,"max_hp_loss":0.0,"gold_gain":0.0,"event_name":"Match and Keep!","player_choice":"1 cards matched","floor":37.0,"gold_loss":0.0,"damage_taken":0.0,"cards_obtained":["Self Repair"]}],"is_beta":true,"boss_relics":[{"not_picked":["Runic Pyramid","White Beast Statue"],"picked":"Nuclear Battery"},{"not_picked":["Coffee Dripper","Pandora\u0027s Box"],"picked":"Eternal Feather"}],"items_purged_floors":[21,36],"is_endless":false,"potions_floor_spawned":[7,14,16,20,22,31,39],"killed_by":"Reptomancer","ascension_level":20}