{"gold_per_floor":[109,109,124,37,49,74,74,94,120,120],"floor_reached":10,"playtime":164,"items_purged":[],"score":136,"play_id":"4f5cab92-9651-47e3-91a9-51f583de7de6","local_time":"20190728024845","is_ascension_mode":true,"campfire_choices":[],"neow_cost":"NONE","seed_source_timestamp":311786617266279,"circlet_count":0,"master_deck":["AscendersBane","Strike_R","Strike_R","Strike_R","Strike_R","Strike_R","Defend_R","Defend_R+1","Defend_R+1","Defend_R","Bash","Cleave","Twin Strike","Inflame","Evolve","Thunderclap"],"special_seed":0,"relics":["Burning Blood","NeowsBlessing","War Paint","Red Skull","Boot"],"potions_floor_usage":[6],"damage_taken":[{"damage":0.0,"enemies":"Jaw Worm","floor":1.0,"turns":1.0},{"damage":0.0,"enemies":"Cultist","floor":3.0,"turns":1.0},{"damage":0.0,"enemies":"Small Slimes","floor":5.0,"turns":2.0},{"damage":56,"enemies":"Gremlin Nob","floor":6,"turns":5},{"damage":14,"enemies":"Looter","floor":8,"turns":3},{"damage":17,"enemies":"Large Slime","floor":10,"turns":4}],"seed_played":"-283631586318158494","potions_obtained":[{"floor":3.0,"key":"GamblersBrew"},{"floor":6,"key":"GamblersBrew"},{"floor":8,"key":"LiquidBronze"}],"is_trial":false,"path_per_floor":["M","?","M","$","M","E","?","M","T","M"],"character_chosen":"IRONCLAD","items_purchased":["Inflame"],"campfire_rested":0,"item_purchase_floors":[4],"current_hp_per_floor":[74,74,75,75,75,25,25,17,17,0],"gold":120,"neow_bonus":"THREE_ENEMY_KILL","is_prod":false,"is_daily":false,"chose_seed":false,"campfire_upgraded":0,"win_rate":0,"timestamp":1564274925,"path_taken":["M","?","M","$","?","E","?","M","T","M"],"build_version":"2019-07-17","purchased_purges":0,"victory":false,"max_hp_per_floor":[75,75,75,75,75,75,75,75,75,75],"card_choices":[{"not_picked":["True Grit","Uppercut"],"picked":"Cleave","floor":1.0},{"not_picked":["Whirlwind","Dropkick","Body Slam"],"picked":"SKIP","floor":3.0},{"not_picked":["Shrug It Off","Corruption"],"picked":"Evolve","floor":5.0},{"not_picked":["Rampage","Dropkick"],"picked":"Thunderclap","floor":6},{"not_picked":["Warcry","Intimidate","Dropkick"],"picked":"SKIP","floor":8}],"player_experience":904784,"relics_obtained":[{"floor":6,"key":"War Paint"},{"floor":9,"key":"Boot"}],"event_choices":[{"damage_healed":0.0,"max_hp_gain":0.0,"max_hp_loss":0.0,"gold_gain":0.0,"event_name":"Match and Keep!","player_choice":"1 cards matched","floor":2.0,"gold_loss":0.0,"damage_taken":0.0,"cards_obtained":["Twin Strike"]},{"damage_healed":0,"gold_gain":0,"player_choice":"Gave Potion","damage_taken":0,"relics_obtained":["Red Skull"],"max_hp_gain":0,"max_hp_loss":0,"event_name":"WeMeetAgain","floor":7,"gold_loss":0}],"is_beta":false,"boss_relics":[],"items_purged_floors":[],"is_endless":false,"potions_floor_spawned":[3,6,8],"killed_by":"Large Slime","ascension_level":20}