{"gold_per_floor":[111,111,128,141,161,161,193,206,233,233,248,173,173,191,191,290,290,303,303,303,316,8,8,24,24,24,24,74,94,94,44,44,140,140,160,160,160,175,175,210,222,249,284,92,111,146,0,0,0,0],"floor_reached":51,"playtime":1177,"items_purged":["Defend_R","Strike_R","Searing Blow+1","Strike_R"],"score":730,"play_id":"a516fb4d-fa42-4b67-835b-a8cdf7a52981","local_time":"20191020173137","is_ascension_mode":false,"campfire_choices":[{"data":"Flex","floor":6.0,"key":"SMITH"},{"data":"Limit Break","floor":13.0,"key":"SMITH"},{"data":"Flex","floor":15.0,"key":"SMITH"},{"data":"Limit Break","floor":23.0,"key":"SMITH"},{"data":"Bash","floor":25.0,"key":"SMITH"},{"data":"Impervious","floor":27.0,"key":"SMITH"},{"floor":32,"key":"REST"},{"data":"Clash","floor":41,"key":"SMITH"},{"data":"Limit Break","floor":49,"key":"SMITH"}],"neow_cost":"NONE","seed_source_timestamp":281548878659975,"circlet_count":0,"master_deck":["Strike_R","Bash+1","Clash+1","Impervious+1","Flex+1","Flex+1","Limit Break+1","Limit Break+1","Shrug It Off+1","Burning Pact+1","Pommel Strike+1","Limit Break+1"],"special_seed":0,"relics":["Burning Blood","Bag of Marbles","Ancient Tea Set","Omamori","Astrolabe","Smiling Mask","Happy Flower","Sundial","Runic Dome","MawBank","Art of War","Pen Nib","Anchor"],"potions_floor_usage":[33],"damage_taken":[{"damage":7.0,"enemies":"2 Louse","floor":1.0,"turns":2.0},{"damage":0.0,"enemies":"Cultist","floor":3.0,"turns":2.0},{"damage":6.0,"enemies":"Jaw Worm","floor":4.0,"turns":2.0},{"damage":0.0,"enemies":"2 Fungi Beasts","floor":5.0,"turns":3.0},{"damage":6.0,"enemies":"Gremlin Nob","floor":7.0,"turns":4.0},{"damage":0.0,"enemies":"Blue Slaver","floor":8.0,"turns":1.0},{"damage":2.0,"enemies":"3 Louse","floor":11.0,"turns":2.0},{"damage":0.0,"enemies":"Large Slime","floor":14.0,"turns":4.0},{"damage":80.0,"enemies":"Hexaghost","floor":16.0,"turns":9.0},{"damage":20.0,"enemies":"Chosen","floor":18.0,"turns":4.0},{"damage":13.0,"enemies":"Shell Parasite","floor":21.0,"turns":5.0},{"damage":3.0,"enemies":"Centurion and Healer","floor":24.0,"turns":3.0},{"damage":16,"enemies":"Cultist and Chosen","floor":29,"turns":5},{"damage":14,"enemies":"Collector","floor":33,"turns":4},{"damage":7,"enemies":"3 Shapes","floor":35,"turns":3},{"damage":0,"enemies":"Orb Walker","floor":38,"turns":2},{"damage":9,"enemies":"Nemesis","floor":40,"turns":5},{"damage":4,"enemies":"Writhing Mass","floor":42,"turns":3},{"damage":0,"enemies":"Sphere and 2 Shapes","floor":45,"turns":4},{"damage":2,"enemies":"Giant Head","floor":46,"turns":3},{"damage":40,"enemies":"Donu and Deca","floor":50,"turns":5}],"seed_played":"-3078044818582850003","potions_obtained":[{"floor":3.0,"key":"Explosive Potion"},{"floor":4.0,"key":"BloodPotion"},{"floor":7.0,"key":"Regen Potion"},{"floor":16.0,"key":"FearPotion"},{"floor":33,"key":"Weak Potion"},{"floor":35,"key":"Fire Potion"},{"floor":40,"key":"Ancient Potion"}],"is_trial":false,"path_per_floor":["M","?","M","M","M","R","E","M","T","T","M","$","R","M","R","B",null,"M","?","?","M","$","R","M","R","T","R","T","M","?","$","R","B",null,"M","?","?","M","?","E","R","M","T","$","M","E","$","?","R","B",null],"character_chosen":"IRONCLAD","items_purchased":["Happy Flower","Fruit Juice","Limit Break","Anchor"],"campfire_rested":1,"item_purchase_floors":[22,22,44,47],"current_hp_per_floor":[79,79,80,80,80,80,80,80,80,80,80,80,80,80,80,22,80,66,66,66,59,64,64,67,67,67,67,67,57,41,41,68,60,90,89,89,85,85,85,82,82,84,84,84,85,85,85,85,85,51],"gold":0,"neow_bonus":"THREE_CARDS","is_prod":false,"is_daily":false,"chose_seed":false,"campfire_upgraded":8,"win_rate":0,"timestamp":1571585497,"path_taken":["M","?","?","?","?","R","E","M","T","?","M","$","R","M","R","BOSS","M","?","?","M","$","R","M","R","T","R","?","M","?","$","R","BOSS","M","?","?","M","?","E","R","M","T","$","M","E","$","?","R","BOSS"],"build_version":"2019-10-18","purchased_purges":4,"victory":true,"max_hp_per_floor":[80,80,80,80,80,80,80,80,80,80,80,80,80,80,80,80,80,80,80,80,80,85,85,85,85,85,85,85,85,90,90,90,90,90,90,90,85,85,85,85,85,85,85,85,85,85,85,85,85,85],"card_choices":[{"not_picked":["Cleave","Pommel Strike"],"picked":"Clash","floor":0.0},{"not_picked":["Warcry","Thunderclap","Sentinel"],"picked":"SKIP","floor":1.0},{"not_picked":["Uppercut","Thunderclap"],"picked":"Impervious","floor":3.0},{"not_picked":["Shrug It Off","Ghostly Armor"],"picked":"Flex","floor":4.0},{"not_picked":["Pummel","Uppercut","Power Through"],"picked":"SKIP","floor":5.0},{"not_picked":["Cleave","Armaments"],"picked":"Flex","floor":7.0},{"not_picked":["Warcry","Disarm","True Grit"],"picked":"SKIP","floor":8.0},{"not_picked":["Body Slam","Iron Wave"],"picked":"Limit Break","floor":11.0},{"not_picked":["Whirlwind","Clothesline","Headbutt"],"picked":"SKIP","floor":14.0},{"not_picked":["Immolate","Impervious"],"picked":"Limit Break","floor":16.0},{"not_picked":["Power Through","Cleave+1","Sword Boomerang+1"],"picked":"SKIP","floor":18.0},{"not_picked":["Iron Wave","Anger","Shrug It Off+1"],"picked":"SKIP","floor":21.0},{"not_picked":["Perfected Strike+1","Bloodletting","Flex"],"picked":"SKIP","floor":24.0},{"not_picked":["Entrench","Armaments","Twin Strike"],"picked":"SKIP","floor":29},{"not_picked":["Sword Boomerang","Flex+1"],"picked":"Pommel Strike+1","floor":35},{"not_picked":["Flex","Limit Break","True Grit+1"],"picked":"SKIP","floor":38},{"not_picked":["Burning Pact","Body Slam+1","Anger+1"],"picked":"SKIP","floor":40},{"not_picked":["Twin Strike","Iron Wave","Anger+1"],"picked":"SKIP","floor":42},{"not_picked":["Headbutt+1","Twin Strike","Dual Wield+1"],"picked":"SKIP","floor":45},{"not_picked":["Body Slam+1","Thunderclap+1","Sword Boomerang"],"picked":"SKIP","floor":46}],"player_experience":863548,"relics_obtained":[{"floor":7.0,"key":"Bag of Marbles"},{"floor":9.0,"key":"Ancient Tea Set"},{"floor":10.0,"key":"Omamori"},{"floor":26.0,"key":"Sundial"},{"floor":40,"key":"MawBank"},{"floor":43,"key":"Art of War"},{"floor":46,"key":"Pen Nib"}],"event_choices":[{"cards_removed":["Defend_R"],"damage_healed":0.0,"max_hp_gain":0.0,"max_hp_loss":0.0,"gold_gain":0.0,"event_name":"NoteForYourself","player_choice":"Took Card","floor":2.0,"gold_loss":0.0,"damage_taken":0.0,"cards_obtained":["Strike_R"]},{"cards_removed":["Strike_R"],"damage_healed":0.0,"max_hp_gain":0.0,"max_hp_loss":0.0,"gold_gain":0.0,"event_name":"Back to Basics","player_choice":"Elegance","floor":19.0,"gold_loss":0.0,"damage_taken":0.0},{"damage_healed":0.0,"max_hp_gain":0.0,"max_hp_loss":0.0,"gold_gain":0.0,"event_name":"The Mausoleum","player_choice":"Opened","floor":20.0,"gold_loss":0.0,"damage_taken":0.0,"relics_obtained":["Smiling Mask"]},{"damage_healed":0,"gold_gain":0,"player_choice":"Shed Blood","damage_taken":21,"max_hp_gain":5,"max_hp_loss":0,"event_name":"Forgotten Altar","floor":30,"gold_loss":0},{"damage_healed":0,"gold_gain":0,"player_choice":"Ignored","damage_taken":0,"max_hp_gain":0,"max_hp_loss":0,"event_name":"Tomb of Lord Red Mask","floor":36,"gold_loss":0},{"damage_healed":0,"gold_gain":0,"player_choice":"Max HP","damage_taken":0,"max_hp_gain":0,"max_hp_loss":5,"event_name":"Winding Halls","floor":37,"gold_loss":0},{"cards_removed":["Strike_R"],"damage_healed":0,"gold_gain":0,"player_choice":"Removed Attack","damage_taken":0,"max_hp_gain":0,"max_hp_loss":0,"event_name":"Falling","floor":39,"gold_loss":0},{"damage_healed":0,"gold_gain":0,"player_choice":"Memory 1","damage_taken":0,"max_hp_gain":0,"max_hp_loss":0,"event_name":"SensoryStone","floor":48,"gold_loss":0}],"is_beta":true,"boss_relics":[{"not_picked":["SacredBark","Fusion Hammer"],"picked":"Astrolabe"},{"not_picked":["Runic Cube","Black Blood"],"picked":"Runic Dome"}],"items_purged_floors":[12,22,31,44],"is_endless":false,"potions_floor_spawned":[3,4,7,8,16,18,33,35,40,45],"ascension_level":0}