{"gold_per_floor":[118,130,141,141,154,179,194,205,273,302,252,262,297,307,307,436,436,479,542,612,202,238,238,320,337,364,376,442,460,460,110,110,242,249,316,331,331,206,244,320,470,470,470,115,173,173,186,11,11,11],"floor_reached":51,"playtime":2456,"items_purged":["Strike_P","Strike_P","Strike_P","Defend_P","Defend_P"],"score":998,"play_id":"a6608e75-580b-4de3-8ed2-2c66a47cd040","local_time":"20191005173515","is_ascension_mode":false,"campfire_choices":[{"data":"SignatureMove","floor":15.0,"key":"SMITH"},{"floor":23.0,"key":"RECALL"},{"floor":30.0,"key":"REST"},{"floor":32.0,"key":"REST"},{"floor":49,"key":"REST"}],"neow_cost":"NONE","seed_source_timestamp":951240647208,"circlet_count":0,"master_deck":["Defend_P","Eruption","Vigilance","Worship","ReachHeaven","SandsOfTime","SignatureMove+1","Wish","Adaptation","SandsOfTime","Wish","MasterReality","Mayhem","EmptyBody+1","SandsOfTime","Swivel","Ragnarok","CurseOfTheBell","Vengeance","Wallop","Wallop+1"],"special_seed":0,"relics":["Snecko Eye","Akabeko","CaptainsWheel","Pear","Nunchaku","Boot","Fusion Hammer","Blood Vial","InkBottle","CeramicFish","Mummified Hand","Pantograph","Calling Bell","Vajra","Shuriken","Unceasing Top","Blue Candle","GoldenEye","Mercury Hourglass","Orichalcum","HornCleat"],"potions_floor_usage":[50,50],"damage_taken":[{"damage":0.0,"enemies":"Cultist","floor":1.0,"turns":2.0},{"damage":8.0,"enemies":"2 Louse","floor":2.0,"turns":3.0},{"damage":0.0,"enemies":"Jaw Worm","floor":3.0,"turns":2.0},{"damage":0.0,"enemies":"3 Louse","floor":5.0,"turns":2.0},{"damage":0.0,"enemies":"3 Sentries","floor":6.0,"turns":2.0},{"damage":0.0,"enemies":"Large Slime","floor":7.0,"turns":1.0},{"damage":5.0,"enemies":"Looter","floor":8.0,"turns":2.0},{"damage":0.0,"enemies":"Lagavulin","floor":10.0,"turns":2.0},{"damage":0.0,"enemies":"Gremlin Gang","floor":12.0,"turns":1.0},{"damage":0.0,"enemies":"3 Sentries","floor":13.0,"turns":2.0},{"damage":0.0,"enemies":"Exordium Thugs","floor":14.0,"turns":2.0},{"damage":22.0,"enemies":"The Guardian","floor":16.0,"turns":5.0},{"damage":0.0,"enemies":"3 Byrds","floor":18.0,"turns":4.0},{"damage":0.0,"enemies":"Spheric Guardian","floor":19.0,"turns":3.0},{"damage":8.0,"enemies":"3 Cultists","floor":20.0,"turns":4.0},{"damage":3.0,"enemies":"Snake Plant","floor":22.0,"turns":2.0},{"damage":22.0,"enemies":"Book of Stabbing","floor":24.0,"turns":4.0},{"damage":0.0,"enemies":"Shelled Parasite and Fungi","floor":25.0,"turns":2.0},{"damage":37.0,"enemies":"3 Cultists","floor":27.0,"turns":4.0},{"damage":0.0,"enemies":"Gremlin Leader","floor":28.0,"turns":4.0},{"damage":0.0,"enemies":"Snake Plant","floor":29.0,"turns":2.0},{"damage":0.0,"enemies":"Automaton","floor":33.0,"turns":3.0},{"damage":9.0,"enemies":"3 Shapes","floor":35.0,"turns":2.0},{"damage":0.0,"enemies":"Orb Walker","floor":36.0,"turns":2.0},{"damage":0.0,"enemies":"Transient","floor":39.0,"turns":5.0},{"damage":13.0,"enemies":"Giant Head","floor":40.0,"turns":4.0},{"damage":42,"enemies":"Mind Bloom Boss Battle","floor":41,"turns":4},{"damage":0,"enemies":"Reptomancer","floor":45,"turns":2},{"damage":0,"enemies":"4 Shapes","floor":47,"turns":2},{"damage":16,"enemies":"Awakened One","floor":50,"turns":6}],"seed_played":"770940410853551965","potions_obtained":[{"floor":1.0,"key":"SkillPotion"},{"floor":2.0,"key":"SkillPotion"},{"floor":3.0,"key":"AttackPotion"},{"floor":10.0,"key":"GamblersBrew"},{"floor":13.0,"key":"AttackPotion"},{"floor":16.0,"key":"BottledMiracle"},{"floor":19.0,"key":"Ancient Potion"},{"floor":25.0,"key":"Block Potion"},{"floor":28.0,"key":"Swift Potion"},{"floor":29.0,"key":"AttackPotion"},{"floor":33.0,"key":"AttackPotion"},{"floor":35.0,"key":"EssenceOfSteel"}],"is_trial":false,"path_per_floor":["M","M","M","?","M","E","M","M","T","E","?","M","E","M","R","B",null,"M","M","M","$","M","R","E","M","T","M","E","M","R","$","R","B",null,"M","M","?","$","M","E","?","?","T","$","E","?","M","$","R","B",null],"character_chosen":"WATCHER","items_purchased":["Mayhem","Blood Vial","Pantograph","Wallop","Orichalcum"],"campfire_rested":3,"item_purchase_floors":[21,21,31,44,44],"current_hp_per_floor":[72,64,64,64,64,64,64,59,69,69,69,69,69,69,69,47,82,82,82,74,74,73,73,53,55,55,20,22,24,48,48,72,82,82,73,75,75,75,77,66,40,40,40,40,42,42,44,44,68,66],"gold":11,"neow_bonus":"BOSS_RELIC","is_prod":false,"is_daily":false,"chose_seed":false,"campfire_upgraded":1,"win_rate":0,"timestamp":1570264515,"path_taken":["M","?","M","?","M","E","?","?","T","E","?","M","E","M","R","BOSS","M","M","M","$","M","R","E","M","T","M","E","M","R","$","R","BOSS","M","M","?","$","M","E","?","?","T","$","E","?","?","?","R","BOSS"],"build_version":"2019-10-04","purchased_purges":5,"victory":true,"max_hp_per_floor":[72,72,72,72,72,72,72,72,82,82,82,82,82,82,82,82,82,82,82,82,82,82,82,82,82,82,82,82,82,82,82,82,82,82,82,82,82,82,82,82,82,82,82,82,82,82,82,82,82,82],"card_choices":[{"not_picked":["ForeignInfluence","Adaptation"],"picked":"Worship","floor":1.0},{"not_picked":["CrushJoints","CutThroughFate"],"picked":"ReachHeaven","floor":2.0},{"not_picked":["ReachHeaven","Perseverance","FlyingSleeves"],"picked":"SKIP","floor":3.0},{"not_picked":["Consecrate","ClearTheMind"],"picked":"SandsOfTime","floor":5.0},{"not_picked":["Brilliance","Conclude","Weave"],"picked":"SKIP","floor":6.0},{"not_picked":["Pray","FearNoEvil","CrushJoints"],"picked":"SKIP","floor":7.0},{"not_picked":["SashWhip","Sanctity"],"picked":"SignatureMove","floor":8.0},{"not_picked":["FearNoEvil","Protect","Fasting2"],"picked":"SKIP","floor":10.0},{"not_picked":["Prostrate","ThirdEye"],"picked":"Wish","floor":12.0},{"not_picked":["EmptyBody","JustLucky"],"picked":"Adaptation","floor":13.0},{"not_picked":["EmptyFist","CutThroughFate"],"picked":"SandsOfTime","floor":14.0},{"not_picked":["DeusExMachina","Establishment"],"picked":"Wish","floor":16.0},{"not_picked":["ThirdEye","EmptyFist","Conclude"],"picked":"SKIP","floor":18.0},{"not_picked":["SignatureMove","Scrawl","Sanctity"],"picked":"SKIP","floor":19.0},{"not_picked":["ReachHeaven","Protect"],"picked":"MasterReality","floor":20.0},{"not_picked":["Halt","Adaptation","FlurryOfBlows+1"],"picked":"SKIP","floor":22.0},{"not_picked":["ThirdEye","CrushJoints","DeceiveReality"],"picked":"SKIP","floor":24.0},{"not_picked":["SandsOfTime","JustLucky+1"],"picked":"EmptyBody+1","floor":25.0},{"not_picked":["Halt","SashWhip+1","EmptyBody"],"picked":"SKIP","floor":27.0},{"not_picked":["Sanctity","SashWhip+1"],"picked":"SandsOfTime","floor":28.0},{"not_picked":["Devotion","Weave"],"picked":"Swivel","floor":29.0},{"not_picked":["Brilliance","ConjureBlade"],"picked":"Ragnarok","floor":33.0},{"not_picked":["ReachHeaven","ForeignInfluence","Vengeance"],"picked":"SKIP","floor":35.0},{"not_picked":["ReachHeaven","ForeignInfluence"],"picked":"Vengeance","floor":35.0},{"not_picked":["FollowUp+1","CutThroughFate","CrushJoints"],"picked":"SKIP","floor":36.0},{"not_picked":["FollowUp","Conclude+1","SignatureMove"],"picked":"SKIP","floor":39.0},{"not_picked":["Adaptation+1","CutThroughFate+1","Scrawl+1"],"picked":"SKIP","floor":40.0},{"not_picked":["EmptyMind+1","SandsOfTime+1"],"picked":"Wallop+1","floor":45},{"not_picked":["SashWhip+1","ThirdEye","FlurryOfBlows"],"picked":"SKIP","floor":47}],"player_experience":573669,"relics_obtained":[{"floor":6.0,"key":"CaptainsWheel"},{"floor":9.0,"key":"Pear"},{"floor":10.0,"key":"Nunchaku"},{"floor":13.0,"key":"Boot"},{"floor":24.0,"key":"InkBottle"},{"floor":26.0,"key":"CeramicFish"},{"floor":28.0,"key":"Mummified Hand"},{"floor":34.0,"key":"Vajra"},{"floor":34.0,"key":"Shuriken"},{"floor":34.0,"key":"Unceasing Top"},{"floor":40.0,"key":"Blue Candle"},{"floor":41,"key":"GoldenEye"},{"floor":43,"key":"Mercury Hourglass"},{"floor":45,"key":"HornCleat"}],"event_choices":[{"damage_healed":0.0,"max_hp_gain":0.0,"max_hp_loss":0.0,"gold_gain":0.0,"event_name":"WeMeetAgain","player_choice":"Gave Potion","floor":4.0,"gold_loss":0.0,"damage_taken":0.0,"relics_obtained":["Akabeko"]},{"cards_removed":["Strike_P"],"damage_healed":0.0,"max_hp_gain":0.0,"max_hp_loss":0.0,"gold_gain":0.0,"event_name":"The Cleric","player_choice":"Card Removal","floor":11.0,"gold_loss":50.0,"damage_taken":0.0},{"cards_removed":["Defend_P"],"damage_healed":0.0,"max_hp_gain":0.0,"max_hp_loss":0.0,"gold_gain":0.0,"event_name":"Falling","player_choice":"Removed Skill","floor":37.0,"gold_loss":0.0,"damage_taken":0.0},{"damage_healed":0,"gold_gain":0,"player_choice":"Fight","damage_taken":0,"max_hp_gain":0,"max_hp_loss":0,"event_name":"MindBloom","floor":41,"gold_loss":0},{"damage_healed":0,"gold_gain":0,"player_choice":"Ignored","damage_taken":0,"max_hp_gain":0,"max_hp_loss":0,"event_name":"Tomb of Lord Red Mask","floor":42,"gold_loss":0},{"damage_healed":0,"gold_gain":0,"player_choice":"Bought 0 Potions","damage_taken":0,"max_hp_gain":0,"max_hp_loss":0,"event_name":"The Woman in Blue","floor":46,"gold_loss":0}],"is_beta":true,"boss_relics":[{"not_picked":["Cursed Key","Tiny House"],"picked":"Fusion Hammer"},{"not_picked":["Empty Cage","Runic Dome"],"picked":"Calling Bell"}],"items_purged_floors":[21,31,38,44,48],"is_endless":false,"potions_floor_spawned":[1,2,3,10,13,16,19,25,28,29,33,35,39],"ascension_level":0}