{"gold_per_floor":[116,136,37,37,56,67,67,342,342,342,342],"floor_reached":11,"playtime":437,"items_purged":["Strike_G"],"score":126,"play_id":"76243872-7fbf-44d5-90e9-9ad36b949558","local_time":"20190417001939","is_ascension_mode":true,"campfire_choices":[{"data":"Leg Sweep","floor":7,"key":"SMITH"},{"data":"Catalyst","floor":10,"key":"SMITH"}],"neow_cost":"NONE","seed_source_timestamp":48808912842613,"circlet_count":0,"master_deck":["AscendersBane","Defend_G","Defend_G","Defend_G","Defend_G","Defend_G","Strike_G","Strike_G","Strike_G","Strike_G","Survivor","Neutralize","Leg Sweep+1","Catalyst+1","Backflip","Regret"],"relics":["Ring of the Snake","Lantern","Sundial","PreservedInsect"],"potions_floor_usage":[],"damage_taken":[{"damage":3,"enemies":"Small Slimes","floor":1,"turns":4},{"damage":0,"enemies":"Jaw Worm","floor":2,"turns":4},{"damage":2,"enemies":"Cultist","floor":5,"turns":6},{"damage":9,"enemies":"Lots of Slimes","floor":6,"turns":10},{"damage":0,"enemies":"Large Slime","floor":11,"turns":1}],"seed_played":"6169038210908424281","potions_obtained":[{"floor":2,"key":"SpeedPotion"},{"floor":6,"key":"FairyPotion"}],"is_trial":false,"path_per_floor":["M","M","$","?","M","M","R","?","T","R","M"],"character_chosen":"THE_SILENT","items_purchased":["Backflip"],"campfire_rested":0,"item_purchase_floors":[3],"current_hp_per_floor":[56,56,56,45,43,34,34,34,34,34,34],"gold":342,"neow_bonus":"RANDOM_COMMON_RELIC","is_prod":false,"is_daily":false,"chose_seed":false,"campfire_upgraded":2,"win_rate":0,"timestamp":1555453179,"path_taken":["M","M","$","?","M","M","R","?","T","R","?"],"build_version":"2019-01-23","purchased_purges":1,"victory":false,"max_hp_per_floor":[66,66,66,66,66,66,66,66,66,66,66],"card_choices":[{"not_picked":["Dodge and Roll","Predator"],"picked":"Leg Sweep","floor":1},{"not_picked":["Underhanded Strike","Cloak And Dagger"],"picked":"Catalyst","floor":2},{"not_picked":["Bane","Dagger Throw","Underhanded Strike"],"picked":"SKIP","floor":5},{"not_picked":["Dodge and Roll","Masterful Stab","Malaise"],"picked":"SKIP","floor":6}],"player_experience":840774,"relics_obtained":[{"floor":9,"key":"PreservedInsect"}],"event_choices":[{"damage_healed":0,"gold_gain":0,"player_choice":"Success","damage_taken":11,"relics_obtained":["Sundial"],"max_hp_gain":0,"max_hp_loss":0,"event_name":"Scrap Ooze","floor":4,"gold_loss":0},{"damage_healed":0,"gold_gain":275,"player_choice":"Desecrate","damage_taken":0,"max_hp_gain":0,"max_hp_loss":0,"event_name":"Golden Shrine","floor":8,"gold_loss":0,"cards_obtained":["Regret"]}],"is_beta":false,"boss_relics":[],"items_purged_floors":[3],"is_endless":false,"potions_floor_spawned":[2,6],"killed_by":"Large Slime","ascension_level":20}