{"gold_per_floor":[110,35,35,35,54,85,160,160,160,160,81,81,97,110,110,206,206,206],"floor_reached":18,"playtime":292,"items_purged":["Strike_R"],"score":366,"play_id":"545639b0-e380-4667-9bd6-03ffb6473b3f","local_time":"20190518161451","is_ascension_mode":true,"campfire_choices":[{"data":"Battle Trance","floor":8,"key":"SMITH"},{"data":"Defend_R","floor":10,"key":"SMITH"},{"data":"Flex","floor":12,"key":"SMITH"},{"data":"Sword Boomerang","floor":15,"key":"SMITH"}],"neow_cost":"NONE","seed_source_timestamp":19927751668486,"circlet_count":0,"master_deck":["AscendersBane","Strike_R","Strike_R","Defend_R+1","Defend_R","Defend_R","Defend_R","Bash","Battle Trance+1","Flex+1","Iron Wave","Sword Boomerang+1","Shrug It Off","Double Tap"],"special_seed":0,"relics":["Burning Blood","NeowsBlessing","Golden Idol","Dodecahedron","Smiling Mask","Shuriken","Empty Cage"],"potions_floor_usage":[16,16],"damage_taken":[{"damage":0.0,"enemies":"Cultist","floor":1.0,"turns":1.0},{"damage":0,"enemies":"Jaw Worm","floor":5,"turns":1},{"damage":0,"enemies":"3 Sentries","floor":6,"turns":2},{"damage":1,"enemies":"Small Slimes","floor":13,"turns":3},{"damage":8,"enemies":"Blue Slaver","floor":14,"turns":3},{"damage":39,"enemies":"Slime Boss","floor":16,"turns":11},{"damage":12,"enemies":"Chosen","floor":18,"turns":4}],"seed_played":"-2644327159719990201","potions_obtained":[{"floor":1.0,"key":"Swift Potion"},{"floor":6,"key":"Swift Potion"}],"is_trial":false,"path_per_floor":["M","$","?","T","M","E","?","R","T","R","$","R","M","M","R","B",null,"M"],"character_chosen":"IRONCLAD","items_purchased":["Flex","Iron Wave"],"campfire_rested":0,"item_purchase_floors":[11,11],"current_hp_per_floor":[74,74,48,48,54,60,49,49,49,49,49,49,54,52,52,19,61,49],"gold":206,"neow_bonus":"THREE_ENEMY_KILL","is_prod":false,"is_daily":false,"chose_seed":false,"campfire_upgraded":4,"win_rate":0,"timestamp":1558188891,"path_taken":["M","$","?","?","M","E","?","R","T","R","?","R","M","M","R","BOSS","M"],"build_version":"2019-01-23","purchased_purges":1,"victory":false,"max_hp_per_floor":[75,75,75,75,75,75,75,75,75,75,75,75,75,75,75,75,75,75],"card_choices":[{"not_picked":["Intimidate","Headbutt","Whirlwind"],"picked":"SKIP","floor":1.0},{"not_picked":["Perfected Strike","Headbutt","Seeing Red"],"picked":"SKIP","floor":5},{"not_picked":["Reckless Charge","Warcry"],"picked":"Battle Trance","floor":6},{"not_picked":["Corruption","Metallicize"],"picked":"Sword Boomerang","floor":13},{"not_picked":["Fire Breathing","Clash"],"picked":"Shrug It Off","floor":14},{"not_picked":["Exhume","Juggernaut"],"picked":"Double Tap","floor":16}],"player_experience":883106,"relics_obtained":[{"floor":4,"key":"Dodecahedron"},{"floor":6,"key":"Smiling Mask"},{"floor":9,"key":"Shuriken"}],"event_choices":[{"damage_healed":0,"gold_gain":0,"player_choice":"Take Damage","damage_taken":26,"relics_obtained":["Golden Idol"],"max_hp_gain":0,"max_hp_loss":0,"event_name":"Golden Idol","floor":3,"gold_loss":0},{"damage_healed":0,"gold_gain":75,"player_choice":"Gather Gold","damage_taken":11,"max_hp_gain":0,"max_hp_loss":0,"event_name":"World of Goop","floor":7,"gold_loss":0}],"is_beta":false,"boss_relics":[{"not_picked":["Runic Cube","Velvet Choker"],"picked":"Empty Cage"}],"items_purged_floors":[2],"is_endless":false,"potions_floor_spawned":[1,6],"killed_by":"Chosen","ascension_level":20}