{"gold_per_floor":[10,85,100,113,130,130,158,158,158,158,179,205,221,240,240,345,345,356,356,372,382,396,427,427],"floor_reached":24,"playtime":1708,"items_purged":[],"score":230,"play_id":"a8d8c7a1-55c9-4c97-bfff-3f0e25c5c81a","local_time":"20181012202727","is_ascension_mode":false,"campfire_choices":[{"data":"Neutralize","floor":6.0,"key":"SMITH"},{"data":"Caltrops","floor":10.0,"key":"SMITH"},{"floor":15.0,"key":"REST"}],"neow_cost":"NO_GOLD","seed_source_timestamp":1943683948627,"circlet_count":0,"master_deck":["Defend_G","Defend_G","Defend_G","Defend_G","Defend_G","Strike_G","Strike_G","Strike_G","Strike_G","Strike_G","Survivor","Neutralize+1","Masterful Stab","Flying Knee","Riddle With Holes","Caltrops+1","PiercingWail","Venomology","Skewer","Malaise","Dodge and Roll","Blade Dance+1","Cloak And Dagger","Cloak And Dagger"],"special_seed":0,"relics":["Ring of the Snake","WingedGreaves","Oddly Smooth Stone","Potion Belt","Odd Mushroom","Sundial","Cursed Key","Blue Candle"],"potions_floor_usage":[22],"damage_taken":[{"damage":2.0,"enemies":"Small Slimes","floor":1.0,"turns":4.0},{"damage":0.0,"enemies":"2 Louse","floor":3.0,"turns":2.0},{"damage":4.0,"enemies":"Jaw Worm","floor":4.0,"turns":4.0},{"damage":3.0,"enemies":"Red Slaver","floor":5.0,"turns":5.0},{"damage":29.0,"enemies":"Lagavulin","floor":7.0,"turns":7.0},{"damage":25.0,"enemies":"The Mushroom Lair","floor":11.0,"turns":4.0},{"damage":18.0,"enemies":"3 Sentries","floor":12.0,"turns":9.0},{"damage":0.0,"enemies":"Blue Slaver","floor":13.0,"turns":4.0},{"damage":0.0,"enemies":"Exordium Thugs","floor":14.0,"turns":6.0},{"damage":4.0,"enemies":"Hexaghost","floor":16.0,"turns":10.0},{"damage":4.0,"enemies":"Spheric Guardian","floor":18.0,"turns":3.0},{"damage":4.0,"enemies":"2 Thieves","floor":20.0,"turns":4.0},{"damage":18.0,"enemies":"Centurion and Healer","floor":21.0,"turns":9.0},{"damage":11,"enemies":"Snecko","floor":22,"turns":6},{"damage":16,"enemies":"Book of Stabbing","floor":23,"turns":7},{"damage":0,"enemies":"Gremlin Leader","floor":24,"turns":1}],"seed_played":"-2715931698679631476","potions_obtained":[{"floor":1.0,"key":"FearPotion"},{"floor":4.0,"key":"SpeedPotion"},{"floor":14.0,"key":"FearPotion"},{"floor":16.0,"key":"Energy Potion"},{"floor":21.0,"key":"FearPotion"},{"floor":23,"key":"FearPotion"}],"is_trial":false,"path_per_floor":["M","?","M","M","M","R","E","?","T","R","?","E","M","M","R","B",null,"M","?","M","M","M","E"],"character_chosen":"THE_SILENT","items_purchased":[],"campfire_rested":1,"item_purchase_floors":[],"current_hp_per_floor":[68,57,57,53,50,50,21,44,44,44,19,1,1,1,22,18,70,66,53,49,31,20,4,4],"gold":427,"neow_bonus":"ONE_RARE_RELIC","is_prod":false,"is_daily":false,"chose_seed":false,"campfire_upgraded":2,"win_rate":0,"timestamp":1539347247,"path_taken":["M","?","?","M","M","R","E","?","T","R","?","E","M","M","R","BOSS","M","?","?","M","M","E","E"],"build_version":"2018-10-11","purchased_purges":0,"victory":false,"max_hp_per_floor":[70,70,70,70,70,70,70,70,70,70,70,70,70,70,70,70,70,70,75,75,75,75,75,75],"card_choices":[{"not_picked":["Blade Dance","Cloak And Dagger"],"picked":"Masterful Stab","floor":1.0},{"not_picked":["Acrobatics","Quick Slash"],"picked":"Flying Knee","floor":3.0},{"not_picked":["Deflect","PiercingWail","Deadly Poison"],"picked":"SKIP","floor":4.0},{"not_picked":["Outmaneuver","Eviscerate"],"picked":"Riddle With Holes","floor":5.0},{"not_picked":["Deflect","Underhanded Strike"],"picked":"Caltrops","floor":7.0},{"not_picked":["Bouncing Flask","Poisoned Stab"],"picked":"PiercingWail","floor":11.0},{"not_picked":["Deadly Poison","PiercingWail"],"picked":"Venomology","floor":12.0},{"not_picked":["Outmaneuver","Deflect","Prepared"],"picked":"SKIP","floor":13.0},{"not_picked":["Expertise","Bane"],"picked":"Skewer","floor":14.0},{"not_picked":["Burst","Storm of Steel"],"picked":"Malaise","floor":16.0},{"not_picked":["Flying Knee","Setup"],"picked":"Dodge and Roll","floor":18.0},{"not_picked":["Crippling Poison+1","Expertise"],"picked":"Blade Dance+1","floor":20.0},{"not_picked":["Deadly Poison","Catalyst"],"picked":"Cloak And Dagger","floor":21.0},{"not_picked":["Underhanded Strike+1","Dagger Throw+1"],"picked":"Cloak And Dagger","floor":22},{"not_picked":["Quick Slash+1","Tactician+1","Prepared"],"picked":"SKIP","floor":23}],"player_experience":316208,"relics_obtained":[{"floor":7.0,"key":"Oddly Smooth Stone"},{"floor":9.0,"key":"Potion Belt"},{"floor":11.0,"key":"Odd Mushroom"},{"floor":12.0,"key":"Sundial"},{"floor":23,"key":"Blue Candle"}],"event_choices":[{"event_name":"World of Goop","player_choice":"Gather Gold","floor":2.0,"damage_taken":0.0},{"event_name":"Big Fish","player_choice":"Banana","floor":8.0,"damage_taken":0.0},{"event_name":"Mushrooms","player_choice":"Fought Mushrooms","floor":11.0,"damage_taken":0.0},{"event_name":"Forgotten Altar","player_choice":"Shed Blood","floor":19.0,"damage_taken":0.0}],"is_beta":false,"boss_relics":[{"not_picked":["HoveringKite","Empty Cage"],"picked":"Cursed Key"}],"items_purged_floors":[],"is_endless":false,"potions_floor_spawned":[1,4,14,16,21,23],"killed_by":"Gremlin Leader","ascension_level":0}