{"gold_per_floor":[112,212,224,298,298,298,334,334,334,358,396,414,437,437,437,526,526,550,566,481,481,271,271],"floor_reached":23,"playtime":1514,"items_purged":["Strike_R"],"score":598,"play_id":"685e8517-b9da-4c7c-af59-5ea175edae47","local_time":"20190505145024","is_ascension_mode":true,"campfire_choices":[{"data":"Body Slam","floor":6.0,"key":"SMITH"},{"data":"Entrench","floor":8.0,"key":"SMITH"},{"data":"Flame Barrier","floor":15.0,"key":"SMITH"}],"neow_cost":"NONE","seed_source_timestamp":358013619474045,"circlet_count":0,"master_deck":["AscendersBane","Strike_R","Strike_R","Strike_R","Defend_R","Defend_R","Defend_R","Defend_R","Bash","Body Slam+1","Entrench+1","Power Through","Shrug It Off","Flame Barrier+1","Ghostly Armor","Entrench","Entrench","Shrug It Off"],"special_seed":0,"relics":["Burning Blood","NeowsBlessing","Matryoshka","Golden Idol","Blood Vial","Ornamental Fan","Singing Bowl","Turnip","Potion Belt","Lizard Tail","Anchor"],"potions_floor_usage":[23],"damage_taken":[{"damage":0.0,"enemies":"Small Slimes","floor":1.0,"turns":1.0},{"damage":0.0,"enemies":"Cultist","floor":3.0,"turns":1.0},{"damage":0.0,"enemies":"Lagavulin","floor":7.0,"turns":1.0},{"damage":3.0,"enemies":"Jaw Worm","floor":10.0,"turns":4.0},{"damage":30.0,"enemies":"Gremlin Nob","floor":11.0,"turns":4.0},{"damage":0.0,"enemies":"Looter","floor":12.0,"turns":3.0},{"damage":2.0,"enemies":"2 Fungi Beasts","floor":13.0,"turns":4.0},{"damage":0.0,"enemies":"Slime Boss","floor":16.0,"turns":5.0},{"damage":40.0,"enemies":"Chosen","floor":18.0,"turns":11.0},{"damage":21.0,"enemies":"2 Thieves","floor":19.0,"turns":4.0},{"damage":48,"enemies":"Slavers","floor":23,"turns":7}],"seed_played":"6692069959276650817","potions_obtained":[{"floor":3.0,"key":"Fruit Juice"},{"floor":10.0,"key":"Fire Potion"},{"floor":11.0,"key":"PowerPotion"},{"floor":16.0,"key":"Weak Potion"},{"floor":19.0,"key":"SpeedPotion"}],"is_trial":false,"path_per_floor":["M","?","M","T","?","R","E","R","T","M","E","M","M","T","R","B",null,"M","M","?","?","$","E"],"character_chosen":"IRONCLAD","items_purchased":["Entrench","Shrug It Off"],"campfire_rested":0,"item_purchase_floors":[22,22],"current_hp_per_floor":[74,74,80,80,52,52,58,58,58,63,43,51,57,57,57,67,80,50,37,37,37,37,39],"gold":271,"neow_bonus":"THREE_ENEMY_KILL","is_prod":false,"is_daily":false,"chose_seed":false,"campfire_upgraded":3,"win_rate":0,"timestamp":1557060624,"path_taken":["M","?","?","?","?","R","E","R","T","M","E","M","M","?","R","BOSS","M","M","?","?","$","E"],"build_version":"2019-01-23","purchased_purges":1,"victory":false,"max_hp_per_floor":[75,75,80,80,80,80,80,80,80,80,82,82,82,82,82,84,84,86,86,86,86,86,86],"card_choices":[{"not_picked":["Pommel Strike","Power Through"],"picked":"Body Slam","floor":1.0},{"not_picked":["Shrug It Off","Headbutt"],"picked":"Entrench","floor":3.0},{"not_picked":["Spot Weakness","Clothesline"],"picked":"Power Through","floor":7.0},{"not_picked":["Entrench","Hemokinesis"],"picked":"Shrug It Off","floor":10.0},{"not_picked":["Heavy Blade","Wild Strike","Metallicize"],"picked":"Singing Bowl","floor":11.0},{"not_picked":["Armaments","Bloodletting"],"picked":"Flame Barrier","floor":12.0},{"not_picked":["Anger","Second Wind"],"picked":"Ghostly Armor","floor":13.0},{"not_picked":["Reaper","Exhume","Dark Embrace"],"picked":"Singing Bowl","floor":16.0},{"not_picked":["Warcry","Anger","Shockwave+1"],"picked":"Singing Bowl","floor":18.0},{"not_picked":["Pummel","Rampage"],"picked":"Entrench","floor":19.0}],"player_experience":861972,"relics_obtained":[{"floor":4.0,"key":"Matryoshka"},{"floor":7.0,"key":"Blood Vial"},{"floor":9.0,"key":"Ornamental Fan"},{"floor":9.0,"key":"Singing Bowl"},{"floor":11.0,"key":"Turnip"},{"floor":14.0,"key":"Potion Belt"}],"event_choices":[{"damage_healed":0.0,"max_hp_gain":0.0,"max_hp_loss":0.0,"gold_gain":100.0,"event_name":"Wheel of Change","player_choice":"Gold","floor":2.0,"gold_loss":0.0,"damage_taken":0.0},{"damage_healed":0.0,"max_hp_gain":0.0,"max_hp_loss":0.0,"gold_gain":0.0,"event_name":"Golden Idol","player_choice":"Take Damage","floor":5.0,"gold_loss":0.0,"damage_taken":28.0,"relics_obtained":["Golden Idol"]},{"damage_healed":0.0,"max_hp_gain":0.0,"max_hp_loss":0.0,"gold_gain":0.0,"event_name":"Addict","player_choice":"Obtained Relic","floor":20.0,"gold_loss":85.0,"damage_taken":0.0,"relics_obtained":["Anchor"]},{"cards_removed":["Strike_R"],"damage_healed":0.0,"max_hp_gain":0.0,"max_hp_loss":0.0,"gold_gain":0.0,"event_name":"Bonfire Elementals","player_choice":"Offered Basic","floor":21.0,"gold_loss":0.0,"damage_taken":0.0}],"is_beta":false,"boss_relics":[{"not_picked":["Black Blood","Snecko Eye"],"picked":"Lizard Tail"}],"items_purged_floors":[22],"is_endless":false,"potions_floor_spawned":[3,10,11,16,19],"killed_by":"Slavers","ascension_level":20}