{"gold_per_floor":[117,117,128,128,128,128,128,169,181,193,55,55,79,95,95,218,218,188,188,188,188,188,188,188,188,188,188,188,88,88,88,88,88,88,88,88,88,88,88,88,88,88,88,88,88,88,88,0,0,0,0,0,0,0,0],"floor_reached":56,"playtime":3783,"items_purged":["Defend_B","Strike_B"],"score":1213,"play_id":"dbc4ad4b-5853-4b59-97c5-6fdcb754d411","local_time":"20190926220854","is_ascension_mode":false,"campfire_choices":[{"data":"Dualcast","floor":6.0,"key":"SMITH"},{"data":"Coolheaded","floor":10.0,"key":"SMITH"},{"data":"Capacitor","floor":15.0,"key":"SMITH"},{"floor":24.0,"key":"REST"},{"floor":28.0,"key":"REST"},{"data":"Blizzard","floor":32.0,"key":"SMITH"},{"data":"Hologram","floor":41.0,"key":"SMITH"},{"data":"Meteor Strike","floor":44.0,"key":"SMITH"},{"data":"Compile Driver","floor":46.0,"key":"SMITH"},{"floor":49.0,"key":"RECALL"},{"data":"Defend_B","floor":52.0,"key":"SMITH"}],"neow_cost":"NONE","seed_source_timestamp":5472456356062,"circlet_count":0,"master_deck":["Strike_B","Defend_B","Defend_B+1","Zap+1","Dualcast+1","Coolheaded+1","Blizzard+1","Coolheaded+1","Capacitor+1","Hologram+1","Meteor Strike+1","Chill+1","Compile Driver+1","Coolheaded+1","Chaos+1","Chaos+1","Echo Form"],"special_seed":0,"relics":["Philosopher\u0027s Stone","Golden Idol","MawBank","Bird Faced Urn","Happy Flower","Ectoplasm","NlothsMask","Shuriken","Bottled Lightning","Empty Cage","Anchor","Lizard Tail","Red Mask","Akabeko"],"potions_floor_usage":[54,55,55,55],"damage_taken":[{"damage":0.0,"enemies":"Small Slimes","floor":1.0,"turns":3.0},{"damage":0.0,"enemies":"2 Louse","floor":3.0,"turns":3.0},{"damage":31.0,"enemies":"Gremlin Nob","floor":8.0,"turns":5.0},{"damage":0.0,"enemies":"Cultist","floor":13.0,"turns":3.0},{"damage":1.0,"enemies":"Blue Slaver","floor":14.0,"turns":4.0},{"damage":15.0,"enemies":"Slime Boss","floor":16.0,"turns":10.0},{"damage":0.0,"enemies":"2 Thieves","floor":18.0,"turns":3.0},{"damage":0.0,"enemies":"Spheric Guardian","floor":19.0,"turns":3.0},{"damage":10.0,"enemies":"3 Cultists","floor":21.0,"turns":4.0},{"damage":10.0,"enemies":"Centurion and Healer","floor":22.0,"turns":5.0},{"damage":53.0,"enemies":"Book of Stabbing","floor":23.0,"turns":6.0},{"damage":36.0,"enemies":"Gremlin Leader","floor":25.0,"turns":7.0},{"damage":5.0,"enemies":"Cultist and Chosen","floor":27.0,"turns":6.0},{"damage":26.0,"enemies":"Collector","floor":33.0,"turns":8.0},{"damage":6.0,"enemies":"Orb Walker","floor":35.0,"turns":2.0},{"damage":1.0,"enemies":"3 Darklings","floor":36.0,"turns":3.0},{"damage":5.0,"enemies":"Spire Growth","floor":37.0,"turns":3.0},{"damage":7.0,"enemies":"4 Shapes","floor":38.0,"turns":3.0},{"damage":23.0,"enemies":"Nemesis","floor":40.0,"turns":5.0},{"damage":1.0,"enemies":"2 Orb Walkers","floor":42.0,"turns":3.0},{"damage":0.0,"enemies":"Sphere and 2 Shapes","floor":47.0,"turns":3.0},{"damage":18.0,"enemies":"Donu and Deca","floor":50.0,"turns":7.0},{"damage":37,"enemies":"Shield and Spear","floor":54,"turns":5},{"damage":40,"enemies":"The Heart","floor":55,"turns":6}],"seed_played":"-6526646731221029865","potions_obtained":[{"floor":3.0,"key":"Block Potion"},{"floor":13.0,"key":"FocusPotion"},{"floor":14.0,"key":"Regen Potion"},{"floor":16.0,"key":"Swift Potion"},{"floor":22.0,"key":"FearPotion"},{"floor":23.0,"key":"EssenceOfSteel"},{"floor":27.0,"key":"Block Potion"},{"floor":36.0,"key":"GamblersBrew"},{"floor":37.0,"key":"DuplicationPotion"},{"floor":40.0,"key":"AttackPotion"},{"floor":42.0,"key":"PowerPotion"},{"floor":54,"key":"Swift Potion"}],"is_trial":false,"path_per_floor":["M","?","M","?","?","R","?","E","T","R","$","T","M","M","R","B",null,"M","M","?","M","M","E","R","E","T","M","R","$","?","?","R","B",null,"M","M","M","M","?","E","R","?","T","R","$","R","M","?","R","B",null,"R","$","E","B",null],"character_chosen":"DEFECT","items_purchased":["Capacitor"],"campfire_rested":2,"item_purchase_floors":[11],"current_hp_per_floor":[75,80,80,80,64,64,64,33,33,33,33,33,35,36,36,23,74,74,74,74,64,56,5,27,8,8,5,27,27,27,27,27,3,74,70,71,68,63,63,42,42,43,43,43,43,43,45,45,45,29,74,74,74,37,3],"gold":0,"neow_bonus":"BOSS_RELIC","is_prod":false,"is_daily":false,"chose_seed":false,"campfire_upgraded":8,"win_rate":0,"timestamp":1569503334,"path_taken":["M","?","M","?","?","R","?","E","T","R","?","?","?","M","R","BOSS","M","M","?","?","M","E","R","E","T","M","R","$","?","?","R","BOSS","M","M","M","M","?","E","R","?","T","R","?","R","M","?","R","BOSS","R","$","E","BOSS"],"build_version":"2019-09-25","purchased_purges":2,"victory":true,"max_hp_per_floor":[75,80,80,80,80,80,74,74,74,74,74,74,74,74,74,74,74,74,74,74,74,74,74,74,74,74,74,74,74,74,74,74,74,74,74,74,74,74,74,74,74,74,74,74,74,74,74,74,74,74,74,74,74,74,74],"card_choices":[{"not_picked":["Rebound","Stack"],"picked":"Coolheaded","floor":1.0},{"not_picked":["Streamline","Coolheaded"],"picked":"Blizzard","floor":3.0},{"not_picked":["Force Field","Self Repair"],"picked":"Coolheaded","floor":8.0},{"not_picked":["Streamline","Stack"],"picked":"Hologram","floor":13.0},{"not_picked":["Hologram","Sweeping Beam","Gash"],"picked":"SKIP","floor":14.0},{"not_picked":["Reboot","Electrodynamics"],"picked":"Meteor Strike","floor":16.0},{"not_picked":["Undo","Loop","Leap"],"picked":"SKIP","floor":18.0},{"not_picked":["Beam Cell","Conserve Battery+1"],"picked":"Chill+1","floor":19.0},{"not_picked":["Hologram","Cold Snap","Turbo"],"picked":"SKIP","floor":21.0},{"not_picked":["Redo","Doom and Gloom","Loop"],"picked":"SKIP","floor":22.0},{"not_picked":["Cold Snap","Streamline+1","Reboot"],"picked":"SKIP","floor":23.0},{"not_picked":["Streamline","Barrage","Heatsinks"],"picked":"SKIP","floor":25.0},{"not_picked":["Leap+1","White Noise"],"picked":"Compile Driver","floor":27.0},{"not_picked":["Hologram","Ball Lightning","Barrage"],"picked":"SKIP","floor":35.0},{"not_picked":["Darkness+1","Leap","BootSequence"],"picked":"SKIP","floor":36.0},{"not_picked":["Go for the Eyes+1","Genetic Algorithm+1","Streamline"],"picked":"SKIP","floor":37.0},{"not_picked":["Beam Cell","Sweeping Beam"],"picked":"Coolheaded+1","floor":38.0},{"not_picked":["Sweeping Beam+1","Cold Snap"],"picked":"Chaos+1","floor":40.0},{"not_picked":["Fission","Chill"],"picked":"Chaos+1","floor":47.0},{"not_picked":["Auto Shields","Hologram+1"],"picked":"Echo Form","floor":54}],"player_experience":539435,"relics_obtained":[{"floor":8.0,"key":"MawBank"},{"floor":9.0,"key":"Bird Faced Urn"},{"floor":12.0,"key":"Happy Flower"},{"floor":23.0,"key":"Shuriken"},{"floor":25.0,"key":"Bottled Lightning"},{"floor":40.0,"key":"Anchor"},{"floor":42.0,"key":"Lizard Tail"},{"floor":54,"key":"Akabeko"}],"event_choices":[{"damage_healed":0.0,"max_hp_gain":5.0,"max_hp_loss":0.0,"gold_gain":0.0,"event_name":"Big Fish","player_choice":"Donut","floor":2.0,"gold_loss":0.0,"damage_taken":0.0},{"cards_removed":["Defend_B"],"damage_healed":0.0,"max_hp_gain":0.0,"max_hp_loss":0.0,"gold_gain":0.0,"event_name":"Living Wall","player_choice":"Forget","floor":4.0,"gold_loss":0.0,"damage_taken":0.0},{"damage_healed":0.0,"max_hp_gain":0.0,"max_hp_loss":0.0,"gold_gain":0.0,"event_name":"Shining Light","player_choice":"Entered Light","floor":5.0,"gold_loss":0.0,"damage_taken":16.0,"cards_upgraded":["Coolheaded","Zap"]},{"damage_healed":0.0,"max_hp_gain":0.0,"max_hp_loss":6.0,"gold_gain":0.0,"event_name":"Golden Idol","player_choice":"Lose Max HP","floor":7.0,"gold_loss":0.0,"damage_taken":0.0,"relics_obtained":["Golden Idol"]},{"damage_healed":0.0,"max_hp_gain":0.0,"max_hp_loss":0.0,"gold_gain":0.0,"event_name":"FaceTrader","player_choice":"Trade","floor":20.0,"gold_loss":0.0,"damage_taken":0.0,"relics_obtained":["NlothsMask"]},{"damage_healed":0.0,"max_hp_gain":0.0,"max_hp_loss":0.0,"gold_gain":0.0,"event_name":"Ghosts","player_choice":"Ignored","floor":30.0,"gold_loss":0.0,"damage_taken":0.0},{"damage_healed":0.0,"max_hp_gain":0.0,"max_hp_loss":0.0,"gold_gain":99.0,"event_name":"Nest","player_choice":"Stole From Cult","floor":31.0,"gold_loss":0.0,"damage_taken":0.0},{"damage_healed":0.0,"max_hp_gain":0.0,"max_hp_loss":0.0,"gold_gain":0.0,"event_name":"SensoryStone","player_choice":"Memory 1","floor":39.0,"gold_loss":0.0,"damage_taken":0.0},{"damage_healed":0.0,"max_hp_gain":0.0,"max_hp_loss":0.0,"gold_gain":0.0,"event_name":"Mysterious Sphere","player_choice":"Fight","floor":42.0,"gold_loss":0.0,"damage_taken":0.0},{"damage_healed":0.0,"max_hp_gain":0.0,"max_hp_loss":0.0,"gold_gain":0.0,"event_name":"Tomb of Lord Red Mask","player_choice":"Paid","floor":48.0,"gold_loss":88.0,"damage_taken":0.0,"relics_obtained":["Red Mask"]}],"is_beta":true,"boss_relics":[{"not_picked":["SlaversCollar","Runic Pyramid"],"picked":"Ectoplasm"},{"not_picked":["Pandora\u0027s Box","SacredBark"],"picked":"Empty Cage"}],"items_purged_floors":[11,29],"is_endless":false,"potions_floor_spawned":[3,13,14,16,22,23,27,36,37,38,40,42,54],"ascension_level":0}