{"gold_per_floor":[114,114,39,55,66,94,94,94,94,110,10,10,29,41,41,137,187,203,203,220,220,95,95,121,121,121,121,151,151,171,187,187,291,291,309,309,320,320,420,420,125,142,165,179,190,190,15,35,35,35],"floor_reached":51,"playtime":2129,"items_purged":["Strike_R","Strike_R","Strike_R","Writhe","Strike_R+1"],"score":762,"play_id":"c7efa91d-7191-44cf-81b9-161c580e7b68","local_time":"20190929001154","is_ascension_mode":false,"campfire_choices":[{"data":"Anger","floor":8.0,"key":"SMITH"},{"data":"Burning Pact","floor":12.0,"key":"SMITH"},{"data":"Shockwave","floor":15.0,"key":"SMITH"},{"data":"Burning Pact","floor":23.0,"key":"SMITH"},{"data":"Feed","floor":25,"key":"SMITH"},{"data":"Bash","floor":27,"key":"SMITH"},{"floor":32,"key":"REST"},{"data":"Dark Embrace","floor":40,"key":"SMITH"},{"data":"Bludgeon","floor":46,"key":"SMITH"},{"data":"Dropkick","floor":49,"key":"SMITH"}],"neow_cost":"NONE","seed_source_timestamp":5235649298723,"circlet_count":0,"master_deck":["Strike_R+1","Defend_R","Defend_R","Defend_R","Bash+1","Shockwave+1","Burning Pact+1","Anger+1","Clash+1","Dropkick+1","Feed+1","Burning Pact+1","Anger+1","Necronomicurse","Flex+1","Feed+1","Bludgeon+1","Rage","Dark Embrace+1","Corruption+1","Clash"],"special_seed":0,"relics":["Philosopher\u0027s Stone","Eternal Feather","Mango","Potion Belt","Tiny House","Necronomicon","Darkstone Periapt","Question Card","Whetstone","Busted Crown","Incense Burner","Pen Nib","InkBottle"],"potions_floor_usage":[24,31,33,33,37,48,50,50],"damage_taken":[{"damage":2.0,"enemies":"Jaw Worm","floor":1.0,"turns":3.0},{"damage":0.0,"enemies":"Cultist","floor":4.0,"turns":3.0},{"damage":4.0,"enemies":"Small Slimes","floor":5.0,"turns":3.0},{"damage":37.0,"enemies":"3 Sentries","floor":6.0,"turns":8.0},{"damage":4.0,"enemies":"2 Fungi Beasts","floor":10.0,"turns":3.0},{"damage":9.0,"enemies":"Exordium Wildlife","floor":13.0,"turns":4.0},{"damage":0.0,"enemies":"Exordium Thugs","floor":14.0,"turns":3.0},{"damage":16.0,"enemies":"Hexaghost","floor":16.0,"turns":6.0},{"damage":3.0,"enemies":"2 Thieves","floor":18.0,"turns":2.0},{"damage":1.0,"enemies":"Spheric Guardian","floor":20.0,"turns":3.0},{"damage":19,"enemies":"Gremlin Leader","floor":24,"turns":5},{"damage":44,"enemies":"Book of Stabbing","floor":28,"turns":4},{"damage":24,"enemies":"Snecko","floor":30,"turns":4},{"damage":18,"enemies":"Snake Plant","floor":31,"turns":4},{"damage":29,"enemies":"Automaton","floor":33,"turns":5},{"damage":22,"enemies":"Orb Walker","floor":35,"turns":3},{"damage":15,"enemies":"3 Shapes","floor":37,"turns":3},{"damage":61,"enemies":"Mind Bloom Boss Battle","floor":39,"turns":4},{"damage":0,"enemies":"Transient","floor":42,"turns":5},{"damage":0,"enemies":"Sphere and 2 Shapes","floor":44,"turns":3},{"damage":1,"enemies":"Spire Growth","floor":45,"turns":2},{"damage":2,"enemies":"4 Shapes","floor":48,"turns":3},{"damage":49,"enemies":"Donu and Deca","floor":50,"turns":5}],"seed_played":"-5757671606483071173","potions_obtained":[{"floor":1.0,"key":"SteroidPotion"},{"floor":7.0,"key":"SmokeBomb"},{"floor":7.0,"key":"SteroidPotion"},{"floor":7.0,"key":"Fruit Juice"},{"floor":10.0,"key":"PowerPotion"},{"floor":14.0,"key":"SteroidPotion"},{"floor":16.0,"key":"Energy Potion"},{"floor":17.0,"key":"Ancient Potion"},{"floor":20.0,"key":"Ancient Potion"},{"floor":24,"key":"Explosive Potion"},{"floor":28,"key":"PowerPotion"},{"floor":35,"key":"Strength Potion"},{"floor":44,"key":"Block Potion"},{"floor":45,"key":"Explosive Potion"}],"is_trial":false,"path_per_floor":["M","?","$","M","M","E","?","R","T","M","$","R","M","M","R","B",null,"M","?","M","?","$","R","E","R","T","R","E","?","M","M","R","B",null,"M","?","M","?","?","R","$","M","T","M","M","R","$","M","R","B",null],"character_chosen":"IRONCLAD","items_purchased":["Pen Nib"],"campfire_rested":1,"item_purchase_floors":[41],"current_hp_per_floor":[78,71,71,71,67,44,49,55,55,51,51,57,48,48,54,38,104,104,104,103,87,87,96,77,86,86,95,51,51,27,9,50,21,107,85,85,78,113,52,64,64,64,64,68,71,83,83,89,101,56],"gold":35,"neow_bonus":"BOSS_RELIC","is_prod":false,"is_daily":false,"chose_seed":false,"campfire_upgraded":9,"win_rate":0,"timestamp":1569683514,"path_taken":["M","?","?","?","M","E","?","R","T","M","$","R","?","M","R","BOSS","M","?","?","?","$","R","E","R","T","R","E","?","?","?","R","BOSS","M","?","?","?","?","R","$","M","T","M","M","R","$","M","R","BOSS"],"build_version":"2019-09-27","purchased_purges":5,"victory":true,"max_hp_per_floor":[80,80,80,80,80,94,99,99,99,99,99,99,99,99,99,99,104,107,107,107,107,107,107,107,107,107,107,107,107,107,107,107,107,107,107,107,115,121,121,121,121,121,121,125,129,129,129,137,137,141],"card_choices":[{"not_picked":["Rupture","Sentinel"],"picked":"Shockwave","floor":1.0},{"not_picked":["Cleave","Power Through"],"picked":"Burning Pact","floor":4.0},{"not_picked":["Clothesline","Cleave"],"picked":"Anger","floor":5.0},{"not_picked":["Entrench","Sword Boomerang"],"picked":"Clash","floor":6.0},{"not_picked":["Iron Wave","Armaments","Entrench"],"picked":"SKIP","floor":10.0},{"not_picked":["Evolve","Perfected Strike"],"picked":"Dropkick","floor":13.0},{"not_picked":["Dark Embrace","Feel No Pain","Shockwave"],"picked":"SKIP","floor":14.0},{"not_picked":["Bludgeon","Exhume"],"picked":"Feed","floor":16.0},{"not_picked":["Seeing Red","Headbutt"],"picked":"Burning Pact","floor":17.0},{"not_picked":["Body Slam","Headbutt"],"picked":"Anger+1","floor":18.0},{"not_picked":["Whirlwind","Armaments","Thunderclap"],"picked":"SKIP","floor":20.0},{"not_picked":["Demon Form","Second Wind+1"],"picked":"Flex+1","floor":24},{"not_picked":["Intimidate","Uppercut","True Grit","Cleave"],"picked":"SKIP","floor":28},{"not_picked":["Inflame","Sever Soul","Heavy Blade"],"picked":"Bludgeon","floor":30},{"not_picked":["Headbutt+1","Wild Strike","Ghostly Armor","Power Through+1"],"picked":"SKIP","floor":31},{"not_picked":["Metallicize+1"],"picked":"Rage","floor":35},{"not_picked":["Clothesline+1","Hemokinesis+1"],"picked":"SKIP","floor":37},{"not_picked":["Dual Wield+1"],"picked":"Corruption+1","floor":42},{"not_picked":["Metallicize","Dual Wield"],"picked":"SKIP","floor":44},{"not_picked":["Twin Strike+1"],"picked":"Clash","floor":45},{"not_picked":["Armaments","Searing Blow"],"picked":"SKIP","floor":48}],"player_experience":562592,"relics_obtained":[{"floor":6.0,"key":"Mango"},{"floor":9.0,"key":"Potion Belt"},{"floor":21.0,"key":"Necronomicon"},{"floor":24,"key":"Darkstone Periapt"},{"floor":26,"key":"Question Card"},{"floor":28,"key":"Whetstone"},{"floor":39,"key":"Incense Burner"},{"floor":43,"key":"InkBottle"}],"event_choices":[{"damage_healed":0.0,"max_hp_gain":0.0,"max_hp_loss":0.0,"gold_gain":0.0,"event_name":"Scrap Ooze","player_choice":"Success","floor":2.0,"gold_loss":0.0,"damage_taken":7.0,"relics_obtained":["Eternal Feather"]},{"damage_healed":0.0,"max_hp_gain":0.0,"max_hp_loss":0.0,"gold_gain":0.0,"event_name":"Lab","player_choice":"Got Potions","floor":7.0,"gold_loss":0.0,"damage_taken":0.0},{"damage_healed":0.0,"max_hp_gain":0.0,"max_hp_loss":0.0,"gold_gain":0.0,"event_name":"Match and Keep!","player_choice":"0 cards matched","floor":19.0,"gold_loss":0.0,"damage_taken":0.0,"cards_obtained":[]},{"damage_healed":0.0,"max_hp_gain":0.0,"max_hp_loss":0.0,"gold_gain":0.0,"event_name":"Cursed Tome","player_choice":"Obtained Book","floor":21.0,"gold_loss":0.0,"damage_taken":16.0},{"damage_healed":0,"gold_gain":0,"player_choice":"Copied","damage_taken":0,"max_hp_gain":0,"max_hp_loss":0,"event_name":"Duplicator","floor":29,"gold_loss":0,"cards_obtained":["Feed"]},{"damage_healed":0,"gold_gain":0,"cards_transformed":["Defend_R"],"player_choice":"Transformed","damage_taken":0,"max_hp_gain":0,"max_hp_loss":0,"event_name":"Transmorgrifier","floor":36,"gold_loss":0,"cards_obtained":["Dark Embrace"]},{"damage_healed":29,"gold_gain":0,"player_choice":"Writhe","damage_taken":0,"max_hp_gain":0,"max_hp_loss":0,"event_name":"Winding Halls","floor":38,"gold_loss":0,"cards_obtained":["Writhe"]},{"damage_healed":0,"gold_gain":0,"player_choice":"Fight","damage_taken":0,"max_hp_gain":0,"max_hp_loss":0,"event_name":"MindBloom","floor":39,"gold_loss":0}],"is_beta":true,"boss_relics":[{"not_picked":["SacredBark","Mark of Pain"],"picked":"Tiny House"},{"not_picked":["Calling Bell","Velvet Choker"],"picked":"Busted Crown"}],"items_purged_floors":[3,11,22,41,47],"is_endless":false,"potions_floor_spawned":[1,10,14,16,20,24,28,35,44,45],"ascension_level":0}