{"gold_per_floor":[113,131,211,223,64,64,79,79,161,187,187,187,220,239,239,310,310,328,0,19,19,19],"floor_reached":22,"playtime":488,"items_purged":["Strike_B","Strike_B"],"score":349,"play_id":"9cb5753e-1b9f-4dab-9bbe-75407b8f10a0","local_time":"20180904160045","is_ascension_mode":true,"campfire_choices":[{"data":"Sunder","floor":6.0,"key":"SMITH"},{"data":"Lockon","floor":8.0,"key":"SMITH"},{"data":"Zap","floor":11.0,"key":"SMITH"},{"floor":15.0,"key":"REST"}],"neow_cost":"","seed_source_timestamp":11007888151551,"circlet_count":0,"master_deck":["Strike_B","Defend_B","Defend_B","Defend_B","Defend_B","Zap+1","Dualcast","AscendersBane","Sunder+1","Lockon+1","Gash","Capacitor","Gash","All For One","Fission","Beam Cell+1","Streamline","Chill"],"special_seed":0,"relics":["Cracked Core","Mercury Hourglass","Pen Nib","Darkstone Periapt","Inserter","Orichalcum"],"potions_floor_usage":[],"damage_taken":[{"damage":1.0,"enemies":"2 Louse","floor":1.0,"turns":3.0},{"damage":4.0,"enemies":"Jaw Worm","floor":2.0,"turns":4.0},{"damage":0.0,"enemies":"Small Slimes","floor":4.0,"turns":2.0},{"damage":6.0,"enemies":"Blue Slaver","floor":7.0,"turns":3.0},{"damage":8.0,"enemies":"Gremlin Nob","floor":10.0,"turns":3.0},{"damage":15.0,"enemies":"Lagavulin","floor":13.0,"turns":5.0},{"damage":10.0,"enemies":"3 Louse","floor":14.0,"turns":2.0},{"damage":36.0,"enemies":"The Guardian","floor":16.0,"turns":6.0},{"damage":28,"enemies":"2 Thieves","floor":18,"turns":3},{"damage":25,"enemies":"Spheric Guardian","floor":20,"turns":4},{"damage":0,"enemies":"Snake Plant","floor":22,"turns":1}],"seed_played":"-5880350546334989900","potions_obtained":[{"floor":1.0,"key":"Weak Potion"},{"floor":2.0,"key":"FocusPotion"},{"floor":13.0,"key":"SkillPotion"},{"floor":14.0,"key":"GamblersBrew"},{"floor":20,"key":"SteroidPotion"}],"is_trial":false,"path_per_floor":["M","M","?","M","$","R","M","R","T","E","R","?","E","M","R","B",null,"M","$","M","$"],"character_chosen":"DEFECT","items_purchased":["Capacitor","Streamline","Orichalcum"],"campfire_rested":1,"item_purchase_floors":[5,19,19],"current_hp_per_floor":[63,59,59,59,59,59,53,53,53,45,45,45,30,20,41,5,55,27,27,2,2,2],"gold":19,"neow_bonus":"","is_prod":false,"is_daily":false,"chose_seed":false,"campfire_upgraded":3,"win_rate":0,"timestamp":1536069645,"path_taken":["M","M","?","M","$","R","M","R","T","E","R","?","E","M","R","BOSS","M","$","M","?","M"],"build_version":"2018-09-03","purchased_purges":2,"victory":false,"max_hp_per_floor":[71,71,71,71,71,71,71,71,71,71,71,71,71,71,71,71,71,71,71,71,71,71],"card_choices":[{"not_picked":["Turbo","Gash"],"picked":"Sunder","floor":1.0},{"not_picked":["Ball Lightning","Cold Snap"],"picked":"Lockon","floor":2.0},{"not_picked":["Sweeping Beam","Rip and Tear"],"picked":"Gash","floor":4.0},{"not_picked":["Fusion","Reprogram"],"picked":"Gash","floor":7.0},{"not_picked":["Compile Driver","Stack","Tempest"],"picked":"SKIP","floor":10.0},{"not_picked":["Cold Snap","Multi-Cast"],"picked":"All For One","floor":13.0},{"not_picked":["Stack","Ball Lightning","Rip and Tear"],"picked":"SKIP","floor":14.0},{"not_picked":["Amplify","Hyperbeam"],"picked":"Fission","floor":16.0},{"not_picked":["Tempest","Cold Snap"],"picked":"Beam Cell+1","floor":18},{"not_picked":["Conserve Battery","Hologram"],"picked":"Chill","floor":20}],"player_experience":637852,"relics_obtained":[{"floor":9.0,"key":"Mercury Hourglass"},{"floor":10.0,"key":"Pen Nib"},{"floor":13.0,"key":"Darkstone Periapt"}],"event_choices":[{"event_name":"Golden Wing","player_choice":"Gained Gold","floor":3.0,"damage_taken":0.0},{"event_name":"Living Wall","player_choice":"Forget","floor":12.0,"damage_taken":0.0}],"is_beta":true,"boss_relics":[{"not_picked":["Orrery","Tiny House"],"picked":"Inserter"}],"items_purged_floors":[5,19],"is_endless":false,"potions_floor_spawned":[1,2,13,14,20],"killed_by":"Snake Plant","ascension_level":16}