{"gold_per_floor":[117,117,42,55,55,82,82,93,93,93,104,29,29,60,60,134,134,152,177,177],"floor_reached":20,"playtime":577,"items_purged":["Strike_B"],"score":390,"play_id":"100480d6-23c1-4bce-81d7-e75b5c6f0240","local_time":"20181031113236","is_ascension_mode":true,"campfire_choices":[{"floor":7,"key":"DIG"},{"floor":13,"key":"DIG"},{"data":"Zap","floor":15,"key":"SMITH"}],"neow_cost":"NONE","seed_source_timestamp":264487885429492,"circlet_count":0,"master_deck":["Strike_B","Strike_B","Defend_B","Defend_B","Defend_B","Defend_B","Zap+1","Dualcast","AscendersBane","Sweeping Beam","Streamline+1","Redo","Go for the Eyes","Echo Form","Melter","Conserve Battery"],"relics":["Cracked Core","NeowsBlessing","Shovel","Mercury Hourglass","Question Card","Shuriken","Lantern","Oddly Smooth Stone","Philosopher\u0027s Stone","Red Mask"],"potions_floor_usage":[14,18,19,19],"damage_taken":[{"damage":0,"enemies":"Jaw Worm","floor":1,"turns":1},{"damage":0,"enemies":"2 Louse","floor":4,"turns":1},{"damage":0,"enemies":"Gremlin Nob","floor":6,"turns":1},{"damage":0,"enemies":"Small Slimes","floor":8,"turns":2},{"damage":11,"enemies":"Looter","floor":11,"turns":2},{"damage":20,"enemies":"3 Sentries","floor":14,"turns":5},{"damage":44,"enemies":"The Guardian","floor":16,"turns":11},{"damage":8,"enemies":"2 Thieves","floor":18,"turns":3},{"damage":10,"enemies":"Masked Bandits","floor":19,"turns":3},{"damage":45,"enemies":"3 Byrds","floor":20,"turns":2}],"seed_played":"4887976475263666372","potions_obtained":[{"floor":11,"key":"Regen Potion"},{"floor":14,"key":"Explosive Potion"},{"floor":16,"key":"AttackPotion"},{"floor":18,"key":"Block Potion"}],"is_trial":false,"path_per_floor":["M","?","?","M","?","E","R","M","T","T","M","$","R","E","R","B",null,"M","?","M"],"character_chosen":"DEFECT","items_purchased":[],"campfire_rested":0,"item_purchase_floors":[],"current_hp_per_floor":[64,64,64,64,64,64,64,64,64,64,53,53,53,47,47,3,54,46,36,0],"gold":177,"neow_bonus":"THREE_ENEMY_KILL","is_prod":false,"is_daily":false,"chose_seed":false,"campfire_upgraded":1,"win_rate":0,"timestamp":1540981956,"path_taken":["M","?","?","M","?","E","R","M","T","?","?","$","R","E","R","BOSS","M","?","M"],"build_version":"2018-10-30","purchased_purges":1,"victory":false,"max_hp_per_floor":[71,71,71,71,71,71,71,71,71,71,71,71,71,71,71,71,71,71,71,71],"card_choices":[{"not_picked":["Leap","Conserve Battery"],"picked":"Sweeping Beam","floor":1},{"not_picked":["Leap","Cold Snap"],"picked":"Streamline","floor":4},{"not_picked":["Turbo","Reinforced Body","Heatsinks"],"picked":"SKIP","floor":6},{"not_picked":["Aggregate","Go for the Eyes","Skim"],"picked":"SKIP","floor":8},{"not_picked":["Barrage","Biased Cognition","Tempest"],"picked":"Redo","floor":11},{"not_picked":["Force Field","Leap","Beam Cell"],"picked":"Go for the Eyes","floor":14},{"not_picked":["Biased Cognition","Multi-Cast","Machine Learning"],"picked":"Echo Form","floor":16},{"not_picked":["Lockon","Cold Snap","Go for the Eyes"],"picked":"Melter","floor":18},{"not_picked":["Leap","Undo","Compile Driver+1"],"picked":"Conserve Battery","floor":19}],"player_experience":727124,"relics_obtained":[{"floor":6,"key":"Shovel"},{"floor":7,"key":"Mercury Hourglass"},{"floor":9,"key":"Question Card"},{"floor":10,"key":"Shuriken"},{"floor":13,"key":"Lantern"},{"floor":14,"key":"Oddly Smooth Stone"},{"floor":19,"key":"Red Mask"}],"event_choices":[{"damage_healed":0,"gold_gain":0,"player_choice":"Ignored","damage_taken":0,"max_hp_gain":0,"max_hp_loss":0,"event_name":"Liars Game","floor":2,"gold_loss":0},{"cards_removed":["Strike_B"],"damage_healed":0,"gold_gain":0,"player_choice":"Card Removal","damage_taken":0,"max_hp_gain":0,"max_hp_loss":0,"event_name":"The Cleric","floor":3,"gold_loss":75},{"damage_healed":0,"gold_gain":0,"player_choice":"Grow","damage_taken":0,"max_hp_gain":0,"max_hp_loss":0,"event_name":"Living Wall","floor":5,"gold_loss":0,"cards_upgraded":["Streamline"]},{"damage_healed":0,"gold_gain":0,"player_choice":"Fought Bandits","damage_taken":0,"max_hp_gain":0,"max_hp_loss":0,"event_name":"Masked Bandits","floor":19,"gold_loss":0}],"is_beta":true,"boss_relics":[{"not_picked":["Snecko Eye","Lizard Tail"],"picked":"Philosopher\u0027s Stone"}],"items_purged_floors":[12],"is_endless":false,"potions_floor_spawned":[11,14,16,18],"killed_by":"3 Byrds","ascension_level":18}