{"gold_per_floor":[119,119,44,61,161,175,225,225,248,259,259,286,286,286],"floor_reached":14,"playtime":196,"items_purged":[],"score":172,"play_id":"f9c235d2-ec82-4aec-8887-ac7973fd024a","local_time":"20181031175507","is_ascension_mode":true,"campfire_choices":[{"data":"Streamline","floor":8,"key":"SMITH"},{"data":"Chaos","floor":11,"key":"SMITH"},{"data":"Redo","floor":13,"key":"SMITH"}],"neow_cost":"NONE","seed_source_timestamp":287821039098727,"circlet_count":0,"master_deck":["Strike_B","Strike_B","Defend_B","Defend_B","Defend_B","Defend_B","Zap","Dualcast","AscendersBane","Sweeping Beam","Chaos+1","Streamline+1","Redo+1","Hologram"],"relics":["Cracked Core","NeowsBlessing","Art of War","Dodecahedron"],"potions_floor_usage":[12],"damage_taken":[{"damage":0,"enemies":"2 Louse","floor":1,"turns":1},{"damage":0,"enemies":"Small Slimes","floor":4,"turns":1},{"damage":0,"enemies":"Cultist","floor":6,"turns":1},{"damage":6,"enemies":"3 Louse","floor":10,"turns":3},{"damage":11,"enemies":"Lagavulin","floor":12,"turns":5},{"damage":59,"enemies":"Gremlin Nob","floor":14,"turns":3}],"seed_played":"-6658804759319763525","potions_obtained":[{"floor":1,"key":"Weak Potion"}],"is_trial":false,"path_per_floor":["M","?","?","M","?","M","?","R","T","M","R","E","R","E"],"character_chosen":"DEFECT","items_purchased":[],"campfire_rested":0,"item_purchase_floors":[],"current_hp_per_floor":[64,57,57,57,57,57,57,57,57,51,51,40,40,0],"gold":286,"neow_bonus":"THREE_ENEMY_KILL","is_prod":false,"is_daily":false,"chose_seed":false,"campfire_upgraded":3,"win_rate":0,"timestamp":1541004907,"path_taken":["M","?","?","M","?","?","?","R","T","M","R","E","R","E"],"build_version":"2018-10-30","purchased_purges":0,"victory":false,"max_hp_per_floor":[71,71,71,71,71,71,71,71,71,71,71,71,71,71],"card_choices":[{"not_picked":["Reprogram","Coolheaded"],"picked":"Sweeping Beam","floor":1},{"not_picked":["BootSequence","Reprogram"],"picked":"Chaos","floor":4},{"not_picked":["Leap","Heatsinks"],"picked":"Streamline","floor":6},{"not_picked":["Steam","Leap"],"picked":"Redo","floor":10},{"not_picked":["Rebound","Gash"],"picked":"Hologram","floor":12}],"player_experience":731504,"relics_obtained":[{"floor":9,"key":"Art of War"},{"floor":12,"key":"Dodecahedron"}],"event_choices":[{"cards_removed":["Strike_B"],"damage_healed":0,"gold_gain":0,"player_choice":"Card Removal","damage_taken":7,"max_hp_gain":0,"max_hp_loss":0,"event_name":"Golden Wing","floor":2,"gold_loss":0},{"cards_removed":["Strike_B"],"damage_healed":0,"gold_gain":0,"player_choice":"Card Removal","damage_taken":0,"max_hp_gain":0,"max_hp_loss":0,"event_name":"The Cleric","floor":3,"gold_loss":75},{"damage_healed":0,"gold_gain":100,"player_choice":"Gold","damage_taken":0,"max_hp_gain":0,"max_hp_loss":0,"event_name":"Wheel of Change","floor":5,"gold_loss":0},{"damage_healed":0,"gold_gain":50,"player_choice":"Pray","damage_taken":0,"max_hp_gain":0,"max_hp_loss":0,"event_name":"Golden Shrine","floor":7,"gold_loss":0}],"is_beta":true,"boss_relics":[],"items_purged_floors":[],"is_endless":false,"potions_floor_spawned":[1],"killed_by":"Gremlin Nob","ascension_level":19}