{"gold_per_floor":[118,131,150,300,311,337,350,23,71,71,98,111,111,126,126,197,197,207,132,44,44,44],"floor_reached":22,"playtime":597,"items_purged":["Doubt"],"score":343,"play_id":"847d41e3-a9d2-48cb-8a4c-d4cafcf8d269","local_time":"20180905013151","is_ascension_mode":true,"campfire_choices":[{"floor":10,"key":"REST"},{"floor":13,"key":"REST"},{"floor":15,"key":"REST"}],"neow_cost":"NONE","seed_source_timestamp":45210864234213,"circlet_count":0,"master_deck":["Strike_R","Strike_R","Strike_R","Strike_R","Strike_R","Defend_R","Defend_R","Defend_R","Bash","AscendersBane","Inflame","Thunderclap","Spot Weakness","Immolate","Inflame","Flex","Cleave","Double Tap","Inflame","Flex","Necronomicurse"],"relics":["Burning Blood","Boot","Bird Faced Urn","Shuriken","Pen Nib","Self Forming Clay","Mark of Pain","Necronomicon"],"potions_floor_usage":[6,7,7,16],"damage_taken":[{"damage":8,"enemies":"Small Slimes","floor":1,"turns":5},{"damage":20,"enemies":"Jaw Worm","floor":2,"turns":5},{"damage":6,"enemies":"Cultist","floor":3,"turns":4},{"damage":17,"enemies":"Blue Slaver","floor":5,"turns":5},{"damage":40,"enemies":"3 Sentries","floor":6,"turns":8},{"damage":12,"enemies":"Exordium Wildlife","floor":7,"turns":3},{"damage":32,"enemies":"Gremlin Nob","floor":11,"turns":4},{"damage":4,"enemies":"Looter","floor":12,"turns":3},{"damage":3,"enemies":"2 Fungi Beasts","floor":14,"turns":3},{"damage":62,"enemies":"The Guardian","floor":16,"turns":11},{"damage":42,"enemies":"3 Byrds","floor":18,"turns":4},{"damage":0,"enemies":"Shell Parasite","floor":22,"turns":1}],"seed_played":"-24627554838148155","potions_obtained":[{"floor":1,"key":"Energy Potion"},{"floor":5,"key":"SteroidPotion"},{"floor":6,"key":"BloodPotion"},{"floor":14,"key":"LiquidBronze"}],"is_trial":false,"path_per_floor":["M","M","M","?","M","E","M","$","T","R","E","M","R","M","R","B",null,"M","?","$","?"],"character_chosen":"IRONCLAD","items_purchased":["Shuriken","Inflame","Flex"],"campfire_rested":3,"item_purchase_floors":[8,20,20],"current_hp_per_floor":[66,52,52,52,41,7,8,8,8,30,8,12,34,37,59,7,58,24,24,24,3,3],"gold":44,"neow_bonus":"RANDOM_COMMON_RELIC","is_prod":false,"is_daily":false,"chose_seed":false,"campfire_upgraded":0,"win_rate":0,"timestamp":1536103911,"path_taken":["M","M","M","?","M","E","M","$","T","R","E","M","R","M","R","BOSS","M","?","?","?","M"],"build_version":"2018-09-03","purchased_purges":1,"victory":false,"max_hp_per_floor":[75,75,75,75,75,75,75,75,75,75,75,75,75,75,75,75,75,75,75,75,75,75],"card_choices":[{"not_picked":["Seeing Red","Burning Pact"],"picked":"Inflame","floor":1},{"not_picked":["Havoc","Fire Breathing","Wild Strike"],"picked":"SKIP","floor":2},{"not_picked":["Bloodletting","Sentinel"],"picked":"Thunderclap","floor":3},{"not_picked":["Heavy Blade","Armaments"],"picked":"Spot Weakness","floor":5},{"not_picked":["Combust","Shrug It Off"],"picked":"Immolate","floor":6},{"not_picked":["Rampage","Clash"],"picked":"Inflame","floor":7},{"not_picked":["Iron Wave","Blood for Blood"],"picked":"Flex","floor":11},{"not_picked":["Blood for Blood","Thunderclap","Ghostly Armor"],"picked":"SKIP","floor":12},{"not_picked":["Shrug It Off","True Grit"],"picked":"Cleave","floor":14},{"not_picked":["Offering","Demon Form"],"picked":"Double Tap","floor":16},{"not_picked":["Headbutt+1","Power Through","Shrug It Off"],"picked":"SKIP","floor":18}],"player_experience":642113,"relics_obtained":[{"floor":6,"key":"Bird Faced Urn"},{"floor":9,"key":"Pen Nib"},{"floor":11,"key":"Self Forming Clay"},{"floor":21,"key":"Necronomicon"}],"event_choices":[{"event_name":"Liars Game","player_choice":"agreed","floor":4,"damage_taken":0},{"event_name":"Beggar","player_choice":"Gave Gold","floor":19,"damage_taken":0},{"event_name":"Cursed Tome","player_choice":"Obtained Book","floor":21,"damage_taken":0}],"is_beta":true,"boss_relics":[{"not_picked":["Calling Bell","Lizard Tail"],"picked":"Mark of Pain"}],"items_purged_floors":[8],"is_endless":false,"potions_floor_spawned":[1,5,6,14],"killed_by":"Shell Parasite","ascension_level":15}