{"gold_per_floor":[111,122,132,8,21,21,21,34,34,34,46,61,61,61,61,161,161,176,176,186,203,203,203,302,302,302,327,337,355,58,58,58,154,154,166,166,185,185,197,197,217,197,197,208,208,224,224,90,90,90],"floor_reached":51,"playtime":1378,"items_purged":["Strike_G","Strike_G"],"score":761,"play_id":"39232e33-db49-4e51-94de-87287f4078b8","local_time":"20181105133223","is_ascension_mode":false,"campfire_choices":[{"data":"Catalyst","floor":6.0,"key":"SMITH"},{"data":"Catalyst","floor":13.0,"key":"SMITH"},{"data":"Deadly Poison","floor":15.0,"key":"SMITH"},{"data":"Deadly Poison","floor":23.0,"key":"SMITH"},{"data":"Adrenaline","floor":25.0,"key":"SMITH"},{"data":"Footwork","floor":32.0,"key":"SMITH"},{"data":"Corpse Explosion","floor":40.0,"key":"SMITH"},{"data":"Blur","floor":45.0,"key":"SMITH"},{"data":"Noxious Fumes","floor":47.0,"key":"SMITH"},{"floor":49.0,"key":"REST"}],"neow_cost":"NONE","seed_source_timestamp":182861887327179,"circlet_count":0,"master_deck":["Defend_G","Defend_G","Defend_G","Defend_G","Defend_G","Strike_G","Survivor","Neutralize","Catalyst+1","Deadly Poison+1","Noxious Fumes+1","Deadly Poison+1","Catalyst+1","Adrenaline+1","Choke","Masterful Stab","Catalyst+1","Footwork+1","Blur+1","Corpse Explosion+1","Backflip+1","Catalyst"],"special_seed":0,"relics":["Ring of the Snake"],"potions_floor_usage":[50,50,50],"damage_taken":[{"damage":2.0,"enemies":"2 Louse","floor":1.0,"turns":3.0},{"damage":10.0,"enemies":"Small Slimes","floor":2.0,"turns":4.0},{"damage":0.0,"enemies":"Jaw Worm","floor":3.0,"turns":5.0},{"damage":6.0,"enemies":"Looter","floor":5.0,"turns":4.0},{"damage":0.0,"enemies":"2 Fungi Beasts","floor":8.0,"turns":3.0},{"damage":16.0,"enemies":"3 Louse","floor":11.0,"turns":4.0},{"damage":0.0,"enemies":"Large Slime","floor":12.0,"turns":3.0},{"damage":0.0,"enemies":"Slime Boss","floor":16.0,"turns":3.0},{"damage":0.0,"enemies":"Shell Parasite","floor":18.0,"turns":2.0},{"damage":8.0,"enemies":"3 Byrds","floor":20.0,"turns":3.0},{"damage":6.0,"enemies":"Snecko","floor":21.0,"turns":4.0},{"damage":13.0,"enemies":"Book of Stabbing","floor":27.0,"turns":3.0},{"damage":0.0,"enemies":"Centurion and Healer","floor":28.0,"turns":5.0},{"damage":5.0,"enemies":"Chosen and Byrds","floor":29.0,"turns":3.0},{"damage":46.0,"enemies":"Champ","floor":33.0,"turns":9.0},{"damage":3.0,"enemies":"3 Shapes","floor":35.0,"turns":4.0},{"damage":5.0,"enemies":"Orb Walker","floor":37.0,"turns":2.0},{"damage":0.0,"enemies":"Jaw Worm Horde","floor":39.0,"turns":2.0},{"damage":4.0,"enemies":"Writhing Mass","floor":41.0,"turns":3.0},{"damage":20.0,"enemies":"3 Darklings","floor":44.0,"turns":3.0},{"damage":7.0,"enemies":"Sphere and 2 Shapes","floor":46.0,"turns":5.0},{"damage":60,"enemies":"Awakened One","floor":50,"turns":11}],"seed_played":"-1621953581371138127","potions_obtained":[{"floor":2.0,"key":"LiquidBronze"},{"floor":3.0,"key":"SteroidPotion"},{"floor":5.0,"key":"SpeedPotion"},{"floor":21.0,"key":"GhostInAJar"},{"floor":28.0,"key":"Strength Potion"},{"floor":29.0,"key":"SpeedPotion"},{"floor":37.0,"key":"FearPotion"},{"floor":41.0,"key":"GhostInAJar"},{"floor":42.0,"key":"Poison Potion"},{"floor":46.0,"key":"GhostInAJar"}],"is_trial":false,"path_per_floor":["M","M","M","$","M","R","$","M","T","?","M","M","R","?","R","B",null,"M","?","M","M","?","R","?","R","T","E","E","M","M","$","?","R","B",null,"M","?","M","?","M","R","M","?","T","M","R","M","R","$","R","B",null],"character_chosen":"THE_SILENT","items_purchased":["Deadly Poison","Noxious Fumes","Footwork","GhostInAJar","Blur","Catalyst"],"campfire_rested":1,"item_purchase_floors":[4,4,30,30,30,48],"current_hp_per_floor":[75,65,65,65,59,59,59,59,59,64,48,48,48,48,48,48,82,82,66,58,52,52,52,52,52,52,39,39,34,34,63,63,17,87,84,84,79,79,79,79,75,75,75,55,55,48,48,48,72,12],"gold":90,"neow_bonus":"TEN_PERCENT_HP_BONUS","is_prod":false,"is_daily":false,"chose_seed":false,"campfire_upgraded":9,"win_rate":0,"timestamp":1541421143,"path_taken":["M","M","M","$","M","R","$","M","T","?","M","M","R","?","R","BOSS","M","?","M","M","?","R","?","R","T","E","M","M","$","?","R","BOSS","M","?","M","?","M","R","M","?","T","?","R","M","R","$","R","BOSS"],"build_version":"2018-11-02","purchased_purges":2,"victory":true,"max_hp_per_floor":[77,77,77,77,77,77,77,77,77,82,82,82,82,82,82,82,82,82,87,87,87,87,87,87,87,87,87,87,87,87,87,87,87,87,87,87,87,83,83,83,83,83,83,83,83,83,83,83,83,83],"card_choices":[{"not_picked":["Deflect","Cloak And Dagger","Reflex"],"picked":"SKIP","floor":1.0},{"not_picked":["Underhanded Strike","Flying Knee","Dagger Throw"],"picked":"SKIP","floor":2.0},{"not_picked":["Flying Knee","Deflect"],"picked":"Catalyst","floor":3.0},{"not_picked":["Acrobatics","Reflex"],"picked":"Deadly Poison","floor":5.0},{"not_picked":["Blade Dance","Escape Plan","Infinite Blades"],"picked":"SKIP","floor":8.0},{"not_picked":["Backstab","Bane"],"picked":"Catalyst","floor":11.0},{"not_picked":["Malaise","Slice","Deflect"],"picked":"SKIP","floor":12.0},{"not_picked":["Bullet Time","Grand Finale"],"picked":"Adrenaline","floor":16.0},{"not_picked":["PiercingWail","Quick Slash","Skewer"],"picked":"SKIP","floor":18.0},{"not_picked":["Blade Dance","Distraction","Quick Slash"],"picked":"SKIP","floor":20.0},{"not_picked":["All Out Attack","PiercingWail","Underhanded Strike"],"picked":"SKIP","floor":21.0},{"not_picked":["Skewer","Slice","Flying Knee"],"picked":"SKIP","floor":27.0},{"not_picked":["Heel Hook","Deflect+1"],"picked":"Catalyst+1","floor":28.0},{"not_picked":["Outmaneuver","Skewer+1","Accuracy"],"picked":"SKIP","floor":29.0},{"not_picked":["Unload","A Thousand Cuts"],"picked":"Corpse Explosion","floor":33.0},{"not_picked":["Sucker Punch","PiercingWail","Outmaneuver+1"],"picked":"SKIP","floor":35.0},{"not_picked":["Underhanded Strike","Dagger Spray","Prepared+1"],"picked":"SKIP","floor":37.0},{"not_picked":["Dagger Throw+1","PiercingWail+1","Masterful Stab"],"picked":"SKIP","floor":39.0},{"not_picked":["Prepared+1","Skewer+1","Unload"],"picked":"SKIP","floor":41.0},{"not_picked":["Outmaneuver+1","Skewer+1"],"picked":"Backflip+1","floor":44.0},{"not_picked":["Tactician","Choke+1","Heel Hook"],"picked":"SKIP","floor":46.0}],"player_experience":741480,"relics_obtained":[],"event_choices":[{"damage_healed":0.0,"max_hp_gain":5.0,"max_hp_loss":0.0,"gold_gain":0.0,"event_name":"Big Fish","player_choice":"Donut","floor":10.0,"gold_loss":0.0,"damage_taken":0.0},{"damage_healed":0.0,"max_hp_gain":0.0,"max_hp_loss":0.0,"gold_gain":0.0,"event_name":"Liars Game","player_choice":"Ignored","floor":14.0,"gold_loss":0.0,"damage_taken":0.0},{"damage_healed":0.0,"max_hp_gain":5.0,"max_hp_loss":0.0,"gold_gain":0.0,"event_name":"Forgotten Altar","player_choice":"Shed Blood","floor":19.0,"gold_loss":0.0,"damage_taken":21.0},{"damage_healed":0.0,"max_hp_gain":0.0,"max_hp_loss":0.0,"gold_gain":0.0,"cards_transformed":["Strike_G","Strike_G"],"event_name":"Drug Dealer","player_choice":"Became Test Subject","floor":22.0,"gold_loss":0.0,"damage_taken":0.0,"cards_obtained":["Choke","Masterful Stab"]},{"damage_healed":0.0,"max_hp_gain":0.0,"max_hp_loss":0.0,"gold_gain":99.0,"event_name":"Nest","player_choice":"Stole From Cult","floor":24.0,"gold_loss":0.0,"damage_taken":0.0},{"damage_healed":29.0,"max_hp_gain":0.0,"max_hp_loss":0.0,"gold_gain":0.0,"event_name":"The Library","player_choice":"Heal","floor":31.0,"gold_loss":0.0,"damage_taken":0.0},{"damage_healed":0.0,"max_hp_gain":0.0,"max_hp_loss":0.0,"gold_gain":0.0,"event_name":"Mysterious Sphere","player_choice":"Ignored","floor":36.0,"gold_loss":0.0,"damage_taken":0.0},{"damage_healed":0.0,"max_hp_gain":0.0,"max_hp_loss":4.0,"gold_gain":0.0,"event_name":"Winding Halls","player_choice":"Max HP","floor":38.0,"gold_loss":0.0,"damage_taken":0.0},{"damage_healed":0.0,"max_hp_gain":0.0,"max_hp_loss":0.0,"gold_gain":0.0,"event_name":"The Woman in Blue","player_choice":"Bought 1 Potion","floor":42.0,"gold_loss":0.0,"damage_taken":0.0}],"is_beta":true,"boss_relics":[{"not_picked":["Busted Crown","Coffee Dripper","Runic Pyramid"]},{"not_picked":["Eternal Feather","Cursed Key","Tiny House"]}],"items_purged_floors":[30,48],"is_endless":false,"potions_floor_spawned":[2,3,5,8,21,28,29,37,41,46],"ascension_level":0}