{"gold_per_floor":[114,130,130,2,2,37,49,61,73,117,129,141,153,78,78,78],"floor_reached":16,"playtime":273,"items_purged":["Strike_G"],"score":258,"play_id":"c6c57c5d-070e-4842-a917-84d8b2eebf0d","local_time":"20181206175110","is_ascension_mode":true,"campfire_choices":[{"data":"Deadly Poison","floor":8,"key":"SMITH"},{"floor":15,"key":"REST"}],"neow_cost":"NONE","seed_source_timestamp":83944005440590,"circlet_count":0,"master_deck":["AscendersBane","Defend_G","Defend_G+1","Defend_G","Defend_G","Defend_G","Strike_G+1","Strike_G","Survivor","Neutralize","Deadly Poison+1","Dodge and Roll","Dodge and Roll","Caltrops","Noxious Fumes","Noxious Fumes"],"relics":["Ring of the Snake","NeowsBlessing","MawBank","Orichalcum","Centennial Puzzle"],"potions_floor_usage":[16,16],"damage_taken":[{"damage":0,"enemies":"Cultist","floor":1,"turns":1},{"damage":0,"enemies":"2 Louse","floor":2,"turns":1},{"damage":0,"enemies":"3 Sentries","floor":6,"turns":1},{"damage":18,"enemies":"Lagavulin","floor":10,"turns":8},{"damage":40,"enemies":"Slime Boss","floor":16,"turns":11}],"seed_played":"-5869324448539718314","potions_obtained":[{"floor":6,"key":"Energy Potion"},{"floor":10,"key":"SpeedPotion"}],"is_trial":false,"path_per_floor":["M","M","?","$","?","E","$","R","T","E","?","?","?","$","R","B"],"character_chosen":"THE_SILENT","items_purchased":["Dodge and Roll","Noxious Fumes"],"campfire_rested":1,"item_purchase_floors":[4,14],"current_hp_per_floor":[59,59,52,52,32,32,32,32,32,14,19,19,19,19,40,0],"gold":78,"neow_bonus":"THREE_ENEMY_KILL","is_prod":false,"is_daily":false,"chose_seed":false,"campfire_upgraded":1,"win_rate":0,"timestamp":1544115070,"path_taken":["M","?","?","$","?","E","?","R","T","E","?","?","?","$","R","BOSS"],"build_version":"2018-12-06","purchased_purges":1,"victory":false,"max_hp_per_floor":[66,66,66,66,66,66,66,66,66,66,71,71,71,71,71,71],"card_choices":[{"not_picked":["Bane","Distraction","Underhanded Strike"],"picked":"SKIP","floor":1},{"not_picked":["Finisher","Catalyst"],"picked":"Deadly Poison","floor":2},{"not_picked":["Predator","Calculated Gamble"],"picked":"Dodge and Roll","floor":6},{"not_picked":["Quick Slash","Night Terror"],"picked":"Caltrops","floor":10}],"player_experience":799734,"relics_obtained":[{"floor":6,"key":"MawBank"},{"floor":9,"key":"Orichalcum"},{"floor":10,"key":"Centennial Puzzle"}],"event_choices":[{"cards_removed":["Strike_G"],"damage_healed":0,"gold_gain":0,"player_choice":"Card Removal","damage_taken":7,"max_hp_gain":0,"max_hp_loss":0,"event_name":"Golden Wing","floor":3,"gold_loss":0},{"damage_healed":0,"gold_gain":0,"player_choice":"Entered Light","damage_taken":20,"max_hp_gain":0,"max_hp_loss":0,"event_name":"Shining Light","floor":5,"gold_loss":0,"cards_upgraded":["Strike_G","Defend_G"]},{"damage_healed":0,"gold_gain":0,"player_choice":"Donut","damage_taken":0,"max_hp_gain":5,"max_hp_loss":0,"event_name":"Big Fish","floor":11,"gold_loss":0},{"cards_removed":["Strike_G"],"damage_healed":0,"gold_gain":0,"player_choice":"Forget","damage_taken":0,"max_hp_gain":0,"max_hp_loss":0,"event_name":"Living Wall","floor":12,"gold_loss":0},{"damage_healed":0,"gold_gain":0,"player_choice":"1 cards matched","damage_taken":0,"max_hp_gain":0,"max_hp_loss":0,"event_name":"Match and Keep!","floor":13,"gold_loss":0,"cards_obtained":["Noxious Fumes"]}],"is_beta":true,"boss_relics":[],"items_purged_floors":[4],"is_endless":false,"potions_floor_spawned":[6,10],"killed_by":"Slime Boss","ascension_level":20}