{"gold_per_floor":[115,128,53,128,148,177,177,189,268,297,317,317,332,343,343,343],"floor_reached":16,"playtime":974,"items_purged":["Defend_G"],"score":114,"play_id":"a01320e5-9100-45cd-bcac-5bc9ed873e50","local_time":"20180706230623","is_ascension_mode":false,"campfire_choices":[{"floor":7.0,"key":"DIG"},{"floor":15,"key":"REST"}],"neow_cost":"NONE","seed_source_timestamp":10304805810704,"circlet_count":0,"master_deck":["Defend_G","Defend_G+1","Defend_G","Defend_G","Strike_G","Strike_G","Strike_G","Strike_G","Strike_G","Survivor","Neutralize","Night Terror","Dagger Throw","Venomology+1","Terror+1","All Out Attack","Heel Hook","Dagger Throw","Die Die Die"],"special_seed":0,"relics":["Ring of the Snake","Shovel","War Paint","Darkstone Periapt","Kunai"],"potions_floor_usage":[14,14,16],"damage_taken":[{"damage":0.0,"enemies":"Cultist","floor":1.0,"turns":4.0},{"damage":10.0,"enemies":"Small Slimes","floor":2.0,"turns":4.0},{"damage":2.0,"enemies":"Jaw Worm","floor":5.0,"turns":5.0},{"damage":24.0,"enemies":"Lagavulin","floor":6.0,"turns":8.0},{"damage":0.0,"enemies":"Large Slime","floor":8.0,"turns":4.0},{"damage":20.0,"enemies":"Gremlin Nob","floor":10.0,"turns":5.0},{"damage":0.0,"enemies":"Red Slaver","floor":11.0,"turns":3.0},{"damage":1.0,"enemies":"Looter","floor":13.0,"turns":2.0},{"damage":3,"enemies":"Lots of Slimes","floor":14,"turns":2},{"damage":30,"enemies":"Slime Boss","floor":16,"turns":7}],"seed_played":"-1135424435745855735","potions_obtained":[{"floor":8.0,"key":"Dexterity Potion"},{"floor":10.0,"key":"Energy Potion"},{"floor":14,"key":"LiquidBronze"}],"is_trial":false,"path_per_floor":["M","M","$","?","M","E","R","M","T","E","M","?","M","M","R"],"character_chosen":"THE_SILENT","items_purchased":[],"campfire_rested":1,"item_purchase_floors":[],"current_hp_per_floor":[70,60,60,49,47,23,23,23,23,3,3,3,2,4,25,0],"gold":343,"neow_bonus":"ONE_RANDOM_RARE_CARD","is_prod":false,"is_daily":false,"chose_seed":false,"campfire_upgraded":0,"win_rate":0,"timestamp":1530889583,"path_taken":["M","?","$","?","M","E","R","M","T","E","?","?","M","M","R","BOSS"],"build_version":"2018-07-05","purchased_purges":1,"victory":false,"max_hp_per_floor":[70,70,70,70,70,70,70,70,70,70,70,70,70,70,70,70],"card_choices":[{"not_picked":["Well Laid Plans","Poisoned Stab"],"picked":"Dagger Throw","floor":1.0},{"not_picked":["Bane","Infinite Blades"],"picked":"Venomology","floor":2.0},{"not_picked":["Footwork","PiercingWail","Expertise"],"picked":"SKIP","floor":5.0},{"not_picked":["PiercingWail","Slice"],"picked":"Terror","floor":6.0},{"not_picked":["Caltrops","Poisoned Stab"],"picked":"All Out Attack","floor":8.0},{"not_picked":["Blade Dance","Well Laid Plans"],"picked":"Heel Hook","floor":10.0},{"not_picked":["Endless Agony","Bane"],"picked":"Dagger Throw","floor":11.0},{"not_picked":["PiercingWail","Escape Plan","Deadly Poison"],"picked":"SKIP","floor":13.0},{"not_picked":["Cloak And Dagger","Slice"],"picked":"Die Die Die","floor":14}],"player_experience":86546,"relics_obtained":[{"floor":6.0,"key":"Shovel"},{"floor":7.0,"key":"War Paint"},{"floor":9.0,"key":"Darkstone Periapt"},{"floor":10.0,"key":"Kunai"}],"event_choices":[{"event_name":"World of Goop","player_choice":"Gather Gold","floor":4.0,"damage_taken":0.0},{"event_name":"Accursed Blacksmith","player_choice":"Forge","floor":12.0,"damage_taken":0.0}],"boss_relics":[],"items_purged_floors":[3],"is_endless":false,"potions_floor_spawned":[8,10,14],"killed_by":"Slime Boss","ascension_level":0}