{"gold_per_floor":[111,124,124,9,9,9,71,87,114,145,125,160,174,189,189,266,266,282,123,140,140,154,154,165,165],"floor_reached":25,"playtime":979,"items_purged":["Strike_G","Strike_G"],"score":484,"play_id":"da4ab3de-a5d0-4967-841c-c02a09f1efdd","local_time":"20181106231038","is_ascension_mode":true,"campfire_choices":[{"data":"Blade Dance","floor":6,"key":"SMITH"},{"floor":15,"key":"REST"}],"neow_cost":"NONE","seed_source_timestamp":304642568698650,"circlet_count":0,"master_deck":["AscendersBane","Defend_G","Defend_G","Defend_G","Defend_G","Defend_G","Strike_G","Strike_G","Strike_G","Survivor","Neutralize","Blade Dance+1","Blade Dance+1","Backstab","Finisher","Noxious Fumes","Venomology","After Image","Dodge and Roll+1","Blade Dance","Cloak And Dagger","Choke"],"relics":["Ring of the Serpent","NeowsBlessing","Tiny Chest","Ancient Tea Set","Peace Pipe","Kunai","Bottled Flame"],"potions_floor_usage":[12,16,16,20,21,21,24,24,25],"damage_taken":[{"damage":0,"enemies":"Jaw Worm","floor":1,"turns":1},{"damage":0,"enemies":"2 Louse","floor":2,"turns":1},{"damage":0,"enemies":"Lagavulin","floor":7,"turns":1},{"damage":0,"enemies":"Small Slimes","floor":8,"turns":2},{"damage":11,"enemies":"Gremlin Nob","floor":10,"turns":3},{"damage":12,"enemies":"Lagavulin","floor":12,"turns":5},{"damage":0,"enemies":"2 Fungi Beasts","floor":13,"turns":3},{"damage":0,"enemies":"Exordium Wildlife","floor":14,"turns":3},{"damage":32,"enemies":"The Guardian","floor":16,"turns":14},{"damage":4,"enemies":"3 Byrds","floor":18,"turns":5},{"damage":18,"enemies":"Shell Parasite","floor":20,"turns":5},{"damage":0,"enemies":"Masked Bandits","floor":21,"turns":2},{"damage":15,"enemies":"Snecko","floor":22,"turns":8},{"damage":17,"enemies":"Cultist and Chosen","floor":24,"turns":11},{"damage":10,"enemies":"Gremlin Leader","floor":25,"turns":4}],"seed_played":"-4938397456577080673","potions_obtained":[{"floor":2,"key":"Energy Potion"},{"floor":8,"key":"Explosive Potion"},{"floor":13,"key":"Fire Potion"},{"floor":14,"key":"AttackPotion"},{"floor":24,"key":"LiquidBronze"}],"is_trial":false,"path_per_floor":["M","M","?","$","?","R","E","M","T","E","?","E","M","M","R","B",null,"M","$","M","?","M","T","M","E"],"character_chosen":"THE_SILENT","items_purchased":["Backstab","Blade Dance"],"campfire_rested":1,"item_purchase_floors":[4,19],"current_hp_per_floor":[59,59,59,59,59,59,59,59,59,48,48,36,36,36,55,23,55,51,51,33,33,18,18,1,0],"gold":165,"neow_bonus":"THREE_ENEMY_KILL","is_prod":false,"is_daily":false,"chose_seed":false,"campfire_upgraded":1,"win_rate":0,"timestamp":1541542238,"path_taken":["M","M","?","$","?","R","E","M","T","E","?","E","?","M","R","BOSS","M","$","M","?","M","?","M","E"],"build_version":"2018-11-05","purchased_purges":2,"victory":false,"max_hp_per_floor":[66,66,66,66,66,66,66,66,66,66,66,66,66,66,66,66,66,66,66,66,66,66,66,66,66],"card_choices":[{"not_picked":["Accuracy","Riddle With Holes"],"picked":"Blade Dance","floor":1},{"not_picked":["Dagger Throw","Acrobatics"],"picked":"Blade Dance","floor":2},{"not_picked":["Choke","Concentrate"],"picked":"Finisher","floor":7},{"not_picked":["Deflect","Prepared","Dagger Throw"],"picked":"SKIP","floor":8},{"not_picked":["Reflex","Deflect","Sucker Punch"],"picked":"SKIP","floor":10},{"not_picked":["Poisoned Stab","Distraction","Riddle With Holes"],"picked":"SKIP","floor":12},{"not_picked":["Skewer","Slice"],"picked":"Noxious Fumes","floor":13},{"not_picked":["Eviscerate","Dagger Throw"],"picked":"Venomology","floor":14},{"not_picked":["Night Terror","Venomology"],"picked":"After Image","floor":16},{"not_picked":["Blade Dance","Concentrate+1"],"picked":"Dodge and Roll+1","floor":18},{"not_picked":["Backstab","Heel Hook","Poisoned Stab"],"picked":"SKIP","floor":20},{"not_picked":["Prepared","Slice"],"picked":"Cloak And Dagger","floor":22},{"not_picked":["Slice+1","Deadly Poison"],"picked":"Choke","floor":24}],"player_experience":751566,"relics_obtained":[{"floor":7,"key":"Tiny Chest"},{"floor":9,"key":"Ancient Tea Set"},{"floor":10,"key":"Peace Pipe"},{"floor":12,"key":"Kunai"},{"floor":23,"key":"Bottled Flame"}],"event_choices":[{"damage_healed":0,"gold_gain":0,"player_choice":"Grow","damage_taken":0,"max_hp_gain":0,"max_hp_loss":0,"event_name":"Living Wall","floor":3,"gold_loss":0,"cards_upgraded":["Blade Dance"]},{"damage_healed":0,"gold_gain":0,"player_choice":"Ignored","damage_taken":0,"max_hp_gain":0,"max_hp_loss":0,"event_name":"Liars Game","floor":5,"gold_loss":0},{"damage_healed":0,"gold_gain":0,"player_choice":"Bought 1 Potion","damage_taken":0,"max_hp_gain":0,"max_hp_loss":0,"event_name":"The Woman in Blue","floor":11,"gold_loss":0},{"damage_healed":0,"gold_gain":0,"player_choice":"Fought Bandits","damage_taken":0,"max_hp_gain":0,"max_hp_loss":0,"event_name":"Masked Bandits","floor":21,"gold_loss":0}],"is_beta":true,"boss_relics":[{"not_picked":["Coffee Dripper","Pandora\u0027s Box"],"picked":"Ring of the Serpent"}],"items_purged_floors":[4,19],"is_endless":false,"potions_floor_spawned":[2,8,13,14,20,24],"killed_by":"Gremlin Leader","ascension_level":19}