{"gold_per_floor":[119,129,141,158,174,208,208,226,226,240,240,29,40,53,53,152,152,167,19,19,37,37,72,72,72,72,72,72,83,83,99,99,99],"floor_reached":33,"playtime":2586,"items_purged":["Normality"],"score":418,"play_id":"2615ea5f-60e3-4d55-8b59-ed158afb0abd","local_time":"20180727211447","is_ascension_mode":true,"campfire_choices":[{"data":"White Noise","floor":7,"key":"SMITH"},{"floor":15,"key":"REST"},{"floor":24,"key":"REST"},{"data":"White Noise","floor":30,"key":"SMITH"},{"data":"Self Repair","floor":32,"key":"SMITH"}],"neow_cost":"NONE","seed_source_timestamp":36930324318965,"circlet_count":0,"master_deck":["Defend_B+1","Defend_B+1","Defend_B+1","Defend_B+1","Zap","Dualcast","Streamline","Conserve Battery","White Noise+1","Steam","Gash","Beam Cell","Self Repair+1","White Noise+1","Go for the Eyes","Conserve Battery","Go for the Eyes","All For One","Amplify","Doubt","Doubt","Cold Snap","Conserve Battery","Cold Snap","Go for the Eyes","Cold Snap","Bite","Bite","Bite","Bite","Bite","Gash"],"relics":["Cracked Core","Kunai","Singing Bowl","GremlinMask","Calling Bell","Potion Belt","Letter Opener","Gambling Chip","Oddly Smooth Stone","Orichalcum"],"potions_floor_usage":[5,6,14,23,23,29,33],"damage_taken":[{"damage":2,"enemies":"2 Louse","floor":1,"turns":2},{"damage":1,"enemies":"Cultist","floor":2,"turns":3},{"damage":7,"enemies":"Jaw Worm","floor":3,"turns":2},{"damage":5,"enemies":"Gremlin Gang","floor":4,"turns":6},{"damage":12,"enemies":"Exordium Thugs","floor":5,"turns":3},{"damage":46,"enemies":"3 Sentries","floor":6,"turns":10},{"damage":13,"enemies":"Exordium Wildlife","floor":8,"turns":7},{"damage":1,"enemies":"Large Slime","floor":10,"turns":4},{"damage":0,"enemies":"3 Louse","floor":13,"turns":1},{"damage":1,"enemies":"Looter","floor":14,"turns":3},{"damage":11,"enemies":"The Guardian","floor":16,"turns":10},{"damage":3,"enemies":"Chosen","floor":18,"turns":5},{"damage":15,"enemies":"Spheric Guardian","floor":21,"turns":6},{"damage":36,"enemies":"Slavers","floor":23,"turns":7},{"damage":11,"enemies":"Centurion and Healer","floor":29,"turns":9},{"damage":27,"enemies":"Snake Plant","floor":31,"turns":7},{"damage":81,"enemies":"Champ","floor":33,"turns":17}],"seed_played":"7355636117130703061","potions_obtained":[{"floor":1,"key":"Regen Potion"},{"floor":3,"key":"PowerPotion"},{"floor":8,"key":"Weak Potion"},{"floor":14,"key":"Explosive Potion"},{"floor":16,"key":"Swift Potion"},{"floor":23,"key":"Swift Potion"},{"floor":31,"key":"Dexterity Potion"}],"is_trial":false,"path_per_floor":["M","M","M","M","M","E","R","M","T","M","?","$","M","M","R","B",null,"M","$","?","M","?","E","R","?","T","?","?","M","R","M","R"],"character_chosen":"DEFECT","items_purchased":["Self Repair","White Noise","Go for the Eyes","Conserve Battery","Conserve Battery","Cold Snap"],"campfire_rested":2,"item_purchase_floors":[12,12,12,12,19,19],"current_hp_per_floor":[73,72,65,60,48,17,17,4,4,3,3,3,3,9,33,22,67,71,71,71,63,47,11,37,37,37,37,37,47,47,45,45,0],"gold":99,"neow_bonus":"TEN_PERCENT_HP_BONUS","is_prod":false,"is_daily":false,"chose_seed":false,"campfire_upgraded":3,"win_rate":0,"timestamp":1532718887,"path_taken":["M","M","M","M","M","E","R","M","T","M","?","$","M","?","R","BOSS","M","$","?","M","?","E","R","?","T","?","?","M","R","M","R","BOSS"],"build_version":"2018-07-26","purchased_purges":1,"victory":false,"max_hp_per_floor":[82,82,82,82,82,82,82,82,82,82,82,82,82,82,82,82,82,82,82,82,82,87,87,87,87,87,87,60,60,60,62,62,62],"card_choices":[{"not_picked":["Hello World","Compile Driver","Genetic Algorithm"],"picked":"SKIP","floor":1},{"not_picked":["Melter","Compile Driver"],"picked":"Streamline","floor":2},{"not_picked":["Barrage","Compile Driver","Lockon"],"picked":"SKIP","floor":3},{"not_picked":["Streamline","Barrage"],"picked":"Conserve Battery","floor":4},{"not_picked":["Hello World","Coolheaded"],"picked":"White Noise","floor":5},{"not_picked":["Darkness","Stack"],"picked":"Steam","floor":6},{"not_picked":["Heatsinks","Hologram"],"picked":"Gash","floor":8},{"not_picked":["Stack","Steam Power"],"picked":"Beam Cell","floor":10},{"not_picked":["Redo","Stack"],"picked":"Go for the Eyes","floor":13},{"not_picked":["Lockon","Loop"],"picked":"All For One","floor":14},{"not_picked":["Fission","Meteor Strike"],"picked":"Amplify","floor":16},{"not_picked":["Scrape","Undo"],"picked":"Cold Snap","floor":18},{"not_picked":["Compile Driver","Sweeping Beam"],"picked":"Go for the Eyes","floor":21},{"not_picked":["Multi-Cast","Barrage"],"picked":"Cold Snap","floor":23},{"not_picked":["Barrage","Ball Lightning"],"picked":"Gash","floor":29},{"not_picked":["Amplify","Coolheaded","Rebound"],"picked":"Singing Bowl","floor":31}],"player_experience":446384,"relics_obtained":[{"floor":6,"key":"Kunai"},{"floor":9,"key":"Singing Bowl"},{"floor":17,"key":"Potion Belt"},{"floor":17,"key":"Letter Opener"},{"floor":17,"key":"Gambling Chip"},{"floor":23,"key":"Oddly Smooth Stone"},{"floor":26,"key":"Orichalcum"}],"event_choices":[{"event_name":"FaceTrader","player_choice":"Trade","floor":11,"damage_taken":0},{"event_name":"Back to Basics","player_choice":"Simplicity","floor":20,"damage_taken":0},{"event_name":"Forgotten Altar","player_choice":"Shed Blood","floor":22,"damage_taken":0},{"event_name":"Drug Dealer","player_choice":"Ignored","floor":25,"damage_taken":0},{"event_name":"Cursed Tome","player_choice":"Ignored","floor":27,"damage_taken":0},{"event_name":"Vampires","player_choice":"Became a vampire","floor":28,"damage_taken":0}],"is_beta":true,"boss_relics":[{"not_picked":["Runic Dome","Black Star"],"picked":"Calling Bell"}],"items_purged_floors":[19],"is_endless":false,"potions_floor_spawned":[1,3,8,14,16,23,31],"killed_by":"Champ","ascension_level":9}