{"path_per_floor":["M","?","M","M","M","E","R","?","T","R","M","M","R","M","R","B",null,"M","$","?","M","M"],"character_chosen":"DEFECT","items_purchased":["Torii","Go for the Eyes"],"gold_per_floor":[118,191,208,225,245,273,273,273,297,297,312,323,323,333,333,428,428,439,3,3,22,32,32],"floor_reached":23,"campfire_rested":0,"playtime":988,"current_hp_per_floor":[73,73,72,65,62,42,42,42,42,42,31,38,38,32,32,42,75,75,75,75,75,55,0],"items_purged":["Defend_B"],"gold":32,"score":294,"play_id":"b253532c-8f48-4451-b563-9e934ed43410","local_time":"20180509211349","is_prod":false,"is_daily":false,"chose_seed":false,"is_ascension_mode":true,"campfire_upgraded":4,"timestamp":1525893229,"path_taken":["M","?","M","M","M","E","R","?","T","R","?","M","R","M","R","BOSS","M","$","?","M","M","E"],"build_version":"2018-05-08","seed_source_timestamp":25658097228376,"purchased_purges":1,"victory":false,"master_deck":["Strike_B","Strike_B+1","Strike_B+1","Strike_B","Defend_B","Defend_B","Zap+1","Dualcast","Streamline+1","Static Discharge","Go for the Eyes+1","Capacitor","Ball Lightning","Self Repair+1","Go for the Eyes","Leap","Echo Form","Cold Snap","Go for the Eyes","Capacitor+1","BootSequence"],"max_hp_per_floor":[75,75,75,75,75,75,75,75,75,75,75,75,75,75,75,75,75,75,75,75,75,75,75],"relics":["Cracked Core","Happy Flower","Whetstone","Black Star","Torii"],"card_choices":[{"not_picked":["Axe Kick","Turbo"],"picked":"Streamline","floor":1},{"not_picked":["Coolheaded","Chill"],"picked":"Static Discharge","floor":3},{"not_picked":["Chill","Aggregate"],"picked":"Go for the Eyes","floor":4},{"not_picked":["Leap","Redo"],"picked":"Capacitor","floor":5},{"not_picked":["Rainbow","Scrape"],"picked":"Ball Lightning","floor":6},{"not_picked":["Barrage","Leap"],"picked":"Self Repair","floor":11},{"not_picked":["Coolheaded","Double Energy"],"picked":"Go for the Eyes","floor":12},{"not_picked":["Genetic Algorithm","Chaos"],"picked":"Leap","floor":14},{"not_picked":["Rainbow","Machine Learning"],"picked":"Echo Form","floor":16},{"not_picked":["Undo","Hello World"],"picked":"Cold Snap","floor":18},{"not_picked":["Darkness","Barrage"],"picked":"Capacitor","floor":21},{"not_picked":["Barrage","Rip and Tear"],"picked":"BootSequence","floor":22}],"player_experience":109765,"potions_floor_usage":[6,18,18,21],"damage_taken":[{"damage":2,"enemies":"Jaw Worm","floor":1,"turns":3},{"damage":1,"enemies":"Cultist","floor":3,"turns":3},{"damage":7,"enemies":"Small Slimes","floor":4,"turns":3},{"damage":3,"enemies":"Exordium Thugs","floor":5,"turns":4},{"damage":20,"enemies":"Lagavulin","floor":6,"turns":7},{"damage":11,"enemies":"3 Louse","floor":11,"turns":2},{"damage":0,"enemies":"2 Fungi Beasts","floor":12,"turns":2},{"damage":6,"enemies":"Lots of Slimes","floor":14,"turns":2},{"damage":0,"enemies":"Slime Boss","floor":16,"turns":8},{"damage":15,"enemies":"Chosen","floor":18,"turns":6},{"damage":0,"enemies":"Spheric Guardian","floor":21,"turns":3},{"damage":20,"enemies":"Centurion and Healer","floor":22,"turns":6},{"damage":58,"enemies":"Book of Stabbing","floor":23,"turns":5}],"event_choices":[{"event_name":"Golden Wing","player_choice":"Gained Gold","floor":2,"damage_taken":0},{"event_name":"Bonfire Elementals","player_choice":"BASIC","floor":8,"damage_taken":0},{"event_name":"Addict","player_choice":"Ignored","floor":20,"damage_taken":0}],"boss_relics":[{"not_picked":["Runic Dome","Eternal Feather"],"picked":"Black Star"}],"potions_floor_spawned":[5,6,11,14,16,18],"seed_played":"3850277207487969670","killed_by":"Book of Stabbing","ascension_level":4,"is_trial":false}