{"gold_per_floor":[114,5,80,93,108,139,158,193,247,247,261,261,278,290,290,392,392,403,419,430,85,108,120,157,169,181,224,250,262,274,286,298,310],"floor_reached":33,"playtime":2346,"items_purged":["Pain","Strike_R"],"score":322,"play_id":"d0e7502a-fe6b-4908-96f9-d29c1efae395","local_time":"20181015213830","is_ascension_mode":false,"campfire_choices":[{"data":"Armaments","floor":10,"key":"SMITH"},{"data":"Feed","floor":12,"key":"SMITH"},{"data":"Metallicize","floor":15,"key":"SMITH"},{"data":"Berserk","floor":23,"key":"SMITH"},{"data":"Thunderclap","floor":29,"key":"SMITH"},{"data":"Iron Wave","floor":32,"key":"SMITH"}],"neow_cost":"CURSE","seed_source_timestamp":5114987729710,"circlet_count":0,"master_deck":["Strike_R","Strike_R","Strike_R","Strike_R","Defend_R","Defend_R","Defend_R","Defend_R","Bash","Thunderclap+1","Flame Barrier","Ghostly Armor","Metallicize+1","Cleave","Armaments+1","Feed+1","Iron Wave","Iron Wave+1","Berserk+1","Clothesline+1","Necronomicurse"],"relics":["Burning Blood","Calipers","Happy Flower","Bronze Scales","Tiny Chest","Snecko Eye","Singing Bowl","MawBank","Regal Pillow","Question Card","Ancient Tea Set","Necronomicon"],"potions_floor_usage":[16,18,20,27,33],"damage_taken":[{"damage":7,"enemies":"2 Louse","floor":1,"turns":4},{"damage":10,"enemies":"Cultist","floor":4,"turns":4},{"damage":0,"enemies":"Small Slimes","floor":5,"turns":4},{"damage":36,"enemies":"Gremlin Nob","floor":6,"turns":7},{"damage":3,"enemies":"Red Slaver","floor":7,"turns":4},{"damage":14,"enemies":"3 Sentries","floor":8,"turns":6},{"damage":0,"enemies":"Blue Slaver","floor":11,"turns":5},{"damage":5,"enemies":"Exordium Thugs","floor":13,"turns":4},{"damage":0,"enemies":"Large Slime","floor":14,"turns":5},{"damage":34,"enemies":"Hexaghost","floor":16,"turns":11},{"damage":0,"enemies":"2 Thieves","floor":18,"turns":4},{"damage":7,"enemies":"Spheric Guardian","floor":19,"turns":6},{"damage":11,"enemies":"3 Cultists","floor":20,"turns":4},{"damage":45,"enemies":"Slavers","floor":24,"turns":6},{"damage":5,"enemies":"Gremlin Leader","floor":27,"turns":6},{"damage":0,"enemies":"Snecko","floor":28,"turns":4},{"damage":66,"enemies":"Automaton","floor":33,"turns":12}],"seed_played":"8169673086651882287","potions_obtained":[{"floor":6,"key":"Strength Potion"},{"floor":8,"key":"Ancient Potion"},{"floor":13,"key":"SneckoOil"},{"floor":14,"key":"SteroidPotion"},{"floor":18,"key":"Regen Potion"},{"floor":19,"key":"AttackPotion"},{"floor":24,"key":"Energy Potion"},{"floor":25,"key":"FairyPotion"},{"floor":27,"key":"GamblersBrew"}],"is_trial":false,"path_per_floor":["M","$","?","M","M","E","M","E","T","R","M","R","M","M","R","B",null,"M","M","M","$","T","R","E","?","T","E","M","R","?","?","R"],"character_chosen":"IRONCLAD","items_purchased":["Flame Barrier","Singing Bowl"],"campfire_rested":0,"item_purchase_floors":[2,21],"current_hp_per_floor":[79,79,68,64,70,40,43,35,35,35,41,41,46,56,56,28,88,92,91,86,86,86,86,53,53,53,60,68,68,52,52,52,0],"gold":310,"neow_bonus":"ONE_RARE_RELIC","is_prod":false,"is_daily":false,"chose_seed":false,"campfire_upgraded":6,"win_rate":0,"timestamp":1539610710,"path_taken":["M","$","?","M","M","E","M","E","T","R","?","R","M","M","R","BOSS","M","M","M","$","?","R","E","?","T","E","?","R","?","?","R","BOSS"],"build_version":"2018-10-11","purchased_purges":2,"victory":false,"max_hp_per_floor":[80,80,80,80,80,80,80,80,80,80,80,80,84,88,88,88,88,92,92,92,92,92,92,98,98,98,104,106,106,106,106,106,106],"card_choices":[{"not_picked":["Pommel Strike","Power Through"],"picked":"Thunderclap","floor":1},{"not_picked":["True Grit","Havoc"],"picked":"Ghostly Armor","floor":4},{"not_picked":["Anger","Feel No Pain"],"picked":"Metallicize","floor":5},{"not_picked":["Pommel Strike","Headbutt"],"picked":"Cleave","floor":6},{"not_picked":["Reckless Charge","Uppercut","Dual Wield"],"picked":"SKIP","floor":7},{"not_picked":["Corruption","Cleave"],"picked":"Armaments","floor":8},{"not_picked":["Armaments","Clothesline"],"picked":"Feed","floor":11},{"not_picked":["Shrug It Off","Rage"],"picked":"Iron Wave","floor":13},{"not_picked":["Sever Soul","Reckless Charge"],"picked":"Iron Wave","floor":14},{"not_picked":["Reaper","Fiend Fire"],"picked":"Berserk","floor":16},{"not_picked":["Anger","Havoc+1","Headbutt"],"picked":"SKIP","floor":18},{"not_picked":["Pommel Strike","Warcry"],"picked":"Clothesline+1","floor":19},{"not_picked":["Fire Breathing","Thunderclap+1","Ghostly Armor"],"picked":"SKIP","floor":20},{"not_picked":["Headbutt+1","Pummel","Second Wind"],"picked":"Singing Bowl","floor":24},{"not_picked":["Thunderclap","Body Slam","Anger","Wild Strike"],"picked":"Singing Bowl","floor":27},{"not_picked":["Anger","Clash","Thunderclap","Combust+1"],"picked":"Singing Bowl","floor":28}],"player_experience":332224,"relics_obtained":[{"floor":6,"key":"Happy Flower"},{"floor":8,"key":"Bronze Scales"},{"floor":9,"key":"Tiny Chest"},{"floor":22,"key":"MawBank"},{"floor":24,"key":"Regal Pillow"},{"floor":26,"key":"Question Card"},{"floor":27,"key":"Ancient Tea Set"},{"floor":30,"key":"Necronomicon"}],"event_choices":[{"event_name":"World of Goop","player_choice":"Gather Gold","floor":3,"damage_taken":0},{"event_name":"The Lab","player_choice":"Got Potions","floor":25,"damage_taken":0},{"event_name":"Cursed Tome","player_choice":"Obtained Book","floor":30,"damage_taken":0},{"event_name":"The Woman in Blue","player_choice":"Bought 0 Potions","floor":31,"damage_taken":0}],"is_beta":false,"boss_relics":[{"not_picked":["White Beast Statue","Runic Dome"],"picked":"Snecko Eye"}],"items_purged_floors":[2,21],"is_endless":false,"potions_floor_spawned":[6,8,13,14,18,19,24,27],"killed_by":"Automaton","ascension_level":0}