{"gold_per_floor":[118,4,4,22,42,42,69,69,94,106,106,49,66,66,66,66],"floor_reached":16,"playtime":238,"items_purged":["Strike_R"],"score":225,"play_id":"1cb89c88-80ad-4f73-b7ec-4ddda201b8e0","local_time":"20190514202105","is_ascension_mode":true,"campfire_choices":[{"data":"Body Slam","floor":6,"key":"SMITH"},{"data":"Body Slam","floor":8,"key":"SMITH"},{"data":"Body Slam","floor":15,"key":"SMITH"}],"neow_cost":"NONE","seed_source_timestamp":291390092540826,"circlet_count":0,"master_deck":["AscendersBane","Strike_R","Strike_R","Strike_R","Strike_R","Defend_R","Defend_R","Defend_R","Defend_R","Bash","Body Slam+1","Ghostly Armor","Body Slam+1","Body Slam+1","Body Slam","Armaments"],"relics":["Burning Blood","NeowsBlessing","Blood Vial","Strawberry","FaceOfCleric"],"potions_floor_usage":[7,10],"damage_taken":[{"damage":0,"enemies":"Jaw Worm","floor":1,"turns":1},{"damage":0,"enemies":"Cultist","floor":4,"turns":1},{"damage":0,"enemies":"2 Louse","floor":5,"turns":1},{"damage":29,"enemies":"Gremlin Nob","floor":7,"turns":4},{"damage":7,"enemies":"Gremlin Gang","floor":10,"turns":5},{"damage":1,"enemies":"Looter","floor":13,"turns":2},{"damage":0,"enemies":"The Guardian","floor":16,"turns":5}],"seed_played":"-9026655470767856179","potions_obtained":[{"floor":4,"key":"Poison Potion"},{"floor":7,"key":"PowerPotion"},{"floor":10,"key":"Explosive Potion"}],"is_trial":false,"path_per_floor":["M","$","?","M","M","R","E","R","T","M","?","$","M","?","R","B"],"character_chosen":"IRONCLAD","items_purchased":["Ghostly Armor","Body Slam"],"campfire_rested":0,"item_purchase_floors":[2,12],"current_hp_per_floor":[74,74,74,75,75,75,52,52,59,60,60,60,67,67,67,69],"gold":66,"neow_bonus":"THREE_ENEMY_KILL","is_prod":false,"is_daily":false,"chose_seed":false,"campfire_upgraded":3,"win_rate":0,"timestamp":1557858065,"path_taken":["M","$","?","?","M","R","E","R","T","M","?","?","M","?","R","BOSS"],"build_version":"2019-01-23","purchased_purges":1,"victory":false,"max_hp_per_floor":[75,75,75,75,75,75,75,75,82,82,82,82,82,82,82,82],"card_choices":[{"not_picked":["Twin Strike","Pummel"],"picked":"Body Slam","floor":1},{"not_picked":["Pommel Strike","Hemokinesis","Clash"],"picked":"SKIP","floor":4},{"not_picked":["Ghostly Armor","Perfected Strike","Fire Breathing"],"picked":"SKIP","floor":5},{"not_picked":["Disarm","Rampage"],"picked":"Body Slam","floor":7},{"not_picked":["True Grit","Havoc"],"picked":"Body Slam","floor":10},{"not_picked":["Heavy Blade","Searing Blow"],"picked":"Armaments","floor":13}],"player_experience":879368,"relics_obtained":[{"floor":7,"key":"Blood Vial"},{"floor":9,"key":"Strawberry"}],"event_choices":[{"damage_healed":0,"gold_gain":0,"player_choice":"Ignored","damage_taken":0,"max_hp_gain":0,"max_hp_loss":0,"event_name":"WeMeetAgain","floor":3,"gold_loss":0},{"damage_healed":0,"gold_gain":0,"player_choice":"Ignored","damage_taken":0,"max_hp_gain":0,"max_hp_loss":0,"event_name":"Liars Game","floor":11,"gold_loss":0},{"damage_healed":0,"gold_gain":0,"player_choice":"Trade","damage_taken":0,"relics_obtained":["FaceOfCleric"],"max_hp_gain":0,"max_hp_loss":0,"event_name":"FaceTrader","floor":14,"gold_loss":0}],"is_beta":false,"boss_relics":[],"items_purged_floors":[2],"is_endless":false,"potions_floor_spawned":[4,7,10],"killed_by":"The Guardian","ascension_level":20}