{"gold_per_floor":[111,131,141,153,166,201,201,201,201,226,226,246,246,259,259,259],"floor_reached":16,"playtime":963,"items_purged":[],"score":106,"play_id":"58688e5a-683e-4913-b218-422d0d05bdcd","local_time":"20190923003648","is_ascension_mode":false,"campfire_choices":[{"data":"Eruption","floor":7,"key":"SMITH"},{"data":"Wireheading","floor":13,"key":"SMITH"},{"data":"JustLucky","floor":15,"key":"SMITH"}],"neow_cost":"NONE","seed_source_timestamp":33193651934179,"circlet_count":0,"master_deck":["Strike_P","Strike_P","Strike_P","Strike_P","Defend_P","Defend_P","Defend_P","Eruption+1","Vigilance","FlurryOfBlows","Wireheading+1","ThirdEye","Vengeance","Injury","BowlingBash","Pray","JustLucky+1","Consecrate"],"special_seed":0,"relics":["PureWater","Blood Vial","White Beast Statue","Golden Idol","Smiling Mask"],"potions_floor_usage":[5,6,10,16,16,16],"damage_taken":[{"damage":0.0,"enemies":"Cultist","floor":1.0,"turns":2.0},{"damage":0.0,"enemies":"Small Slimes","floor":2.0,"turns":3.0},{"damage":0.0,"enemies":"2 Louse","floor":3.0,"turns":4.0},{"damage":2,"enemies":"Looter","floor":4,"turns":4},{"damage":0,"enemies":"Gremlin Gang","floor":5,"turns":3},{"damage":26,"enemies":"Lagavulin","floor":6,"turns":6},{"damage":0,"enemies":"Exordium Thugs","floor":10,"turns":4},{"damage":6,"enemies":"Blue Slaver","floor":12,"turns":4},{"damage":2,"enemies":"Looter","floor":14,"turns":2},{"damage":46,"enemies":"Hexaghost","floor":16,"turns":9}],"seed_played":"8054817659247596553","potions_obtained":[{"floor":1.0,"key":"SkillPotion"},{"floor":4,"key":"SpeedPotion"},{"floor":5,"key":"Swift Potion"},{"floor":10,"key":"Fire Potion"},{"floor":12,"key":"Block Potion"},{"floor":14,"key":"GamblersBrew"}],"is_trial":false,"path_per_floor":["M","M","M","M","M","E","R","?","T","M","?","M","R","M","R","B"],"character_chosen":"WATCHER","items_purchased":[],"campfire_rested":0,"item_purchase_floors":[],"current_hp_per_floor":[65,65,65,63,65,39,39,39,39,41,41,37,37,37,37,0],"gold":259,"neow_bonus":"RANDOM_COMMON_RELIC","is_prod":false,"is_daily":false,"chose_seed":false,"campfire_upgraded":3,"win_rate":0,"timestamp":1569166608,"path_taken":["M","M","?","?","M","E","R","?","T","M","?","?","R","M","R","BOSS"],"build_version":"2019-09-20","purchased_purges":0,"victory":false,"max_hp_per_floor":[65,65,65,65,65,65,65,65,65,65,65,65,65,65,65,65],"card_choices":[{"not_picked":["Devotion","MentalFortress"],"picked":"FlurryOfBlows","floor":1.0},{"not_picked":["Prostrate","Sanctity","SashWhip"],"picked":"SKIP","floor":2.0},{"not_picked":["SashWhip","Consecrate","Establishment"],"picked":"SKIP","floor":3.0},{"not_picked":["Consecrate","FollowUp"],"picked":"Wireheading","floor":4},{"not_picked":["Consecrate","Fasting"],"picked":"ThirdEye","floor":5},{"not_picked":["Swivel","Alpha"],"picked":"Vengeance","floor":6},{"not_picked":["SashWhip","Protect"],"picked":"BowlingBash","floor":10},{"not_picked":["Crescendo","Establishment"],"picked":"JustLucky","floor":12},{"not_picked":["WreathOfFlame","BowlingBash"],"picked":"Consecrate","floor":14}],"player_experience":518241,"relics_obtained":[{"floor":6,"key":"White Beast Statue"},{"floor":9,"key":"Smiling Mask"}],"event_choices":[{"damage_healed":0,"gold_gain":0,"player_choice":"Take Wound","damage_taken":0,"relics_obtained":["Golden Idol"],"max_hp_gain":0,"max_hp_loss":0,"event_name":"Golden Idol","floor":8,"gold_loss":0,"cards_obtained":["Injury"]},{"damage_healed":0,"gold_gain":0,"cards_transformed":["Defend_P"],"player_choice":"Transformed","damage_taken":0,"max_hp_gain":0,"max_hp_loss":0,"event_name":"Transmorgrifier","floor":11,"gold_loss":0,"cards_obtained":["Pray"]}],"is_beta":true,"boss_relics":[],"items_purged_floors":[],"is_endless":false,"potions_floor_spawned":[1,4,5,10,12,14],"killed_by":"Hexaghost","ascension_level":0}