{"gold_per_floor":[109,34,34,50,125,153,153,186,186,186,201,38,64,76,88,100],"floor_reached":16,"playtime":316,"items_purged":[],"score":275,"play_id":"46679e74-50be-4040-94e8-2ac392dd7ffc","local_time":"20181101112323","is_ascension_mode":true,"campfire_choices":[{"data":"Sweeping Beam","floor":7,"key":"SMITH"},{"floor":15,"key":"REST"}],"neow_cost":"NONE","seed_source_timestamp":350598245486859,"circlet_count":0,"master_deck":["AscendersBane","Strike_B","Strike_B","Strike_B","Defend_B","Defend_B","Defend_B","Defend_B","Zap+1","Dualcast","Sweeping Beam+1","Ball Lightning","Coolheaded","Self Repair","Steam","Glacier"],"relics":["Cracked Core","NeowsBlessing","Darkstone Periapt","Orichalcum","Question Card","Omamori","MawBank","WarpedTongs"],"potions_floor_usage":[8,13,16],"damage_taken":[{"damage":0,"enemies":"2 Louse","floor":1,"turns":1},{"damage":0,"enemies":"Small Slimes","floor":4,"turns":1},{"damage":0,"enemies":"Gremlin Nob","floor":6,"turns":1},{"damage":16,"enemies":"3 Sentries","floor":8,"turns":5},{"damage":4,"enemies":"Jaw Worm","floor":11,"turns":3},{"damage":28,"enemies":"Lagavulin","floor":13,"turns":8},{"damage":35,"enemies":"Hexaghost","floor":16,"turns":9}],"seed_played":"-6296415235497054163","potions_obtained":[{"floor":4,"key":"Fire Potion"},{"floor":8,"key":"Energy Potion"},{"floor":13,"key":"PowerPotion"}],"is_trial":false,"path_per_floor":["M","?","?","M","?","E","R","E","T","?","M","$","E","?","R","B"],"character_chosen":"DEFECT","items_purchased":["Omamori"],"campfire_rested":1,"item_purchase_floors":[12],"current_hp_per_floor":[64,64,64,64,53,53,53,37,37,27,30,30,9,9,30,0],"gold":100,"neow_bonus":"THREE_ENEMY_KILL","is_prod":false,"is_daily":false,"chose_seed":false,"campfire_upgraded":1,"win_rate":0,"timestamp":1541067803,"path_taken":["M","?","?","?","?","E","R","E","T","?","?","$","E","?","R","BOSS"],"build_version":"2018-10-31v2","purchased_purges":0,"victory":false,"max_hp_per_floor":[71,71,71,71,71,71,71,71,71,71,71,71,71,71,71,71],"card_choices":[{"not_picked":["Rebound","Cold Snap"],"picked":"Sweeping Beam","floor":1},{"not_picked":["Sweeping Beam","Lockon"],"picked":"Ball Lightning","floor":4},{"not_picked":["Steam Power","Go for the Eyes"],"picked":"Coolheaded","floor":6},{"not_picked":["Fusion","Ball Lightning"],"picked":"Self Repair","floor":8},{"not_picked":["Turbo","Hologram","FTL"],"picked":"Steam","floor":11},{"not_picked":["Skim","Go for the Eyes","Undo"],"picked":"Glacier","floor":13}],"player_experience":732231,"relics_obtained":[{"floor":6,"key":"Darkstone Periapt"},{"floor":8,"key":"Orichalcum"},{"floor":9,"key":"Question Card"},{"floor":13,"key":"MawBank"}],"event_choices":[{"cards_removed":["Strike_B"],"damage_healed":0,"gold_gain":0,"player_choice":"Card Removal","damage_taken":0,"max_hp_gain":0,"max_hp_loss":0,"event_name":"The Cleric","floor":2,"gold_loss":75},{"damage_healed":0,"gold_gain":0,"player_choice":"Grow","damage_taken":0,"max_hp_gain":0,"max_hp_loss":0,"event_name":"Living Wall","floor":3,"gold_loss":0,"cards_upgraded":["Zap"]},{"damage_healed":0,"gold_gain":75,"player_choice":"Gather Gold","damage_taken":11,"max_hp_gain":0,"max_hp_loss":0,"event_name":"World of Goop","floor":5,"gold_loss":0},{"damage_healed":0,"gold_gain":0,"player_choice":"Damaged","damage_taken":10,"max_hp_gain":0,"max_hp_loss":0,"event_name":"Wheel of Change","floor":10,"gold_loss":0},{"damage_healed":0,"gold_gain":0,"player_choice":"Rummage","damage_taken":0,"relics_obtained":["WarpedTongs"],"max_hp_gain":0,"max_hp_loss":0,"event_name":"Accursed Blacksmith","floor":14,"gold_loss":0,"cards_obtained":["Pain"]}],"is_beta":true,"boss_relics":[],"items_purged_floors":[],"is_endless":false,"potions_floor_spawned":[4,8,13],"killed_by":"Hexaghost","ascension_level":19}