{"gold_per_floor":[118,129,139,149,168,168,193,193,219,219,219,230,230,63,63,138,138,149,168,148,159,25,55,55,65,92,104,151,163,3,3,3,75,75,92,92,92,48,61,61,61,0,53,63,83,83,83,102,102,102],"floor_reached":51,"playtime":1144,"items_purged":["Strike_B"],"score":1386,"play_id":"6e4edcaf-94a6-4d33-af22-08d1db1c9180","local_time":"20181104173727","is_ascension_mode":true,"campfire_choices":[{"data":"Sunder","floor":6.0,"key":"SMITH"},{"data":"Streamline","floor":11.0,"key":"SMITH"},{"data":"Dualcast","floor":13.0,"key":"SMITH"},{"floor":15.0,"key":"REST"},{"floor":24.0,"key":"REST"},{"floor":27.0,"key":"REST"},{"floor":29.0,"key":"REST"},{"floor":32.0,"key":"REST"},{"floor":40,"key":"REST"},{"floor":49,"key":"REST"}],"neow_cost":"NONE","seed_source_timestamp":111606210269762,"circlet_count":0,"master_deck":["AscendersBane","Strike_B+1","Defend_B+1","Defend_B+1","Defend_B+1","Defend_B+1","Zap+1","Dualcast+1","Storm+1","Ball Lightning+1","Streamline+1","Sunder+1","Storm+1","Multi-Cast+1","Bandage Up+1","Electrodynamics+1","Chaos+1","Static Discharge+1","Static Discharge+1","Doom and Gloom+1","Buffer+1","Heatsinks+1","Self Repair+1","Creative AI+1","Echo Form+1","Defragment+1","Defragment+1","Creative AI+1"],"special_seed":0,"relics":["Cracked Core","DataDisk","Art of War","War Paint","Fusion Hammer","PreservedInsect","MawBank","Juzu Bracelet","Busted Crown","Red Mask","Pen Nib","Mark of the Bloom"],"potions_floor_usage":[],"damage_taken":[{"damage":3.0,"enemies":"2 Louse","floor":1.0,"turns":3.0},{"damage":1.0,"enemies":"Small Slimes","floor":2.0,"turns":4.0},{"damage":1.0,"enemies":"Cultist","floor":3.0,"turns":3.0},{"damage":0.0,"enemies":"2 Fungi Beasts","floor":4.0,"turns":2.0},{"damage":23.0,"enemies":"Exordium Thugs","floor":5.0,"turns":3.0},{"damage":15.0,"enemies":"3 Sentries","floor":7.0,"turns":6.0},{"damage":0.0,"enemies":"Large Slime","floor":12.0,"turns":4.0},{"damage":0.0,"enemies":"Slime Boss","floor":16.0,"turns":5.0},{"damage":6.0,"enemies":"Spheric Guardian","floor":18.0,"turns":3.0},{"damage":12.0,"enemies":"Chosen","floor":19.0,"turns":3.0},{"damage":26.0,"enemies":"Snecko","floor":21.0,"turns":4.0},{"damage":33.0,"enemies":"Gremlin Leader","floor":23.0,"turns":4.0},{"damage":0.0,"enemies":"Cultist and Chosen","floor":25.0,"turns":5.0},{"damage":26.0,"enemies":"Slavers","floor":28.0,"turns":3.0},{"damage":83.0,"enemies":"Automaton","floor":33.0,"turns":7.0},{"damage":11.0,"enemies":"Orb Walker","floor":35.0,"turns":3.0},{"damage":16,"enemies":"3 Shapes","floor":39,"turns":4},{"damage":13,"enemies":"Writhing Mass","floor":44,"turns":3},{"damage":5,"enemies":"Maw","floor":45,"turns":5},{"damage":10,"enemies":"Jaw Worm Horde","floor":48,"turns":2},{"damage":22,"enemies":"Time Eater","floor":50,"turns":6}],"seed_played":"193619468156299922","potions_obtained":[{"floor":1.0,"key":"GamblersBrew"},{"floor":2.0,"key":"PowerPotion"},{"floor":7.0,"key":"PowerPotion"},{"floor":18.0,"key":"Regen Potion"},{"floor":20.0,"key":"AttackPotion"},{"floor":33.0,"key":"Explosive Potion"},{"floor":35.0,"key":"SteroidPotion"},{"floor":45,"key":"Explosive Potion"}],"is_trial":false,"path_per_floor":["M","M","M","M","M","R","E","?","T","?","R","M","R","$","R","B",null,"M","M","?","M","$","E","R","M","T","R","E","R","$","?","R","B",null,"M","?","?","$","M","R","$","?","T","M","M","?","?","M","R","B",null],"character_chosen":"DEFECT","items_purchased":["Bandage Up","Static Discharge","Doom and Gloom","Self Repair","FocusPotion","Defragment"],"campfire_rested":7,"item_purchase_floors":[14,22,22,30,30,38],"current_hp_per_floor":[61,60,59,59,36,36,21,26,26,26,26,26,26,26,48,52,70,68,60,60,38,38,9,31,35,35,57,35,57,57,57,76,16,61,50,50,50,50,45,66,66,66,66,64,70,70,70,60,60,38],"gold":102,"neow_bonus":"RANDOM_COMMON_RELIC","is_prod":false,"is_daily":false,"chose_seed":false,"campfire_upgraded":3,"win_rate":0,"timestamp":1541349447,"path_taken":["M","M","M","M","M","R","E","?","T","?","R","M","R","$","R","BOSS","M","M","?","M","$","E","R","M","T","R","E","R","?","?","R","BOSS","M","?","?","?","M","R","$","?","T","M","M","?","?","M","R","BOSS"],"build_version":"2018-11-02","purchased_purges":1,"victory":true,"max_hp_per_floor":[71,71,71,71,71,71,71,76,76,76,76,76,76,76,76,76,76,76,76,76,76,76,76,76,76,76,76,76,76,76,76,76,76,76,76,76,72,72,72,72,72,72,72,72,72,72,72,72,72,72],"card_choices":[{"not_picked":["BootSequence","Redo"],"picked":"Storm","floor":1.0},{"not_picked":["Stack","Hello World"],"picked":"Ball Lightning","floor":2.0},{"not_picked":["Beam Cell","Undo","Rip and Tear"],"picked":"SKIP","floor":3.0},{"not_picked":["Consume","Go for the Eyes"],"picked":"Streamline","floor":4.0},{"not_picked":["Hologram","Turbo"],"picked":"Sunder","floor":5.0},{"not_picked":["Hello World","Steam Power"],"picked":"Storm","floor":7.0},{"not_picked":["Reinforced Body","Leap"],"picked":"Multi-Cast","floor":12.0},{"not_picked":["Biased Cognition","Meteor Strike"],"picked":"Electrodynamics","floor":16.0},{"not_picked":["Ball Lightning","Leap"],"picked":"Chaos","floor":18.0},{"not_picked":["Skim","Stack","Reinforced Body"],"picked":"SKIP","floor":19.0},{"not_picked":["Hologram","Coolheaded"],"picked":"Static Discharge","floor":21.0},{"not_picked":["White Noise+1","Tempest"],"picked":"Buffer","floor":23.0},{"not_picked":["Streamline+1","Skim","Darkness"],"picked":"SKIP","floor":25.0},{"not_picked":["Skim","Reinforced Body+1"],"picked":"Heatsinks","floor":28.0},{"not_picked":["Core Surge","Seek"],"picked":"Echo Form","floor":33.0},{"not_picked":["Compile Driver"],"picked":"SKIP","floor":35.0},{"not_picked":["Redo"],"picked":"SKIP","floor":39},{"not_picked":[],"picked":"Defragment","floor":44},{"not_picked":["Recycle"],"picked":"SKIP","floor":45},{"not_picked":["Go for the Eyes+1"],"picked":"SKIP","floor":48}],"player_experience":738518,"relics_obtained":[{"floor":7.0,"key":"Art of War"},{"floor":9.0,"key":"War Paint"},{"floor":23.0,"key":"PreservedInsect"},{"floor":26.0,"key":"MawBank"},{"floor":28.0,"key":"Juzu Bracelet"},{"floor":43,"key":"Pen Nib"}],"event_choices":[{"damage_healed":0.0,"max_hp_gain":5.0,"max_hp_loss":0.0,"gold_gain":0.0,"event_name":"Big Fish","player_choice":"Donut","floor":8.0,"gold_loss":0.0,"damage_taken":0.0},{"damage_healed":0.0,"max_hp_gain":0.0,"max_hp_loss":0.0,"gold_gain":0.0,"event_name":"Shining Light","player_choice":"Ignored","floor":10.0,"gold_loss":0.0,"damage_taken":0.0},{"damage_healed":0.0,"max_hp_gain":0.0,"max_hp_loss":0.0,"gold_gain":0.0,"event_name":"The Woman in Blue","player_choice":"Bought 1 Potion","floor":20.0,"gold_loss":0.0,"damage_taken":0.0},{"damage_healed":0.0,"max_hp_gain":0.0,"max_hp_loss":0.0,"gold_gain":0.0,"cards_transformed":["Strike_B"],"event_name":"Transmorgrifier","player_choice":"Transformed","floor":31.0,"gold_loss":0.0,"damage_taken":0.0,"cards_obtained":["Creative AI"]},{"cards_removed":["Strike_B"],"damage_healed":0.0,"max_hp_gain":0.0,"max_hp_loss":0.0,"gold_gain":0.0,"event_name":"Falling","player_choice":"Removed Attack","floor":36.0,"gold_loss":0.0,"damage_taken":0.0},{"damage_healed":0.0,"max_hp_gain":0.0,"max_hp_loss":4.0,"gold_gain":0.0,"event_name":"Winding Halls","player_choice":"Max HP","floor":37.0,"gold_loss":0.0,"damage_taken":0.0},{"damage_healed":0,"gold_gain":0,"player_choice":"Paid","damage_taken":0,"relics_obtained":["Red Mask"],"max_hp_gain":0,"max_hp_loss":0,"event_name":"Tomb of Lord Red Mask","floor":42,"gold_loss":61},{"damage_healed":0,"gold_gain":0,"player_choice":"Copied","damage_taken":0,"max_hp_gain":0,"max_hp_loss":0,"event_name":"Duplicator","floor":46,"gold_loss":0,"cards_obtained":["Creative AI"]},{"damage_healed":0,"gold_gain":0,"player_choice":"Upgrade","damage_taken":0,"relics_obtained":["Mark of the Bloom"],"max_hp_gain":0,"max_hp_loss":0,"event_name":"MindBloom","floor":47,"gold_loss":0,"cards_upgraded":["Strike_B","Defend_B","Defend_B","Defend_B","Storm","Ball Lightning","Storm","Multi-Cast","Bandage Up","Electrodynamics","Chaos","Static Discharge","Static Discharge","Doom and Gloom","Buffer","Heatsinks","Self Repair","Creative AI","Echo Form","Defragment","Defragment","Creative AI"]}],"is_beta":true,"boss_relics":[{"not_picked":["Nuclear Battery","Empty Cage"],"picked":"Fusion Hammer"},{"not_picked":["Tiny House","Runic Dome"],"picked":"Busted Crown"}],"items_purged_floors":[14],"is_endless":false,"potions_floor_spawned":[1,2,7,18,23,33,35,45,48],"ascension_level":19}