{"gold_per_floor":[113,113,129,28,28,28,78,78,78,94,114,139,139,171,171,246,246,257,182,194,194,206,206,46,73,73,73,73,91,116,128,128,199,199,210,49,65,65,85,0,0,100,178,196,196,196,207,225,225,225],"floor_reached":51,"playtime":1992,"items_purged":["Strike_B"],"score":1407,"play_id":"f7e83d99-c0f1-41ee-a941-2e5359aa840b","local_time":"20181031004109","is_ascension_mode":true,"campfire_choices":[{"data":"Defragment","floor":6.0,"key":"SMITH"},{"data":"Loop","floor":8.0,"key":"SMITH"},{"data":"Zap","floor":13.0,"key":"SMITH"},{"data":"Dualcast","floor":15.0,"key":"SMITH"},{"floor":23.0,"key":"REST"},{"data":"Defragment","floor":28.0,"key":"SMITH"},{"floor":32.0,"key":"REST"},{"data":"Buffer","floor":41.0,"key":"SMITH"},{"data":"Steam","floor":46.0,"key":"SMITH"},{"floor":49,"key":"REST"}],"neow_cost":"NONE","seed_source_timestamp":223531564172696,"circlet_count":0,"master_deck":["Strike_B","Strike_B","Defend_B","Defend_B","Defend_B","Defend_B","Zap+1","Dualcast+1","AscendersBane","Doom and Gloom","Loop+1","BootSequence","Defragment+1","Steam+1","Redo+1","Seek+1","Steam+1","Chaos+1","Defragment+1","Conserve Battery+1","Buffer+1","Leap+1","Redo+1","Echo Form","Hologram+1","Redo+1","Self Repair+1"],"special_seed":0,"relics":["FrozenCore","Mango","Bottled Lightning","Toxic Egg 2","Turnip","Sundial","Unceasing Top","Anchor","Inserter","Happy Flower","Red Mask","Nunchaku","Frozen Egg 2"],"potions_floor_usage":[50,50],"damage_taken":[{"damage":8.0,"enemies":"2 Louse","floor":1.0,"turns":2.0},{"damage":0.0,"enemies":"Small Slimes","floor":3.0,"turns":2.0},{"damage":0.0,"enemies":"Cultist","floor":10.0,"turns":3.0},{"damage":11.0,"enemies":"Looter","floor":11.0,"turns":3.0},{"damage":18.0,"enemies":"Gremlin Nob","floor":12.0,"turns":4.0},{"damage":20.0,"enemies":"3 Sentries","floor":14.0,"turns":5.0},{"damage":0.0,"enemies":"Slime Boss","floor":16.0,"turns":6.0},{"damage":0.0,"enemies":"Chosen","floor":18.0,"turns":5.0},{"damage":8.0,"enemies":"Spheric Guardian","floor":20.0,"turns":5.0},{"damage":25.0,"enemies":"3 Cultists","floor":22.0,"turns":6.0},{"damage":8.0,"enemies":"Book of Stabbing","floor":25.0,"turns":6.0},{"damage":1.0,"enemies":"Snake Plant","floor":29.0,"turns":3.0},{"damage":18.0,"enemies":"Gremlin Leader","floor":30.0,"turns":8.0},{"damage":0.0,"enemies":"Cultist and Chosen","floor":31.0,"turns":8.0},{"damage":3.0,"enemies":"Collector","floor":33.0,"turns":10.0},{"damage":14.0,"enemies":"Orb Walker","floor":35.0,"turns":4.0},{"damage":5.0,"enemies":"3 Shapes","floor":37.0,"turns":5.0},{"damage":16.0,"enemies":"Transient","floor":39.0,"turns":6.0},{"damage":0.0,"enemies":"Mind Bloom Boss Battle","floor":42.0,"turns":9.0},{"damage":0.0,"enemies":"4 Shapes","floor":44.0,"turns":8.0},{"damage":9.0,"enemies":"Jaw Worm Horde","floor":47.0,"turns":6.0},{"damage":18,"enemies":"Writhing Mass","floor":48,"turns":7},{"damage":15,"enemies":"Donu and Deca","floor":50,"turns":13}],"seed_played":"4807164122169004649","potions_obtained":[{"floor":3.0,"key":"GamblersBrew"},{"floor":10.0,"key":"AttackPotion"},{"floor":11.0,"key":"Regen Potion"},{"floor":14.0,"key":"EssenceOfSteel"},{"floor":22.0,"key":"Swift Potion"},{"floor":30.0,"key":"Block Potion"},{"floor":33.0,"key":"EssenceOfSteel"},{"floor":37.0,"key":"LiquidBronze"},{"floor":42.0,"key":"EssenceOfSteel"}],"is_trial":false,"path_per_floor":["M","?","M","$","?","R","?","R","T","M","M","E","R","E","R","B",null,"M","?","M","?","M","R","$","E","T","T","R","M","E","M","R","B",null,"M","$","M","?","M","?","R","?","T","M","?","R","M","M","R","B"],"character_chosen":"DEFECT","items_purchased":["Defragment","Ball Lightning","Defragment","Happy Flower"],"campfire_rested":3,"item_purchase_floors":[4,4,24,36],"current_hp_per_floor":[56,61,61,61,61,61,61,61,75,75,64,46,46,40,40,40,78,78,78,70,70,45,72,72,64,64,64,64,63,45,45,72,69,85,71,71,66,66,50,50,50,50,50,50,50,50,61,53,80,75],"gold":225,"neow_bonus":"THREE_CARDS","is_prod":false,"is_daily":false,"chose_seed":false,"campfire_upgraded":7,"win_rate":0,"timestamp":1540942869,"path_taken":["M","?","M","$","?","R","?","R","T","M","M","E","R","E","R","BOSS","M","?","M","?","M","R","$","E","T","?","R","M","E","M","R","BOSS","M","$","M","?","?","?","R","?","T","M","?","R","?","M","R","BOSS"],"build_version":"2018-10-29v2","purchased_purges":1,"victory":true,"max_hp_per_floor":[71,76,76,76,76,76,76,76,90,90,90,90,90,90,90,90,90,90,90,90,90,90,90,90,90,90,90,90,90,90,90,90,90,90,90,90,90,90,90,90,90,90,90,90,90,90,90,90,90,90],"card_choices":[{"not_picked":["Capacitor","Beam Cell"],"picked":"Doom and Gloom","floor":0.0},{"not_picked":["Hologram","Barrage"],"picked":"Loop","floor":1.0},{"not_picked":["Beam Cell","Leap"],"picked":"BootSequence","floor":3.0},{"not_picked":["Turbo","Ball Lightning"],"picked":"Steam","floor":10.0},{"not_picked":["Double Energy","Steam Power","Rebound"],"picked":"SKIP","floor":11.0},{"not_picked":["Coolheaded","Beam Cell","Meteor Strike"],"picked":"SKIP","floor":12.0},{"not_picked":["Stack","Ball Lightning"],"picked":"Redo","floor":14.0},{"not_picked":["Fission+1","Reboot+1"],"picked":"Seek+1","floor":16.0},{"not_picked":["Undo+1","Coolheaded+1","Stack+1"],"picked":"SKIP","floor":18.0},{"not_picked":["Sweeping Beam","Heatsinks"],"picked":"Steam+1","floor":20.0},{"not_picked":["Reinforced Body+1","Streamline"],"picked":"Chaos+1","floor":22.0},{"not_picked":["Heatsinks","Coolheaded+1"],"picked":"Conserve Battery+1","floor":25.0},{"not_picked":["Ball Lightning","Conserve Battery+1"],"picked":"Buffer","floor":29.0},{"not_picked":["Steam+1","Hello World+1"],"picked":"Leap+1","floor":30.0},{"not_picked":["Reinforced Body+1","Doom and Gloom"],"picked":"Redo+1","floor":31.0},{"not_picked":["Multi-Cast+1","Core Surge"],"picked":"Echo Form","floor":33.0},{"not_picked":["Rebound","Go for the Eyes"],"picked":"Hologram+1","floor":35.0},{"not_picked":["Turbo+1","Gash"],"picked":"Redo+1","floor":37.0},{"not_picked":["Coolheaded+1","Chaos+1","Blizzard"],"picked":"SKIP","floor":39.0},{"not_picked":["Hologram+1","Beam Cell"],"picked":"Self Repair+1","floor":44.0},{"not_picked":["Lockon","Redo+1","Stack+1"],"picked":"SKIP","floor":47.0},{"not_picked":["Sweeping Beam+1","Fusion+1","Steam+1"],"picked":"SKIP","floor":48}],"player_experience":725092,"relics_obtained":[{"floor":9.0,"key":"Mango"},{"floor":12.0,"key":"Bottled Lightning"},{"floor":14.0,"key":"Toxic Egg 2"},{"floor":25.0,"key":"Turnip"},{"floor":26.0,"key":"Sundial"},{"floor":27.0,"key":"Unceasing Top"},{"floor":30.0,"key":"Anchor"},{"floor":42.0,"key":"Nunchaku"},{"floor":43.0,"key":"Frozen Egg 2"}],"event_choices":[{"damage_healed":0.0,"max_hp_gain":5.0,"max_hp_loss":0.0,"gold_gain":0.0,"event_name":"Big Fish","player_choice":"Donut","floor":2.0,"gold_loss":0.0,"damage_taken":0.0},{"damage_healed":0.0,"max_hp_gain":0.0,"max_hp_loss":0.0,"gold_gain":0.0,"event_name":"Golden Idol","player_choice":"Ignored","floor":5.0,"gold_loss":0.0,"damage_taken":0.0},{"damage_healed":0.0,"max_hp_gain":0.0,"max_hp_loss":0.0,"gold_gain":100.0,"event_name":"Golden Shrine","player_choice":"Pray","floor":7.0,"gold_loss":0.0,"damage_taken":0.0},{"cards_removed":["Strike_B"],"damage_healed":0.0,"max_hp_gain":0.0,"max_hp_loss":0.0,"gold_gain":0.0,"event_name":"Designer","player_choice":"Single Remove","floor":19.0,"gold_loss":75.0,"damage_taken":0.0},{"damage_healed":0.0,"max_hp_gain":0.0,"max_hp_loss":0.0,"gold_gain":0.0,"event_name":"Vampires","player_choice":"Ignored","floor":21.0,"gold_loss":0.0,"damage_taken":0.0},{"cards_removed":["Ball Lightning"],"damage_healed":0.0,"max_hp_gain":0.0,"max_hp_loss":0.0,"gold_gain":0.0,"event_name":"Falling","player_choice":"Removed Attack","floor":38.0,"gold_loss":0.0,"damage_taken":0.0},{"damage_healed":0.0,"max_hp_gain":0.0,"max_hp_loss":0.0,"gold_gain":0.0,"event_name":"Tomb of Lord Red Mask","player_choice":"Paid","floor":40.0,"gold_loss":85.0,"damage_taken":0.0,"relics_obtained":["Red Mask"]},{"damage_healed":0.0,"max_hp_gain":0.0,"max_hp_loss":0.0,"gold_gain":0.0,"event_name":"MindBloom","player_choice":"Fight","floor":42.0,"gold_loss":0.0,"damage_taken":0.0},{"damage_healed":0.0,"max_hp_gain":0.0,"max_hp_loss":0.0,"gold_gain":0.0,"event_name":"SensoryStone","player_choice":"Memory 1","floor":45.0,"gold_loss":0.0,"damage_taken":0.0}],"is_beta":true,"boss_relics":[{"not_picked":["Ectoplasm","Tiny House"],"picked":"FrozenCore"},{"not_picked":["Runic Pyramid","Cursed Key"],"picked":"Inserter"}],"items_purged_floors":[24],"is_endless":false,"potions_floor_spawned":[3,10,11,14,22,30,33,37,42,48],"ascension_level":17}