{"gold_per_floor":[112,124,124,137,148,158,183,202,255,255],"floor_reached":10,"playtime":667,"items_purged":[],"score":86,"play_id":"4a788664-38cd-4910-a317-de1f57e2a083","local_time":"20180825021527","is_ascension_mode":true,"campfire_choices":[],"neow_cost":"NONE","seed_source_timestamp":9755446588518,"circlet_count":0,"master_deck":["Strike_B","Strike_B","Strike_B","Strike_B","Defend_B","Defend_B","Defend_B","Defend_B","Zap","Dualcast","Multi-Cast","Conserve Battery","Self Repair","Cold Snap","Ball Lightning","Blizzard"],"relics":["Cracked Core","Pantograph","Anchor"],"potions_floor_usage":[8,10,10],"damage_taken":[{"damage":12,"enemies":"Jaw Worm","floor":1,"turns":3},{"damage":6,"enemies":"2 Louse","floor":2,"turns":3},{"damage":8,"enemies":"Small Slimes","floor":4,"turns":3},{"damage":4,"enemies":"Red Slaver","floor":5,"turns":6},{"damage":38,"enemies":"Exordium Thugs","floor":6,"turns":4},{"damage":20,"enemies":"3 Sentries","floor":7,"turns":7},{"damage":1,"enemies":"Blue Slaver","floor":8,"turns":4},{"damage":20,"enemies":"Gremlin Nob","floor":10,"turns":5}],"seed_played":"3172049358740352522","potions_obtained":[{"floor":2,"key":"EssenceOfSteel"},{"floor":6,"key":"Weak Potion"},{"floor":7,"key":"Swift Potion"},{"floor":8,"key":"LiquidBronze"}],"is_trial":false,"path_per_floor":["M","M","?","M","M","M","E","M","T"],"character_chosen":"DEFECT","items_purchased":[],"campfire_rested":0,"item_purchase_floors":[],"current_hp_per_floor":[63,57,62,61,64,26,13,19,19,0],"gold":255,"neow_bonus":"ONE_RANDOM_RARE_CARD","is_prod":false,"is_daily":false,"chose_seed":false,"campfire_upgraded":0,"win_rate":0,"timestamp":1535134527,"path_taken":["M","M","?","M","M","M","E","M","T","E"],"build_version":"2018-08-23v2","purchased_purges":0,"victory":false,"max_hp_per_floor":[75,75,80,80,80,80,80,80,80,80],"card_choices":[{"not_picked":["Turbo","Compile Driver"],"picked":"Conserve Battery","floor":1},{"not_picked":["Skim","Turbo"],"picked":"Self Repair","floor":2},{"not_picked":["Gash","Doom and Gloom"],"picked":"Cold Snap","floor":4},{"not_picked":["Coolheaded","Turbo"],"picked":"Ball Lightning","floor":5},{"not_picked":["Streamline","Barrage","Machine Learning"],"picked":"SKIP","floor":6},{"not_picked":["Cold Snap","Coolheaded"],"picked":"Blizzard","floor":7},{"not_picked":["Rebound","Reinforced Body","Auto Shields"],"picked":"SKIP","floor":8}],"player_experience":278004,"relics_obtained":[{"floor":7,"key":"Pantograph"},{"floor":9,"key":"Anchor"}],"event_choices":[{"event_name":"Big Fish","player_choice":"Donut","floor":3,"damage_taken":0}],"is_beta":false,"boss_relics":[],"items_purged_floors":[],"is_endless":false,"potions_floor_spawned":[2,6,7,8],"killed_by":"Gremlin Nob","ascension_level":4}