{"gold_per_floor":[119,119,119,64,64,64,64,80,80,105,132,164,177,212,212,290,290,308,308,233,233,233,233,267,280,280,280,280,152,171,16,16,16],"floor_reached":33,"playtime":818,"items_purged":["Defend_R","Defend_R"],"score":629,"play_id":"58d08bb5-c347-4540-ae19-5885d7eed494","local_time":"20190406190404","is_ascension_mode":true,"campfire_choices":[{"data":"Cleave","floor":6,"key":"SMITH"},{"floor":15,"key":"REST"},{"data":"Feed","floor":23,"key":"SMITH"},{"data":"Flex","floor":27,"key":"SMITH"},{"data":"Offering","floor":32,"key":"SMITH"}],"neow_cost":"NONE","seed_source_timestamp":30347869496469,"circlet_count":0,"master_deck":["AscendersBane","Strike_R","Strike_R","Strike_R+1","Strike_R+1","Strike_R","Bash","Uppercut+1","Cleave+1","Bludgeon+1","Flex+1","Spot Weakness","Feed+1","Twin Strike","Offering+1","Reaper","Flex"],"relics":["Burning Blood","Bag of Preparation","Whetstone","Oddly Smooth Stone","Potion Belt","Regal Pillow","Juzu Bracelet","Philosopher\u0027s Stone","Strawberry","Meat on the Bone"],"potions_floor_usage":[14,33],"damage_taken":[{"damage":18,"enemies":"Small Slimes","floor":1,"turns":5},{"damage":1,"enemies":"2 Louse","floor":8,"turns":3},{"damage":6,"enemies":"Gremlin Nob","floor":10,"turns":3},{"damage":34,"enemies":"3 Sentries","floor":12,"turns":7},{"damage":3,"enemies":"Jaw Worm","floor":13,"turns":2},{"damage":30,"enemies":"Lagavulin","floor":14,"turns":4},{"damage":32,"enemies":"The Guardian","floor":16,"turns":11},{"damage":3,"enemies":"Chosen","floor":18,"turns":3},{"damage":6,"enemies":"Gremlin Leader","floor":24,"turns":5},{"damage":30,"enemies":"2 Thieves","floor":25,"turns":3},{"damage":20,"enemies":"Centurion and Healer","floor":30,"turns":4},{"damage":82,"enemies":"Automaton","floor":33,"turns":6}],"seed_played":"1211363030846539412","potions_obtained":[{"floor":1,"key":"BloodPotion"},{"floor":13,"key":"Explosive Potion"},{"floor":18,"key":"Dexterity Potion"},{"floor":24,"key":"Explosive Potion"}],"is_trial":false,"path_per_floor":["M","?","?","$","?","R","$","M","T","E","T","E","M","E","R","B",null,"M","?","?","?","?","R","E","M","T","R","?","$","M","$","R","B"],"character_chosen":"IRONCLAD","items_purchased":["Cleave","Block Potion","Flex"],"campfire_rested":1,"item_purchase_floors":[4,29,31],"current_hp_per_floor":[56,56,56,56,61,61,61,66,66,66,66,38,41,25,64,38,70,73,73,73,73,73,73,80,60,60,60,60,60,60,60,60,0],"gold":16,"neow_bonus":"RANDOM_COMMON_RELIC","is_prod":false,"is_daily":false,"chose_seed":false,"campfire_upgraded":4,"win_rate":0,"timestamp":1554570244,"path_taken":["M","?","?","$","?","R","$","?","T","E","?","E","M","E","R","BOSS","M","?","?","?","?","R","E","M","T","R","?","$","M","$","R","BOSS"],"build_version":"2019-01-23","purchased_purges":2,"victory":false,"max_hp_per_floor":[75,75,75,75,80,80,80,80,80,80,80,80,80,80,80,80,80,80,80,80,80,80,80,87,91,91,91,91,91,95,95,95,95],"card_choices":[{"not_picked":["Seeing Red","Iron Wave"],"picked":"Uppercut","floor":1},{"not_picked":["Cleave","Pommel Strike","Anger"],"picked":"SKIP","floor":8},{"not_picked":["Anger","Wild Strike"],"picked":"Bludgeon","floor":10},{"not_picked":["Clash","Dual Wield"],"picked":"Flex","floor":12},{"not_picked":["Twin Strike","Burning Pact","Metallicize"],"picked":"SKIP","floor":13},{"not_picked":["Combust","Cleave"],"picked":"Spot Weakness","floor":14},{"not_picked":["Impervious","Barricade"],"picked":"Feed","floor":16},{"not_picked":["Wild Strike","Spot Weakness"],"picked":"Twin Strike","floor":18},{"not_picked":["Flame Barrier","Anger","Thunderclap"],"picked":"SKIP","floor":24},{"not_picked":["Iron Wave+1","Blood for Blood","Dropkick"],"picked":"SKIP","floor":25},{"not_picked":["Cleave","Sword Boomerang","Pommel Strike"],"picked":"SKIP","floor":30}],"player_experience":822342,"relics_obtained":[{"floor":9,"key":"Whetstone"},{"floor":10,"key":"Oddly Smooth Stone"},{"floor":11,"key":"Potion Belt"},{"floor":12,"key":"Regal Pillow"},{"floor":14,"key":"Juzu Bracelet"},{"floor":24,"key":"Strawberry"},{"floor":26,"key":"Meat on the Bone"}],"event_choices":[{"damage_healed":0,"gold_gain":0,"player_choice":"Ignored","damage_taken":0,"max_hp_gain":0,"max_hp_loss":0,"event_name":"Shining Light","floor":2,"gold_loss":0},{"damage_healed":0,"gold_gain":0,"player_choice":"Grow","damage_taken":0,"max_hp_gain":0,"max_hp_loss":0,"event_name":"Living Wall","floor":3,"gold_loss":0,"cards_upgraded":["Uppercut"]},{"damage_healed":0,"gold_gain":0,"player_choice":"Donut","damage_taken":0,"max_hp_gain":5,"max_hp_loss":0,"event_name":"Big Fish","floor":5,"gold_loss":0},{"damage_healed":0,"gold_gain":0,"player_choice":"Forge","damage_taken":0,"max_hp_gain":0,"max_hp_loss":0,"event_name":"Accursed Blacksmith","floor":19,"gold_loss":0,"cards_upgraded":["Bludgeon"]},{"cards_removed":["Defend_R"],"damage_healed":0,"gold_gain":0,"player_choice":"Gave Gold","damage_taken":0,"max_hp_gain":0,"max_hp_loss":0,"event_name":"Beggar","floor":20,"gold_loss":75},{"damage_healed":0,"gold_gain":0,"cards_transformed":["Defend_R"],"player_choice":"Transformed","damage_taken":0,"max_hp_gain":0,"max_hp_loss":0,"event_name":"Transmorgrifier","floor":21,"gold_loss":0,"cards_obtained":["Offering"]},{"damage_healed":0,"gold_gain":0,"player_choice":"Ignored","damage_taken":0,"max_hp_gain":0,"max_hp_loss":0,"event_name":"Ghosts","floor":22,"gold_loss":0},{"damage_healed":0,"gold_gain":0,"player_choice":"Read","damage_taken":0,"max_hp_gain":0,"max_hp_loss":0,"event_name":"The Library","floor":28,"gold_loss":0,"cards_obtained":["Reaper"]}],"is_beta":false,"boss_relics":[{"not_picked":["Lizard Tail","Pandora\u0027s Box"],"picked":"Philosopher\u0027s Stone"}],"items_purged_floors":[29,31],"is_endless":false,"potions_floor_spawned":[1,13,18,24],"killed_by":"Automaton","ascension_level":20}