{"gold_per_floor":[114,114,114,133,58,86,86,111,111,111,137,151,151,169,169,268,268,288,301,330,341,241,241,255,267,293,326,326,326],"floor_reached":29,"playtime":1523,"items_purged":["Strike_G","Strike_G"],"score":289,"play_id":"e113162b-5e24-43fd-b639-b8d56ba9f8bf","local_time":"20180719001511","is_ascension_mode":true,"campfire_choices":[{"data":"Phantasmal Killer","floor":7.0,"key":"SMITH"},{"floor":10.0,"key":"REST"},{"data":"Skewer","floor":13.0,"key":"SMITH"},{"data":"Skewer","floor":15.0,"key":"SMITH"},{"data":"Venomology","floor":23.0,"key":"SMITH"},{"data":"Concentrate","floor":28.0,"key":"SMITH"}],"neow_cost":"NONE","seed_source_timestamp":6799577461118,"circlet_count":0,"master_deck":["Defend_G","Defend_G","Defend_G","Defend_G","Strike_G","Strike_G","Survivor","Neutralize","Phantasmal Killer+1","Skewer+1","Skewer+1","Escape Plan","Venomology+1","Escape Plan+1","Concentrate+1"],"special_seed":0,"relics":["Ring of the Snake","Sundial","Potion Belt","Meat on the Bone","Orichalcum","Philosopher\u0027s Stone","Red Mask","Boot","Molten Egg 2"],"potions_floor_usage":[29,29,29],"damage_taken":[{"damage":2.0,"enemies":"Jaw Worm","floor":1.0,"turns":5.0},{"damage":0.0,"enemies":"2 Louse","floor":4.0,"turns":3.0},{"damage":14.0,"enemies":"Gremlin Nob","floor":6.0,"turns":4.0},{"damage":23.0,"enemies":"Lagavulin","floor":8.0,"turns":7.0},{"damage":6.0,"enemies":"Gremlin Nob","floor":11.0,"turns":3.0},{"damage":3.0,"enemies":"Small Slimes","floor":12.0,"turns":2.0},{"damage":3.0,"enemies":"Blue Slaver","floor":14.0,"turns":3.0},{"damage":9.0,"enemies":"Hexaghost","floor":16.0,"turns":6.0},{"damage":0.0,"enemies":"Shell Parasite","floor":18.0,"turns":3.0},{"damage":6.0,"enemies":"Chosen","floor":19.0,"turns":3.0},{"damage":9.0,"floor":20.0,"turns":3.0},{"damage":31.0,"enemies":"Snake Plant","floor":21.0,"turns":3.0},{"damage":10.0,"enemies":"Cultist and Chosen","floor":24.0,"turns":5.0},{"damage":0.0,"enemies":"3 Cultists","floor":25.0,"turns":3.0},{"damage":18.0,"enemies":"Book of Stabbing","floor":27.0,"turns":4.0},{"damage":34,"enemies":"Gremlin Leader","floor":29,"turns":4}],"seed_played":"-8503386295557405247","potions_obtained":[{"floor":4.0,"key":"Block Potion"},{"floor":6.0,"key":"SpeedPotion"},{"floor":8.0,"key":"SteroidPotion"},{"floor":16.0,"key":"Regen Potion"},{"floor":18.0,"key":"Fire Potion"},{"floor":21.0,"key":"PowerPotion"},{"floor":24.0,"key":"Explosive Potion"}],"is_trial":false,"path_per_floor":["M","?","?","M","$","E","R","E","T","R","E","M","R","M","R","B",null,"M","M","?","M","$","R","M","M","T","E","R"],"character_chosen":"THE_SILENT","items_purchased":[],"campfire_rested":1,"item_purchase_floors":[],"current_hp_per_floor":[68,68,61,61,61,47,47,24,24,45,39,36,36,45,45,36,70,70,64,55,36,36,36,40,40,40,34,34,0],"gold":326,"neow_bonus":"ONE_RANDOM_RARE_CARD","is_prod":false,"is_daily":false,"chose_seed":false,"campfire_upgraded":5,"win_rate":0,"timestamp":1531930511,"path_taken":["M","?","?","M","?","E","R","E","T","R","E","?","R","M","R","BOSS","M","M","?","?","$","R","M","M","T","E","R","E"],"build_version":"2018-07-12","purchased_purges":2,"victory":false,"max_hp_per_floor":[70,70,70,70,70,70,70,70,70,70,70,70,70,70,70,70,70,70,70,70,70,70,70,70,70,70,70,70,70],"card_choices":[{"not_picked":["Acrobatics","Flechettes"],"picked":"Skewer","floor":1.0},{"not_picked":["PiercingWail","Dagger Spray"],"picked":"Skewer","floor":4.0},{"not_picked":["Deflect","Dodge and Roll","Footwork"],"picked":"SKIP","floor":6.0},{"not_picked":["Poisoned Stab","Reflex","Endless Agony"],"picked":"SKIP","floor":8.0},{"not_picked":["Distraction","Deflect","Setup"],"picked":"SKIP","floor":11.0},{"not_picked":["Flying Knee","Flechettes","Setup"],"picked":"SKIP","floor":12.0},{"not_picked":["Deflect","Dagger Throw"],"picked":"Escape Plan","floor":14.0},{"not_picked":["Tactician","Die Die Die"],"picked":"Venomology","floor":16.0},{"not_picked":["Prepared","Blade Dance"],"picked":"Escape Plan+1","floor":18.0},{"not_picked":["Sucker Punch+1","Deadly Poison","Dagger Spray"],"picked":"SKIP","floor":19.0},{"not_picked":["Dash","Backflip"],"picked":"Concentrate","floor":20.0},{"not_picked":["Dagger Spray+1","Bane","Caltrops"],"picked":"SKIP","floor":21.0},{"not_picked":["Dagger Spray","Finisher","Bane"],"picked":"SKIP","floor":24.0},{"not_picked":["Calculated Gamble","Bane","Bouncing Flask"],"picked":"SKIP","floor":25.0},{"not_picked":["Envenom","PiercingWail","Poisoned Stab"],"picked":"SKIP","floor":27.0}],"player_experience":148074,"relics_obtained":[{"floor":6.0,"key":"Sundial"},{"floor":8.0,"key":"Potion Belt"},{"floor":9.0,"key":"Meat on the Bone"},{"floor":11.0,"key":"Orichalcum"},{"floor":20.0,"key":"Red Mask"},{"floor":26.0,"key":"Boot"},{"floor":27.0,"key":"Molten Egg 2"}],"event_choices":[{"event_name":"Living Wall","player_choice":"Forget","floor":2.0,"damage_taken":0.0},{"event_name":"Golden Wing","player_choice":"Card Removal","floor":3.0,"damage_taken":0.0},{"event_name":"Masked Bandits","player_choice":"Fought over 301 gold","floor":20.0,"damage_taken":0.0}],"boss_relics":[{"not_picked":["Lizard Tail","Tiny House"],"picked":"Philosopher\u0027s Stone"}],"items_purged_floors":[5,22],"is_endless":false,"potions_floor_spawned":[4,6,8,16,18,21,24],"killed_by":"Gremlin Leader","ascension_level":2}