{"gold_per_floor":[118,118,142,67,67,67,102,102,152,193,217,217,367,407,407,498,498,511,511,532,550,250,290,290,315,339,364,334,358,373,0,0,95,95,115,129,462,267,117,117,137,164,164,164,0,0,0,0,0,0,0,0,0,35,35],"floor_reached":55,"playtime":1663,"items_purged":["Strike_B","Strike_B","Strike_B","Defend_B"],"score":1304,"play_id":"3bc31a7f-7003-471c-9ed6-7692bb93f88b","local_time":"20190328174626","is_ascension_mode":true,"campfire_choices":[{"data":"Zap","floor":6.0,"key":"SMITH"},{"data":"Self Repair","floor":8.0,"key":"SMITH"},{"data":"Defend_B","floor":12.0,"key":"SMITH"},{"floor":15.0,"key":"REST"},{"data":"Creative AI","floor":24,"key":"SMITH"},{"data":"Defragment","floor":32,"key":"SMITH"},{"data":"Creative AI","floor":40,"key":"SMITH"},{"floor":44,"key":"RECALL"},{"data":"Storm","floor":46,"key":"SMITH"},{"data":"Fission","floor":49,"key":"SMITH"},{"data":"Defend_B","floor":52,"key":"SMITH"}],"neow_cost":"NONE","seed_source_timestamp":364334214804415,"circlet_count":0,"master_deck":["AscendersBane","Defend_B+1","Defend_B+1","Defend_B","Zap+1","Dualcast","Self Repair+1","Defragment+1","Ball Lightning","Cold Snap","Storm+1","Rainbow","Fission+1","Creative AI+1","Defragment+1","Chill","Machine Learning","Capacitor","Creative AI+1","Capacitor"],"special_seed":0,"relics":["Cracked Core","Omamori","Ancient Tea Set","DataDisk","Anchor","Orichalcum","Coffee Dripper","Bag of Preparation","Art of War","Incense Burner","Dream Catcher","Potion Belt","Busted Crown","Singing Bowl","Red Mask","Emotion Chip"],"potions_floor_usage":[27,30,54,55,55],"damage_taken":[{"damage":1.0,"enemies":"Cultist","floor":1.0,"turns":4.0},{"damage":6.0,"enemies":"2 Louse","floor":3.0,"turns":4.0},{"damage":27.0,"enemies":"Lagavulin","floor":7.0,"turns":8.0},{"damage":27.0,"enemies":"Gremlin Nob","floor":10.0,"turns":4.0},{"damage":0.0,"enemies":"Small Slimes","floor":11.0,"turns":2.0},{"damage":26.0,"enemies":"3 Sentries","floor":14.0,"turns":5.0},{"damage":26.0,"enemies":"The Guardian","floor":16.0,"turns":9.0},{"damage":14.0,"enemies":"Shell Parasite","floor":18.0,"turns":5.0},{"damage":16.0,"enemies":"3 Byrds","floor":20.0,"turns":5.0},{"damage":13.0,"enemies":"Cultist and Chosen","floor":21.0,"turns":5.0},{"damage":38,"enemies":"Gremlin Leader","floor":23,"turns":5},{"damage":12,"enemies":"Sentry and Sphere","floor":25,"turns":3},{"damage":11,"enemies":"Centurion and Healer","floor":27,"turns":6},{"damage":0,"enemies":"Cultist and Chosen","floor":29,"turns":6},{"damage":0,"enemies":"3 Cultists","floor":30,"turns":4},{"damage":0,"enemies":"Automaton","floor":33,"turns":7},{"damage":0,"enemies":"3 Darklings","floor":35,"turns":3},{"damage":19,"enemies":"Orb Walker","floor":36,"turns":4},{"damage":6,"enemies":"3 Darklings","floor":41,"turns":4},{"damage":26,"enemies":"Nemesis","floor":42,"turns":5},{"damage":25,"enemies":"Donu and Deca","floor":50,"turns":5},{"damage":50,"enemies":"Shield and Spear","floor":54,"turns":6},{"damage":32,"enemies":"The Heart","floor":55,"turns":2}],"seed_played":"-4042831621670694648","potions_obtained":[{"floor":1.0,"key":"Strength Potion"},{"floor":3.0,"key":"Regen Potion"},{"floor":14.0,"key":"Weak Potion"},{"floor":20.0,"key":"Ancient Potion"},{"floor":28,"key":"AttackPotion"},{"floor":28,"key":"Poison Potion"},{"floor":29,"key":"EssenceOfSteel"},{"floor":30,"key":"Poison Potion"},{"floor":35,"key":"Energy Potion"},{"floor":36,"key":"Weak Potion"}],"is_trial":false,"path_per_floor":["M","?","M","?","?","R","E","R","T","E","M","R","?","E","R","B",null,"M","?","M","M","$","E","R","M","T","M","?","M","M","$","R","B",null,"M","M","?","$","$","R","M","E","T","R","?","R","?","$","R","B",null,"R","$","E","B"],"character_chosen":"DEFECT","items_purchased":["Defragment","Art of War","Capacitor","Potion Belt","Block Potion","Capacitor"],"campfire_rested":1,"item_purchase_floors":[22,22,31,31,31,38],"current_hp_per_floor":[63,63,64,64,64,64,58,58,58,41,41,41,41,25,46,30,61,57,57,51,48,48,20,20,18,18,17,17,27,37,37,37,47,65,71,62,62,62,62,62,66,62,62,62,62,62,64,64,64,49,69,69,69,31,0],"gold":35,"neow_bonus":"RANDOM_COMMON_RELIC","is_prod":false,"is_daily":false,"chose_seed":false,"campfire_upgraded":9,"win_rate":0,"timestamp":1553791586,"path_taken":["M","?","M","?","?","R","E","R","T","E","?","R","?","E","R","BOSS","M","?","M","M","$","E","R","M","T","?","?","M","M","?","R","BOSS","M","M","?","?","$","R","?","E","T","R","?","R","?","$","R","BOSS","R","$","E","BOSS"],"build_version":"2019-01-23","purchased_purges":4,"victory":false,"max_hp_per_floor":[71,71,71,71,71,71,71,71,71,71,71,71,71,71,71,71,71,71,71,71,71,71,71,71,71,71,71,71,71,71,71,71,71,71,71,71,71,71,71,71,71,73,73,73,73,73,75,75,75,75,75,75,75,77,77],"card_choices":[{"not_picked":["Recycle","Ball Lightning"],"picked":"Self Repair","floor":1.0},{"not_picked":["Leap","Coolheaded"],"picked":"Defragment","floor":3.0},{"not_picked":["Self Repair","Redo"],"picked":"Ball Lightning","floor":7.0},{"not_picked":["Turbo","Go for the Eyes"],"picked":"Cold Snap","floor":10.0},{"not_picked":["Ball Lightning","Scrape"],"picked":"Storm","floor":11.0},{"not_picked":["Turbo","Stack"],"picked":"Rainbow","floor":14.0},{"not_picked":["All For One","Reboot"],"picked":"Fission","floor":16.0},{"not_picked":["Cold Snap","Gash","Barrage+1"],"picked":"SKIP","floor":18.0},{"not_picked":["FTL","Ball Lightning","Leap"],"picked":"SKIP","floor":20.0},{"not_picked":["Coolheaded","Steam Power+1"],"picked":"Creative AI","floor":21.0},{"not_picked":["All For One","Reprogram","Conserve Battery"],"picked":"SKIP","floor":23},{"not_picked":["Fusion","Streamline","Leap"],"picked":"SKIP","floor":25},{"not_picked":["Ball Lightning","Double Energy"],"picked":"Chill","floor":27},{"not_picked":["BootSequence","Redo","Hologram"],"picked":"SKIP","floor":29},{"not_picked":["Darkness+1","Turbo"],"picked":"Machine Learning","floor":30},{"not_picked":["All For One","Machine Learning"],"picked":"Creative AI","floor":33},{"not_picked":["Beam Cell"],"picked":"SKIP","floor":35},{"not_picked":["Coolheaded"],"picked":"SKIP","floor":36},{"not_picked":["Double Energy"],"picked":"SKIP","floor":41},{"not_picked":["Go for the Eyes"],"picked":"Singing Bowl","floor":42},{"not_picked":["Trip"],"picked":"Singing Bowl","floor":47},{"not_picked":["Consume"],"picked":"Singing Bowl","floor":54}],"player_experience":810299,"relics_obtained":[{"floor":7.0,"key":"Ancient Tea Set"},{"floor":9.0,"key":"DataDisk"},{"floor":10.0,"key":"Anchor"},{"floor":14.0,"key":"Orichalcum"},{"floor":23,"key":"Incense Burner"},{"floor":26,"key":"Dream Catcher"},{"floor":42,"key":"Singing Bowl"},{"floor":54,"key":"Emotion Chip"}],"event_choices":[{"damage_healed":0.0,"max_hp_gain":0.0,"max_hp_loss":0.0,"gold_gain":0.0,"event_name":"Golden Idol","player_choice":"Take Wound","floor":2.0,"gold_loss":0.0,"damage_taken":0.0,"relics_obtained":["Golden Idol"],"cards_obtained":["Injury"]},{"cards_removed":["Strike_B"],"damage_healed":0.0,"max_hp_gain":0.0,"max_hp_loss":0.0,"gold_gain":0.0,"event_name":"The Cleric","player_choice":"Card Removal","floor":4.0,"gold_loss":75.0,"damage_taken":0.0},{"damage_healed":0.0,"max_hp_gain":0.0,"max_hp_loss":0.0,"gold_gain":0.0,"event_name":"Upgrade Shrine","player_choice":"Upgraded","floor":5.0,"gold_loss":0.0,"damage_taken":0.0,"cards_upgraded":["Defragment"]},{"damage_healed":0.0,"max_hp_gain":0.0,"max_hp_loss":0.0,"gold_gain":150.0,"event_name":"Liars Game","player_choice":"AGREE","floor":13.0,"gold_loss":0.0,"damage_taken":0.0,"cards_obtained":["Doubt"]},{"damage_healed":0.0,"max_hp_gain":0.0,"max_hp_loss":0.0,"gold_gain":0.0,"event_name":"WeMeetAgain","player_choice":"Gave Potion","floor":19.0,"gold_loss":0.0,"damage_taken":0.0,"relics_obtained":["Bag of Preparation"]},{"damage_healed":0,"gold_gain":0,"player_choice":"Bought 2 Potions","damage_taken":0,"max_hp_gain":0,"max_hp_loss":0,"event_name":"The Woman in Blue","floor":28,"gold_loss":0},{"damage_healed":0,"gold_gain":333,"player_choice":"Gave Idol","damage_taken":0,"max_hp_gain":0,"max_hp_loss":0,"event_name":"The Moai Head","floor":37,"relics_lost":["Golden Idol"],"gold_loss":0},{"damage_healed":0,"gold_gain":0,"player_choice":"Paid","damage_taken":0,"relics_obtained":["Red Mask"],"max_hp_gain":0,"max_hp_loss":0,"event_name":"Tomb of Lord Red Mask","floor":45,"gold_loss":164},{"damage_healed":0,"gold_gain":0,"player_choice":"Memory 1","damage_taken":0,"max_hp_gain":0,"max_hp_loss":0,"event_name":"SensoryStone","floor":47,"gold_loss":0}],"is_beta":false,"boss_relics":[{"not_picked":["Runic Dome","Astrolabe"],"picked":"Coffee Dripper"},{"not_picked":["Sozu","Nuclear Battery"],"picked":"Busted Crown"}],"items_purged_floors":[22,31,38,39],"is_endless":false,"potions_floor_spawned":[1,3,14,20,29,30,35,36],"killed_by":"The Heart","ascension_level":15}