{"gold_per_floor":[113,131,142,142,45,76,93,93,93,119,135,85,113,288,288,393,393,410,509,528,547,547,582,594,618,630,642,683,715,727,767,779,892,904,926,950,486,500,512,541,541,559,585,597,14,32,32,48,48,48],"floor_reached":51,"playtime":5665,"items_purged":["Strike_R","Strike_R","Strike_R"],"score":761,"play_id":"c731f1e0-73bc-47f1-b25e-03baf5455219","local_time":"20181009232324","is_ascension_mode":false,"campfire_choices":[{"data":"Carnage","floor":8,"key":"SMITH"},{"data":"Inflame","floor":15,"key":"SMITH"},{"data":"Sword Boomerang","floor":24,"key":"SMITH"},{"data":"Thunderclap","floor":30,"key":"SMITH"},{"floor":32,"key":"REST"},{"data":"Shockwave","floor":41,"key":"SMITH"},{"floor":49,"key":"REST"}],"neow_cost":"NONE","seed_source_timestamp":17639692816460,"circlet_count":0,"master_deck":["Strike_R","Defend_R","Defend_R","Defend_R","Defend_R","Bash","Carnage+1","True Grit+1","Clash","Inflame+1","Cleave","Thunderclap","Cleave","Doubt","Sword Boomerang+1","Thunderclap+1","Pummel","Twin Strike+1","Twin Strike+1","Shockwave+1","Iron Wave+1","Dramatic Entrance","Seeing Red","Headbutt","Shame","Battle Trance+1","Mayhem","Flex","Dropkick+1"],"relics":["Burning Blood","Potion Belt","Bronze Scales","Gremlin Horn","Du-Vu Doll","Bag of Preparation","Busted Crown","MawBank","Blue Candle","Meat on the Bone","Bag of Marbles","Matryoshka","Cursed Key","Nunchaku","Sundial","Vajra","Oddly Smooth Stone","Bottled Tornado"],"potions_floor_usage":[28,29,33,50,50,50,50,50],"damage_taken":[{"damage":0,"enemies":"Small Slimes","floor":1,"turns":3},{"damage":1,"enemies":"Cultist","floor":2,"turns":3},{"damage":2,"enemies":"2 Louse","floor":3,"turns":3},{"damage":14,"enemies":"Gremlin Nob","floor":6,"turns":3},{"damage":0,"enemies":"Gremlin Gang","floor":7,"turns":4},{"damage":17,"enemies":"Lagavulin","floor":10,"turns":6},{"damage":0,"enemies":"2 Fungi Beasts","floor":11,"turns":2},{"damage":14,"enemies":"Gremlin Nob","floor":13,"turns":3},{"damage":34,"enemies":"The Guardian","floor":16,"turns":8},{"damage":5,"enemies":"Spheric Guardian","floor":18,"turns":3},{"damage":1,"enemies":"2 Thieves","floor":20,"turns":3},{"damage":17,"enemies":"Sentry and Sphere","floor":21,"turns":4},{"damage":18,"enemies":"Gremlin Leader","floor":23,"turns":3},{"damage":15,"enemies":"Snecko","floor":25,"turns":3},{"damage":24,"enemies":"Book of Stabbing","floor":28,"turns":3},{"damage":18,"enemies":"Snake Plant","floor":29,"turns":2},{"damage":9,"enemies":"Slavers","floor":31,"turns":2},{"damage":61,"enemies":"Automaton","floor":33,"turns":8},{"damage":4,"enemies":"3 Darklings","floor":35,"turns":3},{"damage":0,"enemies":"3 Shapes","floor":36,"turns":1},{"damage":0,"enemies":"3 Darklings","floor":38,"turns":1},{"damage":6,"enemies":"4 Shapes","floor":39,"turns":1},{"damage":55,"enemies":"Nemesis","floor":40,"turns":5},{"damage":18,"enemies":"Maw","floor":42,"turns":5},{"damage":0,"enemies":"3 Darklings","floor":44,"turns":1},{"damage":4,"enemies":"Sphere and 2 Shapes","floor":46,"turns":1},{"damage":23,"enemies":"Spire Growth","floor":48,"turns":3},{"damage":78,"enemies":"Time Eater","floor":50,"turns":7}],"seed_played":"6930891442397870748","potions_obtained":[{"floor":3,"key":"Poison Potion"},{"floor":10,"key":"Weak Potion"},{"floor":20,"key":"Regen Potion"},{"floor":23,"key":"BloodPotion"},{"floor":29,"key":"Strength Potion"},{"floor":31,"key":"Fruit Juice"},{"floor":33,"key":"Ancient Potion"},{"floor":38,"key":"EssenceOfSteel"},{"floor":40,"key":"Regen Potion"}],"is_trial":false,"path_per_floor":["M","M","M","?","$","E","M","R","T","E","M","?","E","?","R","B",null,"M","?","M","M","?","E","R","M","T","T","E","M","R","E","R","B",null,"M","M","$","M","M","E","R","M","T","M","$","M","$","M","R","B"],"character_chosen":"IRONCLAD","items_purchased":["Clash","Dramatic Entrance","Nunchaku","Bottled Tornado","Mayhem"],"campfire_rested":2,"item_purchase_floors":[5,37,37,45,45],"current_hp_per_floor":[80,80,80,80,80,72,78,78,78,67,73,73,65,65,65,37,80,80,80,80,69,54,42,42,33,33,33,35,35,35,44,69,31,90,90,90,90,90,90,53,53,53,53,59,59,61,61,56,83,57],"gold":48,"neow_bonus":"RANDOM_COMMON_RELIC","is_prod":false,"is_daily":false,"chose_seed":false,"campfire_upgraded":5,"win_rate":0,"timestamp":1539098604,"path_taken":["M","M","M","?","$","E","?","R","T","E","?","?","E","?","R","BOSS","M","?","?","?","?","E","R","?","T","?","E","M","R","E","R","BOSS","M","M","$","?","?","E","R","M","T","M","$","?","?","M","R","BOSS"],"build_version":"2018-10-04v2","purchased_purges":3,"victory":true,"max_hp_per_floor":[80,80,80,80,80,80,80,80,80,80,80,80,80,80,80,80,80,80,80,80,80,85,85,85,85,85,85,85,85,85,85,85,90,90,90,90,90,90,90,90,90,90,90,90,90,90,90,90,90,90],"card_choices":[{"not_picked":["Wild Strike","Heavy Blade"],"picked":"Carnage","floor":1},{"not_picked":["Bloodletting","Clothesline","Warcry"],"picked":"SKIP","floor":2},{"not_picked":["Rupture","Perfected Strike"],"picked":"True Grit","floor":3},{"not_picked":["Pommel Strike","Evolve"],"picked":"Inflame","floor":6},{"not_picked":["Seeing Red","Fire Breathing"],"picked":"Cleave","floor":7},{"not_picked":["Body Slam","Feel No Pain","Bludgeon"],"picked":"SKIP","floor":10},{"not_picked":["Perfected Strike","Havoc"],"picked":"Thunderclap","floor":11},{"not_picked":["Anger","Corruption"],"picked":"Cleave","floor":13},{"not_picked":[],"picked":"Sword Boomerang","floor":18},{"not_picked":["Combust"],"picked":"SKIP","floor":20},{"not_picked":[],"picked":"Thunderclap","floor":21},{"not_picked":[],"picked":"Pummel","floor":23},{"not_picked":[],"picked":"Twin Strike+1","floor":25},{"not_picked":[],"picked":"Twin Strike+1","floor":28},{"not_picked":["True Grit"],"picked":"SKIP","floor":29},{"not_picked":[],"picked":"Shockwave","floor":31},{"not_picked":["Pommel Strike"],"picked":"SKIP","floor":35},{"not_picked":[],"picked":"Iron Wave+1","floor":36},{"not_picked":["Bloodletting"],"picked":"SKIP","floor":38},{"not_picked":[],"picked":"Seeing Red","floor":39},{"not_picked":[],"picked":"Headbutt","floor":40},{"not_picked":["Shockwave"],"picked":"SKIP","floor":42},{"not_picked":[],"picked":"Battle Trance+1","floor":44},{"not_picked":[],"picked":"Flex","floor":46},{"not_picked":[],"picked":"Dropkick+1","floor":48}],"player_experience":295897,"relics_obtained":[{"floor":6,"key":"Bronze Scales"},{"floor":9,"key":"Gremlin Horn"},{"floor":10,"key":"Du-Vu Doll"},{"floor":13,"key":"Bag of Preparation"},{"floor":23,"key":"MawBank"},{"floor":26,"key":"Blue Candle"},{"floor":27,"key":"Meat on the Bone"},{"floor":28,"key":"Bag of Marbles"},{"floor":31,"key":"Matryoshka"},{"floor":40,"key":"Sundial"},{"floor":43,"key":"Vajra"},{"floor":43,"key":"Oddly Smooth Stone"}],"event_choices":[{"event_name":"Upgrade Shrine","player_choice":"Upgraded","floor":4,"damage_taken":0},{"event_name":"The Cleric","player_choice":"Card Removal","floor":12,"damage_taken":0},{"event_name":"Liars Game","player_choice":"agreed","floor":14,"damage_taken":0},{"event_name":"Nest","player_choice":"Stole From Cult","floor":19,"damage_taken":0},{"event_name":"Forgotten Altar","player_choice":"Shed Blood","floor":22,"damage_taken":0}],"is_beta":false,"boss_relics":[{"not_picked":["Orrery","Runic Cube"],"picked":"Busted Crown"},{"not_picked":["Empty Cage","Snecko Eye"],"picked":"Cursed Key"}],"items_purged_floors":[5,37,45],"is_endless":false,"potions_floor_spawned":[3,10,20,23,29,31,33,38,40,46,48],"ascension_level":0}