{"gold_per_floor":[115,115,129,129,148,166,196,196,223,223,50,60,60,79,79,178,178,190,206,206,218,230,255,266,266,292,292,326,339,339,23,23,124,124,143,154,203,203,216,216],"floor_reached":40,"playtime":2240,"items_purged":["Strike_B"],"score":480,"play_id":"6cac81b7-9856-4580-bc72-605f8d0dd9bd","local_time":"20181122213200","is_ascension_mode":false,"campfire_choices":[{"data":"Zap","floor":8,"key":"SMITH"},{"data":"Hologram","floor":10,"key":"SMITH"},{"data":"Chill","floor":13,"key":"SMITH"},{"data":"Go for the Eyes","floor":15,"key":"SMITH"},{"data":"Machine Learning","floor":25,"key":"SMITH"},{"data":"Electrodynamics","floor":27,"key":"SMITH"},{"data":"Beam Cell","floor":32,"key":"SMITH"}],"neow_cost":"NONE","seed_source_timestamp":4649189724607,"circlet_count":0,"master_deck":["Strike_B","Strike_B+1","Defend_B+1","Defend_B","Defend_B","Defend_B","Zap+1","Dualcast","Undo+1","Chill+1","Hologram+1","FTL","Panache","Cold Snap","Go for the Eyes+1","Electrodynamics+1","Rebound+1","Redo+1","Cold Snap+1","Sweeping Beam+1","Machine Learning+1","Compile Driver","Ball Lightning+1","Beam Cell+1","Thunder Strike","Redo+1","Conserve Battery","Loop+1","Madness","Madness","Capacitor+1"],"relics":["Cracked Core","NeowsBlessing","Strawberry","Bag of Marbles","War Paint","White Beast Statue","Whetstone","Orichalcum","Anchor","Shuriken","Matryoshka","Runic Pyramid","Emotion Chip"],"potions_floor_usage":[18,19,21,22,23,24,28,29,33,35,36,37,39],"damage_taken":[{"damage":0,"enemies":"2 Louse","floor":1,"turns":1},{"damage":0,"enemies":"Cultist","floor":3,"turns":1},{"damage":0,"enemies":"Jaw Worm","floor":5,"turns":1},{"damage":15,"enemies":"3 Louse","floor":6,"turns":5},{"damage":21,"enemies":"3 Sentries","floor":7,"turns":13},{"damage":0,"enemies":"2 Fungi Beasts","floor":12,"turns":4},{"damage":0,"enemies":"Gremlin Gang","floor":14,"turns":4},{"damage":0,"enemies":"The Guardian","floor":16,"turns":10},{"damage":3,"enemies":"Shell Parasite","floor":18,"turns":6},{"damage":8,"enemies":"2 Thieves","floor":19,"turns":4},{"damage":17,"enemies":"Snake Plant","floor":21,"turns":4},{"damage":0,"enemies":"Chosen and Byrds","floor":22,"turns":3},{"damage":5,"enemies":"Gremlin Leader","floor":23,"turns":6},{"damage":1,"enemies":"Cultist and Chosen","floor":24,"turns":6},{"damage":11,"enemies":"Slavers","floor":28,"turns":3},{"damage":2,"enemies":"Centurion and Healer","floor":29,"turns":3},{"damage":33,"enemies":"Collector","floor":33,"turns":8},{"damage":8,"enemies":"Orb Walker","floor":35,"turns":3},{"damage":4,"enemies":"3 Shapes","floor":36,"turns":5},{"damage":24,"enemies":"2 Orb Walkers","floor":37,"turns":4},{"damage":10,"enemies":"Transient","floor":39,"turns":5},{"damage":53,"enemies":"Nemesis","floor":40,"turns":6}],"seed_played":"7561920731482368041","potions_obtained":[{"floor":6,"key":"Strength Potion"},{"floor":7,"key":"Fire Potion"},{"floor":14,"key":"Ancient Potion"},{"floor":18,"key":"SteroidPotion"},{"floor":19,"key":"Regen Potion"},{"floor":21,"key":"SkillPotion"},{"floor":22,"key":"Explosive Potion"},{"floor":23,"key":"FairyPotion"},{"floor":24,"key":"SkillPotion"},{"floor":28,"key":"SkillPotion"},{"floor":29,"key":"LiquidBronze"},{"floor":33,"key":"FocusPotion"},{"floor":35,"key":"Fire Potion"},{"floor":36,"key":"FearPotion"},{"floor":37,"key":"Poison Potion"},{"floor":39,"key":"EssenceOfSteel"}],"is_trial":false,"path_per_floor":["M","?","M","?","M","M","E","R","T","R","$","M","R","M","R","B",null,"M","M","?","M","M","E","M","R","T","R","E","M","T","$","R","B",null,"M","M","?","?","M","E"],"character_chosen":"DEFECT","items_purchased":["Panache","Matryoshka"],"campfire_rested":0,"item_purchase_floors":[11,31],"current_hp_per_floor":[75,82,82,75,75,60,39,39,39,39,39,39,39,39,39,39,82,79,71,71,63,63,58,57,57,57,57,46,44,44,44,44,11,82,74,70,46,36,26,0],"gold":216,"neow_bonus":"THREE_ENEMY_KILL","is_prod":false,"is_daily":false,"chose_seed":false,"campfire_upgraded":7,"win_rate":0,"timestamp":1542893520,"path_taken":["M","?","?","?","M","M","E","R","T","R","$","M","R","M","R","BOSS","M","M","?","?","M","E","M","R","T","R","E","M","?","?","R","BOSS","M","M","?","?","M","E"],"build_version":"2018-11-15","purchased_purges":1,"victory":false,"max_hp_per_floor":[75,82,82,82,82,82,82,82,82,82,82,82,82,82,82,82,82,82,82,82,82,82,82,82,82,82,82,82,82,82,82,82,82,82,82,82,82,82,82,82],"card_choices":[{"not_picked":["Redo","Gash"],"picked":"Go for the Eyes","floor":1},{"not_picked":["Redo","Go for the Eyes"],"picked":"Undo","floor":3},{"not_picked":["Multi-Cast","Go for the Eyes"],"picked":"Chill","floor":5},{"not_picked":["Compile Driver","Turbo"],"picked":"Hologram","floor":6},{"not_picked":["Turbo","Fusion"],"picked":"FTL","floor":7},{"not_picked":["Barrage","Stack"],"picked":"Cold Snap","floor":12},{"not_picked":["Coolheaded","Redo"],"picked":"Go for the Eyes","floor":14},{"not_picked":["Amplify","Biased Cognition"],"picked":"Electrodynamics","floor":16},{"not_picked":["Compile Driver","Redo"],"picked":"Rebound","floor":18},{"not_picked":["Undo","Consume"],"picked":"Redo+1","floor":19},{"not_picked":["Melter","Fusion"],"picked":"Cold Snap+1","floor":21},{"not_picked":["Blizzard","Force Field"],"picked":"Sweeping Beam+1","floor":22},{"not_picked":["Conserve Battery+1","Cold Snap+1"],"picked":"Machine Learning","floor":23},{"not_picked":["Melter","Streamline"],"picked":"Compile Driver","floor":24},{"not_picked":["Recycle","Electrodynamics"],"picked":"Ball Lightning+1","floor":28},{"not_picked":["Turbo","Ball Lightning+1"],"picked":"Beam Cell","floor":29},{"not_picked":["Multi-Cast","Reboot"],"picked":"Thunder Strike","floor":33},{"not_picked":["BootSequence","Lockon"],"picked":"Redo+1","floor":35},{"not_picked":["Streamline","Beam Cell+1"],"picked":"Conserve Battery","floor":36},{"not_picked":["Streamline+1","Barrage+1"],"picked":"Loop+1","floor":37},{"not_picked":["Rebound+1","Rip and Tear"],"picked":"Capacitor+1","floor":39}],"player_experience":452645,"relics_obtained":[{"floor":7,"key":"Bag of Marbles"},{"floor":9,"key":"War Paint"},{"floor":23,"key":"Whetstone"},{"floor":26,"key":"Orichalcum"},{"floor":28,"key":"Anchor"},{"floor":30,"key":"Shuriken"},{"floor":37,"key":"Emotion Chip"}],"event_choices":[{"cards_removed":["Go for the Eyes"],"damage_healed":0,"gold_gain":0,"player_choice":"Gave Card","damage_taken":0,"relics_obtained":["Strawberry"],"max_hp_gain":0,"max_hp_loss":0,"event_name":"WeMeetAgain","floor":2,"gold_loss":0},{"cards_removed":["Strike_B"],"damage_healed":0,"gold_gain":0,"player_choice":"Card Removal","damage_taken":7,"max_hp_gain":0,"max_hp_loss":0,"event_name":"Golden Wing","floor":4,"gold_loss":0},{"damage_healed":0,"gold_gain":0,"player_choice":"Bought 0 Potions","damage_taken":0,"max_hp_gain":0,"max_hp_loss":0,"event_name":"The Woman in Blue","floor":20,"gold_loss":0},{"damage_healed":0,"gold_gain":0,"player_choice":"Fight","damage_taken":0,"max_hp_gain":0,"max_hp_loss":0,"event_name":"Mysterious Sphere","floor":37,"gold_loss":0},{"damage_healed":0,"gold_gain":0,"player_choice":"Embrace Madness","damage_taken":10,"max_hp_gain":0,"max_hp_loss":0,"event_name":"Winding Halls","floor":38,"gold_loss":0,"cards_obtained":["Madness","Madness"]}],"is_beta":false,"boss_relics":[{"not_picked":["Tiny House","Lizard Tail"],"picked":"White Beast Statue"},{"not_picked":["Calling Bell","Velvet Choker"],"picked":"Runic Pyramid"}],"items_purged_floors":[31],"is_endless":false,"potions_floor_spawned":[6,7,14,18,19,21,22,23,24,28,29,33,35,36,37,39],"killed_by":"Nemesis","ascension_level":0}