{"gold_per_floor":[113,124,55,5,5,40,53,53,99,126,136,136,154,166,166,270,270,256,355,3,14,14,44,56,68],"floor_reached":25,"playtime":680,"items_purged":[],"score":269,"play_id":"efbca83c-75ee-485b-a3a1-08046598c9ac","local_time":"20181204205620","is_ascension_mode":true,"campfire_choices":[{"data":"Rainbow","floor":8,"key":"SMITH"},{"data":"Consume","floor":15,"key":"SMITH"},{"floor":24,"key":"REST"}],"neow_cost":"NONE","seed_source_timestamp":35029457527650,"circlet_count":0,"master_deck":["Strike_B","Defend_B","Defend_B","Defend_B","Defend_B","Zap","Dualcast","Redo","Turbo","Consume+1","Rainbow+1","Chaos","Coolheaded","Chaos","Coolheaded","Ball Lightning","Meteor Strike","Loop","Loop","Amplify","Turbo+1"],"relics":["Cracked Core","NeowsBlessing","Happy Flower","Vajra","Strawberry","Cursed Key","DataDisk","MawBank"],"potions_floor_usage":[16,23,25],"damage_taken":[{"damage":0,"enemies":"Cultist","floor":1,"turns":1},{"damage":0,"enemies":"Small Slimes","floor":2,"turns":1},{"damage":0,"enemies":"Lagavulin","floor":6,"turns":1},{"damage":8,"enemies":"2 Louse","floor":7,"turns":2},{"damage":10,"enemies":"3 Sentries","floor":10,"turns":7},{"damage":0,"enemies":"Red Slaver","floor":11,"turns":3},{"damage":11,"enemies":"3 Louse","floor":13,"turns":3},{"damage":4,"enemies":"2 Fungi Beasts","floor":14,"turns":3},{"damage":7,"enemies":"The Guardian","floor":16,"turns":12},{"damage":20,"enemies":"2 Thieves","floor":18,"turns":4},{"damage":12,"enemies":"3 Byrds","floor":21,"turns":5},{"damage":28,"enemies":"Slavers","floor":23,"turns":6},{"damage":56,"enemies":"Gremlin Leader","floor":25,"turns":7}],"seed_played":"349984160024469223","potions_obtained":[{"floor":7,"key":"FearPotion"},{"floor":11,"key":"AttackPotion"},{"floor":14,"key":"AttackPotion"},{"floor":18,"key":"SpeedPotion"}],"is_trial":false,"path_per_floor":["M","M","$","?","?","E","M","R","T","E","M","?","M","M","R","B",null,"M","?","$","M","$","E","R","E"],"character_chosen":"DEFECT","items_purchased":["Consume","DataDisk","Loop","Amplify"],"campfire_rested":1,"item_purchase_floors":[3,20,20,20],"current_hp_per_floor":[75,75,75,75,68,68,60,60,60,57,57,57,46,42,42,35,82,62,62,62,50,50,22,46,0],"gold":68,"neow_bonus":"THREE_ENEMY_KILL","is_prod":false,"is_daily":false,"chose_seed":false,"campfire_upgraded":2,"win_rate":0,"timestamp":1543953380,"path_taken":["M","M","$","?","?","E","M","R","T","E","M","?","M","M","R","BOSS","M","?","$","M","$","E","R","E"],"build_version":"2018-12-4","purchased_purges":0,"victory":false,"max_hp_per_floor":[75,75,75,75,75,75,75,75,75,82,82,82,82,82,82,82,82,82,82,82,82,82,82,82,82],"card_choices":[{"not_picked":["Beam Cell","Turbo"],"picked":"Redo","floor":1},{"not_picked":["Rebound","Conserve Battery"],"picked":"Turbo","floor":2},{"not_picked":["Blizzard","Melter","Beam Cell"],"picked":"SKIP","floor":6},{"not_picked":["Rip and Tear","Go for the Eyes"],"picked":"Rainbow","floor":7},{"not_picked":["Undo","Compile Driver"],"picked":"Chaos","floor":10},{"not_picked":["Reinforced Body","Chill"],"picked":"Coolheaded","floor":11},{"not_picked":["Ball Lightning","Barrage"],"picked":"Coolheaded","floor":13},{"not_picked":["Lockon","Stack"],"picked":"Ball Lightning","floor":14},{"not_picked":["Reboot","Hyperbeam"],"picked":"Meteor Strike","floor":16},{"not_picked":["Barrage","Hologram"],"picked":"Loop","floor":18},{"not_picked":["Reinforced Body","Barrage"],"picked":"Turbo+1","floor":21},{"not_picked":["Redo","Compile Driver","Leap+1"],"picked":"SKIP","floor":23}],"player_experience":792473,"relics_obtained":[{"floor":6,"key":"Happy Flower"},{"floor":9,"key":"Vajra"},{"floor":10,"key":"Strawberry"},{"floor":23,"key":"MawBank"}],"event_choices":[{"cards_removed":["Strike_B"],"damage_healed":0,"gold_gain":0,"player_choice":"Card Removal","damage_taken":0,"max_hp_gain":0,"max_hp_loss":0,"event_name":"The Cleric","floor":4,"gold_loss":50},{"cards_removed":["Strike_B"],"damage_healed":0,"gold_gain":0,"player_choice":"Card Removal","damage_taken":7,"max_hp_gain":0,"max_hp_loss":0,"event_name":"Golden Wing","floor":5,"gold_loss":0},{"damage_healed":0,"gold_gain":0,"cards_transformed":["Strike_B"],"player_choice":"Transformed","damage_taken":0,"max_hp_gain":0,"max_hp_loss":0,"event_name":"Transmorgrifier","floor":12,"gold_loss":0,"cards_obtained":["Chaos"]},{"damage_healed":0,"gold_gain":99,"player_choice":"Stole From Cult","damage_taken":0,"max_hp_gain":0,"max_hp_loss":0,"event_name":"Nest","floor":19,"gold_loss":0}],"is_beta":true,"boss_relics":[{"not_picked":["Pandora\u0027s Box","Ectoplasm"],"picked":"Cursed Key"}],"items_purged_floors":[],"is_endless":false,"potions_floor_spawned":[7,11,14,18],"killed_by":"Gremlin Leader","ascension_level":1}