{"gold_per_floor":[20,20,20,39,39,70,70,95,107,119,148,160,97,109,109,211,211,226,326,342,360,260,260,260,135,161,179,179,179,204,214,214,315,315,328,328,88,100,120,154,164,184,229,248,73,73,87,103,103,103],"floor_reached":51,"playtime":2685,"items_purged":["Strike_G","Strike_G","Strike_G","Defend_G","Defend_G"],"score":934,"play_id":"512bd9fb-9de6-4907-b5c2-3fd8375a66d1","local_time":"20181023194819","is_ascension_mode":false,"campfire_choices":[{"data":"Prepared","floor":12.0,"key":"SMITH"},{"floor":15.0,"key":"REST"},{"data":"Grand Finale","floor":23.0,"key":"SMITH"},{"data":"Skewer","floor":28.0,"key":"SMITH"},{"data":"Survivor","floor":32.0,"key":"SMITH"},{"data":"Finesse","floor":46,"key":"SMITH"},{"data":"Well Laid Plans","floor":49,"key":"SMITH"}],"neow_cost":"NO_GOLD","seed_source_timestamp":0,"circlet_count":0,"master_deck":["Defend_G+1","Strike_G+1","Survivor+1","Neutralize+1","Skewer+1","Prepared+1","Tactician+1","Well Laid Plans+1","Dagger Throw+1","Grand Finale+1","Finesse+1"],"special_seed":0,"relics":["Ring of the Serpent","Dead Branch","Pear","MawBank","Shuriken","Strawberry","Busted Crown","Gambling Chip","Mummified Hand","MutagenicStrength","Whetstone","Darkstone Periapt","StoneCalendar","Lantern"],"potions_floor_usage":[50,50,50],"damage_taken":[{"damage":0.0,"enemies":"Small Slimes","floor":1.0,"turns":4.0},{"damage":2.0,"enemies":"Jaw Worm","floor":4.0,"turns":4.0},{"damage":22.0,"enemies":"3 Sentries","floor":6.0,"turns":10.0},{"damage":25.0,"enemies":"Gremlin Nob","floor":8.0,"turns":5.0},{"damage":0.0,"enemies":"Cultist","floor":11.0,"turns":3.0},{"damage":2.0,"enemies":"3 Louse","floor":14.0,"turns":3.0},{"damage":16.0,"enemies":"Hexaghost","floor":16.0,"turns":12.0},{"damage":3.0,"enemies":"2 Thieves","floor":18.0,"turns":3.0},{"damage":5.0,"enemies":"Colosseum Slavers","floor":19.0,"turns":2.0},{"damage":14.0,"enemies":"Colosseum Nobs","floor":19.0,"turns":3.0},{"damage":0.0,"enemies":"Spheric Guardian","floor":20.0,"turns":2.0},{"damage":13.0,"enemies":"Centurion and Healer","floor":21.0,"turns":3.0},{"damage":0.0,"enemies":"Snake Plant","floor":27.0,"turns":1.0},{"damage":0.0,"enemies":"Gremlin Leader","floor":30.0,"turns":1.0},{"damage":0.0,"enemies":"Cultist and Chosen","floor":31.0,"turns":1.0},{"damage":0.0,"enemies":"Automaton","floor":33.0,"turns":3.0},{"damage":0,"enemies":"Orb Walker","floor":35,"turns":1},{"damage":0,"enemies":"3 Shapes","floor":38,"turns":1},{"damage":3,"enemies":"Maw","floor":39,"turns":3},{"damage":0,"enemies":"Reptomancer","floor":40,"turns":2},{"damage":0,"enemies":"Jaw Worm Horde","floor":41,"turns":1},{"damage":0,"enemies":"Sphere and 2 Shapes","floor":42,"turns":1},{"damage":0,"enemies":"Spire Growth","floor":44,"turns":2},{"damage":0,"enemies":"3 Darklings","floor":47,"turns":1},{"damage":0,"enemies":"Maw","floor":48,"turns":3},{"damage":31,"enemies":"Time Eater","floor":50,"turns":5}],"seed_played":"-8707508709043314217","potions_obtained":[{"floor":6.0,"key":"Regen Potion"},{"floor":14.0,"key":"Dexterity Potion"},{"floor":16.0,"key":"Swift Potion"},{"floor":19.0,"key":"Strength Potion"},{"floor":40,"key":"Strength Potion"}],"is_trial":false,"path_per_floor":["M","?","?","M","?","E","?","E","T","?","M","R","$","M","R","B",null,"M","?","M","M","$","R","?","$","T","M","R","?","E","M","R","B",null,"M","?","$","M","M","E","M","M","T","M","$","R","M","M","R","B"],"character_chosen":"THE_SILENT","items_purchased":["Finesse"],"campfire_rested":1,"item_purchase_floors":[37],"current_hp_per_floor":[70,70,63,61,47,25,32,7,7,14,14,14,14,12,38,22,87,84,65,65,52,52,52,52,52,52,52,52,52,52,52,52,52,87,87,87,87,87,84,84,84,84,84,84,84,84,84,84,84,58],"gold":103,"neow_bonus":"REMOVE_TWO","is_prod":false,"is_daily":false,"chose_seed":false,"campfire_upgraded":6,"win_rate":0,"timestamp":1540295299,"path_taken":["M","?","?","M","?","E","?","E","T","?","M","R","$","M","R","BOSS","M","?","M","M","$","R","?","$","T","M","R","?","E","M","R","BOSS","M","?","$","M","M","E","M","M","T","?","$","R","M","M","R","BOSS"],"build_version":"2018-10-18","purchased_purges":5,"victory":true,"max_hp_per_floor":[70,70,70,70,70,70,80,80,80,87,87,87,87,87,87,87,87,87,87,87,87,87,87,87,87,87,87,87,87,87,87,87,87,87,87,87,87,87,87,87,87,87,87,87,87,87,87,87,87,87],"card_choices":[{"not_picked":["Deflect","Dagger Spray"],"picked":"Skewer","floor":1.0},{"not_picked":["Acrobatics","Slice","Quick Slash"],"picked":"SKIP","floor":4.0},{"not_picked":["Eviscerate","Leg Sweep"],"picked":"Prepared","floor":6.0},{"not_picked":["Acrobatics","Flying Knee"],"picked":"Tactician","floor":8.0},{"not_picked":["Bouncing Flask","Backflip"],"picked":"Well Laid Plans","floor":11.0},{"not_picked":["Acrobatics","Riddle With Holes"],"picked":"Dagger Throw","floor":14.0},{"not_picked":["Malaise","Burst"],"picked":"Grand Finale","floor":16.0},{"not_picked":["Endless Agony+1"],"picked":"SKIP","floor":18.0},{"not_picked":["All Out Attack"],"picked":"SKIP","floor":20.0},{"not_picked":["Deflect"],"picked":"SKIP","floor":21.0},{"not_picked":["Deadly Poison"],"picked":"SKIP","floor":27.0},{"not_picked":["Masterful Stab"],"picked":"SKIP","floor":30.0},{"not_picked":["Dagger Throw+1"],"picked":"SKIP","floor":31.0},{"not_picked":["Underhanded Strike+1"],"picked":"SKIP","floor":35},{"not_picked":["Prepared"],"picked":"SKIP","floor":38},{"not_picked":["Blade Dance"],"picked":"SKIP","floor":39},{"not_picked":["Eviscerate+1"],"picked":"SKIP","floor":40},{"not_picked":["Dagger Throw"],"picked":"SKIP","floor":41},{"not_picked":["Setup"],"picked":"SKIP","floor":42},{"not_picked":["Catalyst+1"],"picked":"SKIP","floor":44},{"not_picked":["Expertise"],"picked":"SKIP","floor":47},{"not_picked":["Outmaneuver+1"],"picked":"SKIP","floor":48}],"player_experience":334570,"relics_obtained":[{"floor":6.0,"key":"Dead Branch"},{"floor":8.0,"key":"MawBank"},{"floor":9.0,"key":"Shuriken"},{"floor":19.0,"key":"Gambling Chip"},{"floor":19.0,"key":"Mummified Hand"},{"floor":26.0,"key":"Whetstone"},{"floor":30.0,"key":"Darkstone Periapt"},{"floor":40,"key":"StoneCalendar"},{"floor":43,"key":"Lantern"}],"event_choices":[{"event_name":"The Cleric","player_choice":"Leave","floor":2.0,"damage_taken":0.0},{"event_name":"Golden Wing","player_choice":"Card Removal","floor":3.0,"damage_taken":0.0},{"event_name":"Shining Light","player_choice":"Entered Light","floor":5.0,"damage_taken":0.0},{"event_name":"Scrap Ooze","player_choice":"success","floor":7.0,"damage_taken":3.0},{"event_name":"Dead Adventurer","player_choice":"Searched \u00271\u0027 times","floor":10.0,"damage_taken":0.0},{"damage_healed":0.0,"max_hp_gain":0.0,"max_hp_loss":0.0,"gold_gain":0.0,"event_name":"Colosseum","player_choice":"Fight","floor":19.0,"gold_loss":0.0,"damage_taken":0.0},{"damage_healed":0.0,"max_hp_gain":0.0,"max_hp_loss":0.0,"gold_gain":0.0,"event_name":"Colosseum","player_choice":"Fought Nobs","floor":19.0,"gold_loss":0.0,"damage_taken":0.0},{"damage_healed":0.0,"max_hp_gain":0.0,"max_hp_loss":0.0,"gold_gain":0.0,"event_name":"Drug Dealer","player_choice":"Inject Mutagens","floor":24.0,"gold_loss":0.0,"damage_taken":0.0,"relics_obtained":["MutagenicStrength"]},{"damage_healed":0.0,"max_hp_gain":0.0,"max_hp_loss":0.0,"gold_gain":0.0,"event_name":"Upgrade Shrine","player_choice":"Upgraded","floor":29.0,"gold_loss":0.0,"damage_taken":0.0,"cards_upgraded":["Tactician"]},{"damage_healed":0,"gold_gain":0,"player_choice":"Memory 1","damage_taken":0,"max_hp_gain":0,"max_hp_loss":0,"event_name":"SensoryStone","floor":36,"gold_loss":0}],"is_beta":false,"boss_relics":[{"not_picked":["Snecko Eye","Philosopher\u0027s Stone"],"picked":"Busted Crown"},{"not_picked":["WristBlade","Fusion Hammer"],"picked":"Ring of the Serpent"}],"items_purged_floors":[13,22,25,37,45],"is_endless":false,"potions_floor_spawned":[6,14,16,19,19,20,31,40,41,44,47,48],"ascension_level":0}