{"gold_per_floor":[218,232,232,232,253,297,315,339,339,339,373,389,410,410,410,410],"floor_reached":16,"playtime":908,"items_purged":[],"score":114,"play_id":"3c5dfa8a-9ad5-4bfb-915c-6bcabc73782b","local_time":"20180709204909","is_ascension_mode":false,"campfire_choices":[{"floor":15,"key":"REST"}],"neow_cost":"NONE","seed_source_timestamp":0,"circlet_count":0,"master_deck":["Strike_B","Strike_B","Strike_B","Strike_B","Defend_B","Defend_B","Defend_B","Zap","Dualcast","Beam Cell","White Noise+1","Injury","Scrape","FTL","Gash","Steam+1","Redo+1","Leap+1","Injury"],"special_seed":0,"relics":["Cracked Core","Golden Idol","Cables","Toxic Egg 2","Letter Opener"],"potions_floor_usage":[8,12,13,16,16],"damage_taken":[{"damage":8.0,"enemies":"2 Louse","floor":1.0,"turns":3.0},{"damage":0.0,"enemies":"Cultist","floor":2.0,"turns":3.0},{"damage":5.0,"enemies":"Small Slimes","floor":5.0,"turns":3.0},{"damage":37,"enemies":"Gremlin Nob","floor":6,"turns":4},{"damage":5,"enemies":"2 Fungi Beasts","floor":7,"turns":3},{"damage":20,"enemies":"Exordium Thugs","floor":8,"turns":3},{"damage":26,"enemies":"Lagavulin","floor":11,"turns":5},{"damage":3,"enemies":"Looter","floor":12,"turns":2},{"damage":2,"enemies":"Large Slime","floor":13,"turns":3},{"damage":25,"enemies":"The Guardian","floor":16,"turns":8}],"seed_played":"-6919242082436219649","potions_obtained":[{"floor":7,"key":"Regen Potion"},{"floor":8,"key":"GamblersBrew"},{"floor":11,"key":"SkillPotion"},{"floor":12,"key":"PowerPotion"},{"floor":13,"key":"PowerPotion"}],"is_trial":false,"path_per_floor":["M","M","?","?","M","E","M","M","T","?","E","M","M","?","R"],"character_chosen":"DEFECT","items_purchased":[],"campfire_rested":1,"item_purchase_floors":[],"current_hp_per_floor":[67,67,67,67,62,25,20,9,9,34,8,5,3,3,25,0],"gold":410,"neow_bonus":"HUNDRED_GOLD","is_prod":false,"is_daily":false,"chose_seed":false,"campfire_upgraded":0,"win_rate":0,"timestamp":1531140549,"path_taken":["M","M","?","?","M","E","M","?","T","?","E","M","?","?","R","BOSS"],"build_version":"2018-07-05","purchased_purges":0,"victory":false,"max_hp_per_floor":[75,75,75,75,75,75,75,75,75,75,75,75,75,75,75,75],"card_choices":[{"not_picked":["Redo","Streamline"],"picked":"Beam Cell","floor":1.0},{"not_picked":["Glacier","Loop"],"picked":"White Noise","floor":2.0},{"not_picked":["Hologram","Undo"],"picked":"Scrape","floor":5},{"not_picked":["Sunder","Defragment"],"picked":"FTL","floor":6},{"not_picked":["Undo","Hologram","Redo"],"picked":"SKIP","floor":7},{"not_picked":["Reprogram","Self Repair"],"picked":"Gash","floor":8},{"not_picked":["Beam Cell","Skim+1"],"picked":"Steam+1","floor":11},{"not_picked":["Go for the Eyes","Sunder"],"picked":"Redo+1","floor":12},{"not_picked":["Thunder Strike","Force Field+1"],"picked":"Leap+1","floor":13}],"player_experience":113837,"relics_obtained":[{"floor":6,"key":"Cables"},{"floor":9,"key":"Toxic Egg 2"},{"floor":11,"key":"Letter Opener"}],"event_choices":[{"event_name":"Bonfire Elementals","player_choice":"BASIC","floor":3.0,"damage_taken":0.0},{"event_name":"Golden Idol","player_choice":"Take Wound","floor":4.0,"damage_taken":0.0},{"event_name":"Big Fish","player_choice":"Banana","floor":10,"damage_taken":0},{"event_name":"Accursed Blacksmith","player_choice":"Forge","floor":14,"damage_taken":0}],"boss_relics":[],"items_purged_floors":[],"is_endless":false,"potions_floor_spawned":[7,8,11,12,13],"killed_by":"The Guardian","ascension_level":0}