{"gold_per_floor":[114,125,142,155,173,202,49,49,49,49,49],"floor_reached":11,"playtime":385,"items_purged":[],"score":135,"play_id":"144f85f7-eb5f-4a38-aca6-5b3e10a6bfda","local_time":"20180916020750","is_ascension_mode":true,"campfire_choices":[{"data":"Capacitor","floor":8,"key":"SMITH"}],"neow_cost":"","seed_source_timestamp":138478088325111,"circlet_count":0,"master_deck":["Strike_B","Strike_B","Strike_B","Defend_B","Defend_B","Defend_B","Defend_B","Zap","Dualcast","AscendersBane","Self Repair","Cold Snap","Glacier","Compile Driver","Go for the Eyes","Capacitor+1","Coolheaded"],"relics":["Cracked Core","Regal Pillow","Nunchaku"],"potions_floor_usage":[6,6,11],"damage_taken":[{"damage":1,"enemies":"Cultist","floor":1,"turns":3},{"damage":2,"enemies":"2 Louse","floor":2,"turns":3},{"damage":3,"enemies":"Small Slimes","floor":3,"turns":3},{"damage":7,"enemies":"Looter","floor":4,"turns":3},{"damage":16,"enemies":"Exordium Wildlife","floor":5,"turns":7},{"damage":17,"enemies":"Lagavulin","floor":6,"turns":9},{"damage":53,"enemies":"Gremlin Nob","floor":11,"turns":6}],"seed_played":"-6866023523872788658","potions_obtained":[{"floor":2,"key":"Swift Potion"},{"floor":3,"key":"Dexterity Potion"},{"floor":5,"key":"EssenceOfSteel"},{"floor":6,"key":"Energy Potion"}],"is_trial":false,"path_per_floor":["M","M","M","M","M","E","$","R","T","?"],"character_chosen":"DEFECT","items_purchased":["Capacitor","Coolheaded"],"campfire_rested":0,"item_purchase_floors":[7,7],"current_hp_per_floor":[63,68,71,64,55,45,45,45,45,45,0],"gold":49,"neow_bonus":"","is_prod":false,"is_daily":false,"chose_seed":false,"campfire_upgraded":1,"win_rate":0,"timestamp":1537056470,"path_taken":["M","M","M","M","M","E","$","R","T","?","E"],"build_version":"2018-09-12","purchased_purges":0,"victory":false,"max_hp_per_floor":[71,71,71,71,71,71,71,71,71,71,71],"card_choices":[{"not_picked":["Conserve Battery","Rebound"],"picked":"Self Repair","floor":1},{"not_picked":["Lockon","Capacitor"],"picked":"Cold Snap","floor":2},{"not_picked":["Compile Driver","Gash"],"picked":"Glacier","floor":3},{"not_picked":["Beam Cell","Genetic Algorithm"],"picked":"Compile Driver","floor":4},{"not_picked":["Conserve Battery","Reinforced Body"],"picked":"Go for the Eyes","floor":5},{"not_picked":["Aggregate","Stack","Undo"],"picked":"SKIP","floor":6}],"player_experience":644727,"relics_obtained":[{"floor":6,"key":"Regal Pillow"},{"floor":9,"key":"Nunchaku"}],"event_choices":[{"event_name":"Bonfire Elementals","player_choice":"BASIC","floor":10,"damage_taken":0}],"is_beta":true,"boss_relics":[],"items_purged_floors":[],"is_endless":false,"potions_floor_spawned":[2,3,5,6],"killed_by":"Gremlin Nob","ascension_level":16}