{"gold_per_floor":[110,164,164,180,23,23,35,35,35,92,38,63,97,114,114,216,216,228,247,247,259,184,184,184,184,211,226,254,353,382,396,396,494,494,506,285,338,349,369,369,395,152,152,152,180,180,180,199,199,199],"floor_reached":51,"playtime":2276,"items_purged":["Defend_P","EmptyFist"],"score":1116,"play_id":"f9c9e8f9-00bf-4408-99ff-c329bb5e2927","local_time":"20191018172936","is_ascension_mode":true,"campfire_choices":[{"data":"PathToVictory","floor":6.0,"key":"SMITH"},{"data":"FearNoEvil","floor":8.0,"key":"SMITH"},{"data":"PathToVictory","floor":15.0,"key":"SMITH"},{"data":"PathToVictory","floor":23.0,"key":"SMITH"},{"data":"Wireheading","floor":25.0,"key":"SMITH"},{"data":"PathToVictory","floor":32.0,"key":"SMITH"},{"data":"Judgement","floor":40,"key":"SMITH"},{"floor":44,"key":"REST"},{"data":"ThirdEye","floor":46,"key":"SMITH"},{"data":"Vigilance","floor":49,"key":"SMITH"}],"neow_cost":"NONE","seed_source_timestamp":1580585151550,"circlet_count":0,"master_deck":["Strike_P+1","Strike_P+1","Defend_P+1","Defend_P+1","Eruption+1","Vigilance+1","CurseOfTheBell","PathToVictory+1","FearNoEvil+1","PathToVictory+1","Sanctity","Wireheading+1","Judgement+1","PathToVictory+1","PathToVictory+1","ThirdEye+1","PathToVictory+1"],"special_seed":0,"relics":["Calling Bell","Art of War","Meat on the Bone","TungstenRod","Whetstone","War Paint","PreservedInsect","Boot","Toy Ornithopter","Potion Belt","Empty Cage","MutagenicStrength","Happy Flower","Red Mask","Mercury Hourglass","Busted Crown","TheAbacus","Incense Burner","Lantern","Regal Pillow","Question Card","Dream Catcher"],"potions_floor_usage":[35,41,50,50],"damage_taken":[{"damage":11.0,"enemies":"Cultist","floor":1.0,"turns":3.0},{"damage":3.0,"enemies":"Jaw Worm","floor":4.0,"turns":3.0},{"damage":2.0,"enemies":"Small Slimes","floor":7.0,"turns":3.0},{"damage":34.0,"enemies":"Lagavulin Event","floor":10.0,"turns":4.0},{"damage":0.0,"enemies":"Gremlin Nob","floor":13.0,"turns":2.0},{"damage":2.0,"enemies":"Exordium Thugs","floor":14.0,"turns":3.0},{"damage":25.0,"enemies":"Hexaghost","floor":16.0,"turns":8.0},{"damage":6.0,"enemies":"Shell Parasite","floor":18.0,"turns":3.0},{"damage":3.0,"enemies":"Chosen","floor":19.0,"turns":4.0},{"damage":15.0,"enemies":"Snake Plant","floor":21.0,"turns":2.0},{"damage":15.0,"enemies":"3 Cultists","floor":27.0,"turns":5.0},{"damage":11.0,"enemies":"Masked Bandits","floor":28.0,"turns":3.0},{"damage":0.0,"enemies":"Gremlin Leader","floor":30.0,"turns":4.0},{"damage":2.0,"enemies":"Sentry and Sphere","floor":31.0,"turns":3.0},{"damage":41.0,"enemies":"Automaton","floor":33.0,"turns":8.0},{"damage":27,"enemies":"3 Darklings","floor":35,"turns":4},{"damage":35,"enemies":"2 Orb Walkers","floor":37,"turns":4},{"damage":0,"enemies":"Orb Walker","floor":38,"turns":3},{"damage":0,"enemies":"Transient","floor":39,"turns":5},{"damage":29,"enemies":"Nemesis","floor":41,"turns":3},{"damage":0,"enemies":"Giant Head","floor":45,"turns":4},{"damage":0,"enemies":"Sphere and 2 Shapes","floor":48,"turns":3},{"damage":66,"enemies":"Awakened One","floor":50,"turns":9}],"seed_played":"-7370524372578565202","potions_obtained":[{"floor":1.0,"key":"Energy Potion"},{"floor":4.0,"key":"Weak Potion"},{"floor":13.0,"key":"StancePotion"},{"floor":14.0,"key":"GamblersBrew"},{"floor":21.0,"key":"StancePotion"},{"floor":28.0,"key":"AttackPotion"},{"floor":30.0,"key":"Swift Potion"},{"floor":38,"key":"FearPotion"},{"floor":39,"key":"GamblersBrew"},{"floor":45,"key":"Fire Potion"}],"is_trial":false,"path_per_floor":["M","T","?","M","$","R","M","R","T","?","$","T","E","M","R","B",null,"M","M","?","M","?","R","?","R","T","M","?","?","E","M","R","B",null,"M","$","?","M","M","R","E","$","T","R","E","R","?","M","R","B",null],"character_chosen":"WATCHER","items_purchased":["War Paint","PathToVictory","TheAbacus","Regal Pillow"],"campfire_rested":1,"item_purchase_floors":[5,11,36,42],"current_hp_per_floor":[54,54,54,51,51,51,49,49,49,27,27,27,39,42,42,29,61,55,52,52,37,37,37,37,37,37,34,35,35,47,45,45,21,59,37,37,14,26,38,38,26,26,26,62,62,62,62,62,62,18],"gold":199,"neow_bonus":"BOSS_RELIC","is_prod":false,"is_daily":false,"chose_seed":false,"campfire_upgraded":9,"win_rate":0,"timestamp":1571387376,"path_taken":["M","?","?","?","$","R","M","R","T","?","$","?","E","M","R","BOSS","M","M","?","M","?","R","?","R","T","M","?","?","E","M","R","BOSS","M","$","?","M","M","R","E","$","T","R","E","R","?","?","R","BOSS"],"build_version":"2019-10-17","purchased_purges":2,"victory":true,"max_hp_per_floor":[72,72,72,72,72,72,72,72,72,72,72,72,72,72,72,72,72,72,72,72,72,72,72,72,72,72,72,72,72,72,72,72,72,72,72,72,72,72,72,72,72,72,72,72,72,72,72,72,72,72],"card_choices":[{"not_picked":["Collect","SandsOfTime"],"picked":"EmptyFist","floor":1.0},{"not_picked":["Consecrate","ReachHeaven"],"picked":"PathToVictory","floor":4.0},{"not_picked":["EmptyFist","Halt"],"picked":"FearNoEvil","floor":7.0},{"not_picked":["FlurryOfBlows","FlyingSleeves"],"picked":"Sanctity","floor":13.0},{"not_picked":["Vengeance","Consecrate"],"picked":"Wireheading","floor":14.0},{"not_picked":["DeusExMachina","DevaForm"],"picked":"Judgement","floor":16.0},{"not_picked":["SashWhip","EmptyBody","ForeignInfluence+1"],"picked":"SKIP","floor":18.0},{"not_picked":["CrushJoints+1","Protect","SandsOfTime"],"picked":"SKIP","floor":19.0},{"not_picked":["JustLucky","Protect+1","Pray"],"picked":"SKIP","floor":21.0},{"not_picked":["SandsOfTime","Sanctity","EmptyBody"],"picked":"SKIP","floor":27.0},{"not_picked":["ThirdEye","Collect"],"picked":"PathToVictory","floor":30.0},{"not_picked":["SashWhip","Halt"],"picked":"ThirdEye","floor":31.0},{"not_picked":["FlurryOfBlows+1"],"picked":"SKIP","floor":35},{"not_picked":["FearNoEvil+1"],"picked":"SKIP","floor":38},{"not_picked":["WaveOfTheHand+1"],"picked":"SKIP","floor":39},{"not_picked":["CrushJoints"],"picked":"SKIP","floor":41},{"not_picked":["SashWhip","Brilliance"],"picked":"SKIP","floor":45},{"not_picked":["Halt+1","JustLucky+1"],"picked":"SKIP","floor":48}],"player_experience":601867,"relics_obtained":[{"floor":0.0,"key":"Art of War"},{"floor":0.0,"key":"Meat on the Bone"},{"floor":0.0,"key":"TungstenRod"},{"floor":2.0,"key":"Whetstone"},{"floor":9.0,"key":"PreservedInsect"},{"floor":10.0,"key":"Boot"},{"floor":12.0,"key":"Toy Ornithopter"},{"floor":13.0,"key":"Potion Belt"},{"floor":26.0,"key":"Happy Flower"},{"floor":28.0,"key":"Red Mask"},{"floor":30.0,"key":"Mercury Hourglass"},{"floor":37,"key":"Incense Burner"},{"floor":41,"key":"Lantern"},{"floor":43,"key":"Question Card"},{"floor":45,"key":"Dream Catcher"}],"event_choices":[{"damage_healed":0.0,"max_hp_gain":0.0,"max_hp_loss":0.0,"gold_gain":0.0,"event_name":"Accursed Blacksmith","player_choice":"Forge","floor":3.0,"gold_loss":0.0,"damage_taken":0.0,"cards_upgraded":["Eruption"]},{"damage_healed":0.0,"max_hp_gain":0.0,"max_hp_loss":0.0,"gold_gain":30.0,"event_name":"Dead Adventurer","player_choice":"Searched \u00272\u0027 times","floor":10.0,"gold_loss":0.0,"damage_taken":0.0},{"damage_healed":0.0,"max_hp_gain":0.0,"max_hp_loss":0.0,"gold_gain":0.0,"event_name":"The Library","player_choice":"Read","floor":20.0,"gold_loss":0.0,"damage_taken":0.0,"cards_obtained":["PathToVictory"]},{"cards_removed":["Strike_P"],"damage_healed":0.0,"max_hp_gain":0.0,"max_hp_loss":0.0,"gold_gain":0.0,"event_name":"Beggar","player_choice":"Gave Gold","floor":22.0,"gold_loss":75.0,"damage_taken":0.0},{"damage_healed":0.0,"max_hp_gain":0.0,"max_hp_loss":0.0,"gold_gain":0.0,"event_name":"Drug Dealer","player_choice":"Inject Mutagens","floor":24.0,"gold_loss":0.0,"damage_taken":0.0,"relics_obtained":["MutagenicStrength"]},{"damage_healed":0.0,"max_hp_gain":0.0,"max_hp_loss":0.0,"gold_gain":0.0,"event_name":"Masked Bandits","player_choice":"Fought Bandits","floor":28.0,"gold_loss":0.0,"damage_taken":0.0},{"damage_healed":0.0,"max_hp_gain":0.0,"max_hp_loss":0.0,"gold_gain":99.0,"event_name":"Nest","player_choice":"Stole From Cult","floor":29.0,"gold_loss":0.0,"damage_taken":0.0},{"damage_healed":0,"gold_gain":0,"player_choice":"Fight","damage_taken":0,"max_hp_gain":0,"max_hp_loss":0,"event_name":"Mysterious Sphere","floor":37,"gold_loss":0},{"damage_healed":0,"gold_gain":0,"player_choice":"Copied","damage_taken":0,"max_hp_gain":0,"max_hp_loss":0,"event_name":"Duplicator","floor":47,"gold_loss":0,"cards_obtained":["PathToVictory"]}],"is_beta":true,"boss_relics":[{"not_picked":["Ectoplasm","Philosopher\u0027s Stone"],"picked":"Empty Cage"},{"not_picked":["SacredBark","Pandora\u0027s Box"],"picked":"Busted Crown"}],"items_purged_floors":[36,42],"is_endless":false,"potions_floor_spawned":[1,4,13,14,21,28,30,38,39,45],"ascension_level":7}