{"gold_per_floor":[111,128,142,154,168,201,126,146,171,171,235,258,270,298,298,298],"floor_reached":16,"playtime":1649,"items_purged":["Defend_R"],"score":139,"play_id":"1ea7f675-2139-40ba-a25f-435a544c2cfd","local_time":"20180630152514","is_ascension_mode":false,"campfire_choices":[{"data":"Seeing Red","floor":10,"key":"SMITH"},{"floor":15,"key":"REST"}],"neow_cost":"TEN_PERCENT_HP_LOSS","seed_source_timestamp":6617839306494,"circlet_count":0,"master_deck":["Strike_R","Strike_R+1","Strike_R","Strike_R","Strike_R","Defend_R","Defend_R","Defend_R","Bash","Shrug It Off","Seeing Red+1","Thunderclap+1","Shrug It Off","Shrug It Off","Shrug It Off","Rage","Flex","Cleave"],"relics":["Burning Blood","Thread and Needle","Frozen Egg 2","Orichalcum","Whetstone","Odd Mushroom","Strawberry"],"potions_floor_usage":[6,8,11,16],"damage_taken":[{"damage":0,"enemies":"Cultist","floor":1,"turns":3},{"damage":9,"enemies":"2 Louse","floor":2,"turns":3},{"damage":0,"enemies":"Jaw Worm","floor":3,"turns":3},{"damage":1,"enemies":"2 Fungi Beasts","floor":4,"turns":4},{"damage":0,"enemies":"Blue Slaver","floor":5,"turns":5},{"damage":34,"enemies":"Lagavulin","floor":6,"turns":7},{"damage":3,"enemies":"Exordium Wildlife","floor":8,"turns":6},{"damage":44,"enemies":"Lagavulin Event","floor":11,"turns":10},{"damage":13,"floor":12,"turns":4},{"damage":0,"enemies":"3 Louse","floor":13,"turns":3},{"damage":3,"enemies":"3 Sentries","floor":14,"turns":9},{"damage":57,"enemies":"Hexaghost","floor":16,"turns":15}],"seed_played":"3364986997385167062","potions_obtained":[{"floor":2,"key":"Regen Potion"},{"floor":4,"key":"Fire Potion"},{"floor":5,"key":"SneckoOil"},{"floor":6,"key":"SteroidPotion"},{"floor":14,"key":"Weak Potion"}],"is_trial":false,"path_per_floor":["M","M","M","M","M","E","$","M","T","R","?","?","M","E","R"],"character_chosen":"IRONCLAD","items_purchased":[],"campfire_rested":1,"item_purchase_floors":[],"current_hp_per_floor":[72,69,72,72,72,44,44,47,47,47,24,17,23,33,56,0],"gold":298,"neow_bonus":"ONE_RARE_RELIC","is_prod":false,"is_daily":false,"chose_seed":false,"campfire_upgraded":1,"win_rate":0.0,"timestamp":1530343514,"path_taken":["M","M","?","M","M","E","$","M","T","R","?","?","?","E","R","BOSS"],"build_version":"2018-06-28","purchased_purges":1,"victory":false,"max_hp_per_floor":[72,72,72,72,72,72,72,72,72,72,72,72,72,79,79,79],"card_choices":[{"not_picked":["Warcry","Second Wind"],"picked":"Shrug It Off","floor":1},{"not_picked":["Burning Pact","True Grit"],"picked":"Seeing Red","floor":2},{"not_picked":["Flex","Warcry","Burning Pact"],"picked":"SKIP","floor":3},{"not_picked":["Impervious","Body Slam"],"picked":"Thunderclap","floor":4},{"not_picked":["Blood for Blood","Bloodletting"],"picked":"Shrug It Off","floor":5},{"not_picked":["Reckless Charge","Armaments"],"picked":"Shrug It Off","floor":6},{"not_picked":["Twin Strike","Perfected Strike"],"picked":"Shrug It Off","floor":8},{"not_picked":["Heavy Blade","Fire Breathing+1"],"picked":"Rage","floor":12},{"not_picked":["Corruption+1","Perfected Strike"],"picked":"Flex","floor":13},{"not_picked":["Flex","Disarm"],"picked":"Cleave","floor":14}],"player_experience":9265,"relics_obtained":[{"floor":6,"key":"Frozen Egg 2"},{"floor":9,"key":"Orichalcum"},{"floor":11,"key":"Whetstone"},{"floor":12,"key":"Odd Mushroom"},{"floor":14,"key":"Strawberry"}],"event_choices":[{"event_name":"Dead Adventurer","player_choice":"Searched \u00272\u0027 times","floor":11,"damage_taken":0},{"event_name":"Mushrooms","player_choice":"Fought Mushrooms","floor":12,"damage_taken":0}],"boss_relics":[],"items_purged_floors":[7],"is_endless":false,"potions_floor_spawned":[2,4,5,6,14],"killed_by":"Hexaghost","ascension_level":0}