{"gold_per_floor":[209,222,239,239,164,164,196,196,196,196,196,196,51,71,71,175,175,195,246,41,41,57,57,88,106,106,106],"floor_reached":27,"playtime":1081,"items_purged":["Defend_R","Strike_R","Strike_R"],"score":318,"play_id":"2843b733-d83f-436a-a443-730b84fe7acf","local_time":"20180928173232","is_ascension_mode":true,"campfire_choices":[{"data":"Cleave","floor":6,"key":"SMITH"},{"data":"Heavy Blade","floor":8,"key":"SMITH"},{"data":"Bash","floor":10,"key":"SMITH"},{"data":"Defend_R","floor":12,"key":"SMITH"},{"floor":15,"key":"REST"},{"data":"Limit Break","floor":23,"key":"SMITH"}],"neow_cost":"NONE","seed_source_timestamp":4765716459144,"circlet_count":0,"master_deck":["Strike_R","Strike_R","Defend_R+1","Defend_R","Defend_R+1","Bash+1","Cleave+1","Flex+1","Heavy Blade+1","Flex","Limit Break+1","Battle Trance+1","Inflame+1","Barricade+1","Headbutt+1","Clash","Iron Wave+1"],"relics":["Burning Blood","Frozen Egg 2","Incense Burner","Black Star","Bag of Preparation","Strawberry","Regal Pillow","Bottled Flame"],"potions_floor_usage":[16,16],"damage_taken":[{"damage":12,"enemies":"Small Slimes","floor":1,"turns":5},{"damage":7,"enemies":"Jaw Worm","floor":2,"turns":3},{"damage":1,"enemies":"Cultist","floor":3,"turns":3},{"damage":32,"enemies":"Lagavulin","floor":7,"turns":5},{"damage":0,"enemies":"Exordium Thugs","floor":14,"turns":3},{"damage":16,"enemies":"Slime Boss","floor":16,"turns":8},{"damage":3,"enemies":"Spheric Guardian","floor":18,"turns":3},{"damage":33,"enemies":"2 Thieves","floor":22,"turns":3},{"damage":24,"enemies":"Slavers","floor":24,"turns":3},{"damage":36,"enemies":"Snecko","floor":25,"turns":4},{"damage":8,"enemies":"Book of Stabbing","floor":27,"turns":2}],"seed_played":"264508228374710477","potions_obtained":[{"floor":1,"key":"Swift Potion"},{"floor":7,"key":"Block Potion"},{"floor":14,"key":"LiquidBronze"},{"floor":24,"key":"Fire Potion"}],"is_trial":false,"path_per_floor":["M","M","M","?","$","R","E","R","T","R","?","R","$","M","R","B",null,"M","T","$","?","M","R","E","M","T"],"character_chosen":"IRONCLAD","items_purchased":["Flex","Inflame+1"],"campfire_rested":1,"item_purchase_floors":[13,20],"current_hp_per_floor":[74,73,78,62,62,62,36,36,36,36,28,28,28,34,58,48,72,75,75,75,75,48,48,37,7,7,0],"gold":106,"neow_bonus":"HUNDRED_GOLD","is_prod":false,"is_daily":false,"chose_seed":false,"campfire_upgraded":5,"win_rate":0,"timestamp":1538127152,"path_taken":["M","M","M","?","$","R","E","R","T","R","?","R","?","M","R","BOSS","M","?","$","?","?","R","E","?","T","E"],"build_version":"2018-09-27","purchased_purges":3,"victory":false,"max_hp_per_floor":[80,80,80,80,80,80,80,80,80,80,80,80,80,80,80,80,80,80,80,80,80,80,80,87,87,87,87],"card_choices":[{"not_picked":["Rupture","Flame Barrier"],"picked":"Cleave","floor":1},{"not_picked":["Combust","Uppercut"],"picked":"Flex","floor":2},{"not_picked":["Corruption","Rupture","Evolve"],"picked":"SKIP","floor":3},{"not_picked":["Flex","True Grit"],"picked":"Heavy Blade","floor":7},{"not_picked":["Corruption+1","Blood for Blood","Perfected Strike"],"picked":"SKIP","floor":14},{"not_picked":["Dark Embrace+1","Impervious"],"picked":"Limit Break","floor":16},{"not_picked":["Headbutt","Cleave"],"picked":"Battle Trance+1","floor":18},{"not_picked":["Feel No Pain+1","Warcry"],"picked":"Headbutt+1","floor":22},{"not_picked":["Combust+1","Power Through"],"picked":"Clash","floor":24},{"not_picked":["Battle Trance","Shrug It Off"],"picked":"Iron Wave+1","floor":25}],"player_experience":289526,"relics_obtained":[{"floor":7,"key":"Frozen Egg 2"},{"floor":9,"key":"Incense Burner"},{"floor":19,"key":"Bag of Preparation"},{"floor":24,"key":"Strawberry"},{"floor":24,"key":"Regal Pillow"},{"floor":26,"key":"Bottled Flame"}],"event_choices":[{"event_name":"Shining Light","player_choice":"Entered Light","floor":4,"damage_taken":0},{"event_name":"Wheel of Change","player_choice":"Damage","floor":11,"damage_taken":0},{"event_name":"Transmorgrifier","player_choice":"Transform","floor":21,"damage_taken":0}],"is_beta":false,"boss_relics":[{"not_picked":["Sozu","Ectoplasm"],"picked":"Black Star"}],"items_purged_floors":[5,13,20],"is_endless":false,"potions_floor_spawned":[1,7,14,24],"killed_by":"Book of Stabbing","ascension_level":5}