{"gold_per_floor":[118,118,193,209,56,56,76,76,76,76,76,92,42,61,61,162,162,177,177,276,84,97,97,48,48,48,3,3,14,30,40,40,142,192,209,209,18,18,18,18,47,147,173,184,184,10,10,10,10,10],"floor_reached":50,"playtime":2035,"items_purged":["Strike_G","Strike_G","Writhe"],"score":638,"play_id":"0f865774-e91d-49ad-b390-c5cbeb0a6163","local_time":"20181111160745","is_ascension_mode":true,"campfire_choices":[{"data":"Skewer","floor":6.0,"key":"SMITH"},{"data":"Dash","floor":8.0,"key":"SMITH"},{"data":"Neutralize","floor":11.0,"key":"SMITH"},{"data":"Dagger Throw","floor":15.0,"key":"SMITH"},{"data":"A Thousand Cuts","floor":23.0,"key":"SMITH"},{"data":"Blade Dance","floor":25.0,"key":"SMITH"},{"data":"Cloak And Dagger","floor":28.0,"key":"SMITH"},{"data":"Infinite Blades","floor":32.0,"key":"SMITH"},{"data":"After Image","floor":40.0,"key":"SMITH"},{"data":"Accuracy","floor":49.0,"key":"SMITH"}],"neow_cost":"NONE","seed_source_timestamp":12724964045248,"circlet_count":0,"master_deck":["Defend_G","Defend_G","Defend_G+1","Defend_G","Defend_G","Survivor","Neutralize+1","Dash+1","Dagger Throw+1","Skewer+1","Slice","Slice","A Thousand Cuts+1","Choke","Backstab","Footwork","Dodge and Roll","Prepared+1","Trip","Terror+1","Blade Dance+1","Cloak And Dagger+1","Infinite Blades+1","Acrobatics","Concentrate+1","After Image+1","Blade Dance","Blade Dance+1","Deflect+1","Accuracy+1","Deflect"],"special_seed":0,"relics":["Coffee Dripper","Vajra","Question Card","Orrery","Ice Cream","Tiny House","Chemical X","Mummified Hand","Incense Burner","Lantern"],"potions_floor_usage":[50],"damage_taken":[{"damage":0.0,"enemies":"2 Louse","floor":1.0,"turns":3.0},{"damage":0.0,"enemies":"Jaw Worm","floor":4.0,"turns":4.0},{"damage":0.0,"enemies":"Small Slimes","floor":7.0,"turns":2.0},{"damage":0.0,"enemies":"Exordium Wildlife","floor":12.0,"turns":4.0},{"damage":0.0,"enemies":"Blue Slaver","floor":14.0,"turns":1.0},{"damage":29.0,"enemies":"Hexaghost","floor":16.0,"turns":11.0},{"damage":8.0,"enemies":"Shell Parasite","floor":18.0,"turns":5.0},{"damage":8.0,"enemies":"Spheric Guardian","floor":22.0,"turns":4.0},{"damage":10.0,"enemies":"Snecko","floor":29.0,"turns":3.0},{"damage":11.0,"enemies":"Sentry and Sphere","floor":30.0,"turns":5.0},{"damage":0.0,"enemies":"Cultist and Chosen","floor":31.0,"turns":4.0},{"damage":18.0,"enemies":"Champ","floor":33.0,"turns":7.0},{"damage":18.0,"enemies":"Orb Walker","floor":35.0,"turns":4.0},{"damage":16.0,"enemies":"Giant Head","floor":41.0,"turns":6.0},{"damage":0.0,"enemies":"Mind Bloom Boss Battle","floor":42.0,"turns":4.0},{"damage":0.0,"enemies":"3 Shapes","floor":44.0,"turns":5.0},{"damage":77,"enemies":"Awakened One","floor":50,"turns":6}],"seed_played":"6669977509793172241","potions_obtained":[{"floor":12.0,"key":"Fruit Juice"},{"floor":14.0,"key":"Swift Potion"},{"floor":18.0,"key":"AttackPotion"},{"floor":31.0,"key":"PowerPotion"},{"floor":34.0,"key":"AttackPotion"},{"floor":41.0,"key":"Energy Potion"}],"is_trial":false,"path_per_floor":["M","?","?","M","$","R","M","R","T","T","R","M","?","M","R","B",null,"M","?","?","$","M","R","$","R","T","$","R","M","M","M","R","B",null,"M","?","$","$","?","R","E","?","T","M","?","$","?","?","R","B"],"character_chosen":"THE_SILENT","items_purchased":["Skewer","Trip","Blade Dance","Cloak And Dagger","Chemical X","Deflect"],"campfire_rested":0,"item_purchase_floors":[5,21,24,27,37,46],"current_hp_per_floor":[63,63,52,52,52,52,52,52,52,52,52,57,57,57,57,28,63,55,55,55,55,47,47,47,47,47,47,47,37,26,26,26,8,63,45,45,45,45,65,65,49,49,49,49,49,49,49,49,49,0],"gold":10,"neow_bonus":"BOSS_RELIC","is_prod":false,"is_daily":false,"chose_seed":false,"campfire_upgraded":10,"win_rate":0,"timestamp":1541923665,"path_taken":["M","?","?","M","?","R","M","R","T","?","R","M","?","?","R","BOSS","M","?","?","$","M","R","$","R","T","?","R","M","M","?","R","BOSS","M","?","?","$","?","R","E","?","T","?","?","?","?","?","R","BOSS"],"build_version":"2018-11-08","purchased_purges":3,"victory":false,"max_hp_per_floor":[70,70,70,70,70,70,70,70,70,70,70,75,75,75,75,75,75,75,75,75,75,75,75,75,75,75,75,75,75,75,75,75,75,80,80,80,80,80,80,80,80,80,80,80,80,80,80,80,80,80],"card_choices":[{"not_picked":["Deadly Poison","Underhanded Strike"],"picked":"Dash","floor":1.0},{"not_picked":["Deadly Poison","Deflect"],"picked":"Dagger Throw","floor":4.0},{"not_picked":["Prepared","PiercingWail","Poisoned Stab"],"picked":"SKIP","floor":7.0},{"not_picked":["All Out Attack","A Thousand Cuts","Dagger Throw"],"picked":"Slice","floor":12.0},{"not_picked":["Bane","Flying Knee","Riddle With Holes"],"picked":"Slice","floor":14.0},{"not_picked":["Doppelganger","Storm of Steel","Night Terror"],"picked":"A Thousand Cuts","floor":16.0},{"not_picked":["Footwork","Deflect","Calculated Gamble"],"picked":"Choke","floor":17.0},{"not_picked":["Poisoned Stab","Flying Knee","Underhanded Strike"],"picked":"Backstab","floor":17.0},{"not_picked":["Riddle With Holes","Dagger Spray","Sucker Punch"],"picked":"Footwork","floor":17.0},{"not_picked":["Heel Hook","Bane","Catalyst"],"picked":"Dodge and Roll","floor":17.0},{"not_picked":["Heel Hook","Quick Slash","Bane"],"picked":"Distraction","floor":17.0},{"not_picked":["Choke","Glass Knife","Outmaneuver"],"picked":"Prepared+1","floor":18.0},{"not_picked":["Crippling Poison+1","Backflip","Sucker Punch"],"picked":"Terror+1","floor":22.0},{"not_picked":["Endless Agony+1","Dodge and Roll","Crippling Poison"],"picked":"Infinite Blades","floor":29.0},{"not_picked":["Bane","Flying Knee+1","Prepared"],"picked":"Acrobatics","floor":30.0},{"not_picked":["Masterful Stab","Endless Agony","Caltrops"],"picked":"Concentrate+1","floor":31.0},{"not_picked":["Wraith Form v2","Envenom","Storm of Steel"],"picked":"After Image","floor":33.0},{"not_picked":["Outmaneuver","Bane","Deadly Poison"],"picked":"Blade Dance","floor":34.0},{"not_picked":["Expertise","Quick Slash","Deadly Poison+1"],"picked":"Blade Dance+1","floor":35.0},{"not_picked":["Backflip","Dodge and Roll+1","Slice"],"picked":"Deflect+1","floor":41.0},{"not_picked":["Phantasmal Killer","Bouncing Flask","Outmaneuver"],"picked":"Accuracy","floor":42.0},{"not_picked":["Underhanded Strike","Terror","Quick Slash","Bane"],"picked":"SKIP","floor":44.0}],"player_experience":410700,"relics_obtained":[{"floor":9.0,"key":"Vajra"},{"floor":10.0,"key":"Question Card"},{"floor":26.0,"key":"Ice Cream"},{"floor":41.0,"key":"Mummified Hand"},{"floor":42.0,"key":"Incense Burner"},{"floor":43.0,"key":"Lantern"}],"event_choices":[{"cards_removed":["Strike_G"],"damage_healed":0.0,"max_hp_gain":0.0,"max_hp_loss":0.0,"gold_gain":0.0,"event_name":"Living Wall","player_choice":"Forget","floor":2.0,"gold_loss":0.0,"damage_taken":0.0},{"damage_healed":0.0,"max_hp_gain":0.0,"max_hp_loss":0.0,"gold_gain":75.0,"event_name":"World of Goop","player_choice":"Gather Gold","floor":3.0,"gold_loss":0.0,"damage_taken":11.0},{"cards_removed":["Strike_G"],"damage_healed":0.0,"max_hp_gain":0.0,"max_hp_loss":0.0,"gold_gain":0.0,"event_name":"The Cleric","player_choice":"Card Removal","floor":13.0,"gold_loss":50.0,"damage_taken":0.0},{"damage_healed":0.0,"max_hp_gain":0.0,"max_hp_loss":0.0,"gold_gain":0.0,"event_name":"Vampires","player_choice":"Ignored","floor":19.0,"gold_loss":0.0,"damage_taken":0.0},{"damage_healed":0.0,"max_hp_gain":0.0,"max_hp_loss":0.0,"gold_gain":99.0,"event_name":"Nest","player_choice":"Stole From Cult","floor":20.0,"gold_loss":0.0,"damage_taken":0.0},{"cards_removed":["Strike_G"],"damage_healed":0.0,"max_hp_gain":0.0,"max_hp_loss":0.0,"gold_gain":0.0,"event_name":"Purifier","player_choice":"Purged","floor":36.0,"gold_loss":0.0,"damage_taken":0.0},{"damage_healed":20.0,"max_hp_gain":0.0,"max_hp_loss":0.0,"gold_gain":0.0,"event_name":"Winding Halls","player_choice":"Writhe","floor":39.0,"gold_loss":0.0,"damage_taken":0.0,"cards_obtained":["Writhe"]},{"damage_healed":0.0,"max_hp_gain":0.0,"max_hp_loss":0.0,"gold_gain":0.0,"event_name":"MindBloom","player_choice":"Fight","floor":42.0,"gold_loss":0.0,"damage_taken":0.0},{"damage_healed":0.0,"max_hp_gain":0.0,"max_hp_loss":0.0,"gold_gain":0.0,"event_name":"Tomb of Lord Red Mask","player_choice":"Ignored","floor":45.0,"gold_loss":0.0,"damage_taken":0.0},{"cards_removed":["Distraction"],"damage_healed":0.0,"max_hp_gain":0.0,"max_hp_loss":0.0,"gold_gain":0.0,"event_name":"Falling","player_choice":"Removed Skill","floor":47.0,"gold_loss":0.0,"damage_taken":0.0},{"damage_healed":0.0,"max_hp_gain":0.0,"max_hp_loss":0.0,"gold_gain":0.0,"event_name":"SecretPortal","player_choice":"Ignored","floor":48.0,"gold_loss":0.0,"damage_taken":0.0}],"is_beta":false,"boss_relics":[{"not_picked":["Black Star","Sozu"],"picked":"Orrery"},{"not_picked":["Calling Bell","White Beast Statue"],"picked":"Tiny House"}],"items_purged_floors":[5,21,46],"is_endless":false,"potions_floor_spawned":[12,14,18,31,41],"killed_by":"Awakened One","ascension_level":7}