{"path_per_floor":["M","?","M","M","?","R","M","E","T","M","$","E","?","M","R","B",null,"M","M","?","T","$","R","E","?","T","E","?","R","E"],"character_chosen":"DEFECT","items_purchased":["Ice Cream","BootSequence","Go for the Eyes","Regen Potion"],"gold_per_floor":[117,117,127,139,314,314,328,363,363,379,7,32,32,47,47,152,152,169,188,188,188,20,20,47,47,47,80,80,80,115,115],"floor_reached":31,"campfire_rested":1,"playtime":1684,"current_hp_per_floor":[76,76,67,65,65,65,65,35,35,35,35,17,17,11,35,31,82,61,35,35,35,35,35,9,9,9,9,9,9,7,0],"items_purged":["Doubt"],"gold":115,"score":400,"play_id":"8fec31a6-4391-4d62-ad5f-647cf8a4f68b","local_time":"20180507220918","is_prod":false,"is_daily":false,"chose_seed":false,"is_ascension_mode":true,"campfire_upgraded":3,"timestamp":1525723758,"path_taken":["M","?","M","M","?","R","M","E","T","M","$","E","?","M","R","BOSS","M","M","?","?","$","R","E","?","T","E","?","R","E","?"],"build_version":"2018-05-03","seed_source_timestamp":885706176552962,"purchased_purges":1,"victory":false,"master_deck":["Strike_B","Strike_B+1","Strike_B","Strike_B","Defend_B","Defend_B","Defend_B","Defend_B","Zap+1","Go for the Eyes","Streamline+1","Capacitor","Capacitor","Lockon","Go for the Eyes+1","Tempest+1","Beam Cell+1","Machine Learning+1","Consume+1","Glacier+1","BootSequence+1","Go for the Eyes+1","Glacier+1","Ghostly+1","Ghostly+1","Ghostly+1","Ghostly+1","Ghostly+1","Capacitor+1","Static Discharge+1"],"max_hp_per_floor":[82,82,82,82,82,82,82,82,82,82,82,82,82,82,82,82,82,82,82,82,82,82,82,82,41,41,41,41,41,41,41],"relics":["Cracked Core","Lantern","Toxic Egg 2","Ice Cream","Molten Egg 2","White Beast Statue","Dream Catcher","Matryoshka","Pen Nib","Letter Opener","Gremlin Horn","Whetstone"],"card_choices":[{"not_picked":["Sunder","Darkness"],"picked":"Go for the Eyes","floor":1},{"not_picked":["Impulse","Barrage"],"picked":"Streamline","floor":3},{"not_picked":["Stack","Axe Kick"],"picked":"Capacitor","floor":4},{"not_picked":["Barrage","Coolheaded"],"picked":"Capacitor","floor":7},{"not_picked":["Barrage","Genetic Algorithm"],"picked":"Lockon","floor":8},{"not_picked":["Undo","Hello World"],"picked":"Go for the Eyes","floor":10},{"not_picked":["Undo","Force Field"],"picked":"Tempest","floor":12},{"not_picked":["Redo","Stack"],"picked":"Beam Cell","floor":14},{"not_picked":["Fission","Reboot"],"picked":"Machine Learning","floor":16},{"not_picked":["Cold Snap","Stack"],"picked":"Consume","floor":18},{"not_picked":["Force Field","White Noise"],"picked":"Glacier","floor":24},{"not_picked":["Beam Cell","Streamline"],"picked":"Capacitor","floor":27},{"not_picked":["Hologram","Force Field"],"picked":"Static Discharge","floor":30}],"player_experience":90693,"potions_floor_usage":[8,12,12,16,19,24,24,27,30],"damage_taken":[{"damage":6,"enemies":"Small Slimes","floor":1,"turns":3},{"damage":9,"enemies":"Jaw Worm","floor":3,"turns":2},{"damage":2,"enemies":"2 Louse","floor":4,"turns":2},{"damage":0,"enemies":"2 Fungi Beasts","floor":7,"turns":2},{"damage":30,"enemies":"Gremlin Nob","floor":8,"turns":5},{"damage":0,"enemies":"Large Slime","floor":10,"turns":4},{"damage":18,"enemies":"3 Sentries","floor":12,"turns":6},{"damage":6,"enemies":"Looter","floor":14,"turns":2},{"damage":4,"enemies":"Slime Boss","floor":16,"turns":8},{"damage":21,"enemies":"Shell Parasite","floor":18,"turns":6},{"damage":26,"enemies":"2 Thieves","floor":19,"turns":4},{"damage":41,"enemies":"Book of Stabbing","floor":24,"turns":9},{"damage":0,"enemies":"Slavers","floor":27,"turns":8},{"damage":2,"enemies":"Gremlin Leader","floor":30,"turns":9},{"damage":10,"enemies":"Slaver and Parasite","floor":31,"turns":1}],"event_choices":[{"event_name":"The Cleric","player_choice":"Leave","floor":2,"damage_taken":0},{"event_name":"Liars Game","player_choice":"agreed","floor":5,"damage_taken":0},{"event_name":"Shining Light","player_choice":"Ignored","floor":13,"damage_taken":0},{"event_name":"The Library","player_choice":"Read","floor":20,"damage_taken":0},{"event_name":"Ghosts","player_choice":"Became a Ghost","floor":25,"damage_taken":0},{"event_name":"Purifier","player_choice":"One Purge","floor":28,"damage_taken":0}],"boss_relics":[{"not_picked":["Runic Pyramid","Philosopher\u0027s Stone"],"picked":"White Beast Statue"}],"potions_floor_spawned":[3,4,7,12,18,19,24,27,30],"seed_played":"415724673438519720","killed_by":"Slaver and Parasite","ascension_level":3,"is_trial":false}