{"gold_per_floor":[113,130,140,159,174,199,199,124,124,124,134,165,165,199,199,303,303,314,314,0,19,35,35,134,160,187,10,42,58,92,104,104,208,208,222,18,30,48,65,100,100,135,135,199,209,209,225,243,243,243],"floor_reached":51,"playtime":3360,"items_purged":["Strike_G","Defend_G"],"score":956,"play_id":"3185d7bb-e093-4c96-ab30-860f016f7ccf","local_time":"20180720003716","is_ascension_mode":true,"campfire_choices":[{"data":"Neutralize","floor":10.0,"key":"SMITH"},{"floor":13.0,"key":"REST"},{"data":"Masterful Stab","floor":15.0,"key":"SMITH"},{"data":"1","floor":23.0,"key":"LIFT"},{"data":"2","floor":32.0,"key":"LIFT"},{"data":"3","floor":41.0,"key":"LIFT"},{"floor":46.0,"key":"REST"},{"floor":49.0,"key":"REST"}],"neow_cost":"","seed_source_timestamp":3653742893135,"circlet_count":0,"master_deck":["Defend_G","Defend_G","Defend_G","Strike_G","Strike_G","Strike_G","Survivor","Neutralize+1","Masterful Stab+1","Backstab","Dagger Throw","Underhanded Strike+1","Dagger Throw","Underhanded Strike","Prepared+1","Tactician+1","Reflex+1","Prepared+1","Malaise+1","Unload","Terror+1","Adrenaline+1","Eviscerate+1","Masterful Stab+1","Underhanded Strike+1","Expertise+1"],"special_seed":0,"relics":["Ring of the Snake","Toxic Egg 2","Orichalcum","Juzu Bracelet","Paper Crane","Question Card","Fusion Hammer","Girya","Meat on the Bone","Boot","Pen Nib","Centennial Puzzle","Empty Cage","Vajra","Matryoshka","Ornamental Fan","Bag of Preparation","Art of War","Tiny Chest"],"potions_floor_usage":[50,50],"damage_taken":[{"damage":5.0,"enemies":"Cultist","floor":1.0,"turns":4.0},{"damage":6.0,"enemies":"Jaw Worm","floor":2.0,"turns":6.0},{"damage":0.0,"enemies":"Small Slimes","floor":3.0,"turns":2.0},{"damage":0.0,"enemies":"3 Louse","floor":4.0,"turns":3.0},{"damage":5.0,"enemies":"Red Slaver","floor":5.0,"turns":4.0},{"damage":6.0,"enemies":"Gremlin Nob","floor":6.0,"turns":3.0},{"damage":1.0,"enemies":"Blue Slaver","floor":11.0,"turns":2.0},{"damage":7.0,"enemies":"Lagavulin","floor":12.0,"turns":3.0},{"damage":11.0,"enemies":"Gremlin Nob","floor":14.0,"turns":3.0},{"damage":12.0,"enemies":"Slime Boss","floor":16.0,"turns":5.0},{"damage":0.0,"enemies":"Chosen","floor":18.0,"turns":3.0},{"damage":0.0,"enemies":"Spheric Guardian","floor":21.0,"turns":2.0},{"damage":16.0,"enemies":"Snecko","floor":22.0,"turns":4.0},{"damage":16.0,"enemies":"Book of Stabbing","floor":25.0,"turns":5.0},{"damage":2.0,"enemies":"Gremlin Leader","floor":28.0,"turns":8.0},{"damage":0.0,"enemies":"Snake Plant","floor":29.0,"turns":2.0},{"damage":8.0,"enemies":"Book of Stabbing","floor":30.0,"turns":3.0},{"damage":0.0,"enemies":"Chosen and Byrds","floor":31.0,"turns":3.0},{"damage":1.0,"enemies":"Automaton","floor":33.0,"turns":5.0},{"damage":3.0,"enemies":"3 Shapes","floor":35.0,"turns":2.0},{"damage":0.0,"enemies":"Flame Bruiser 1 Orb","floor":37.0,"turns":3.0},{"damage":8.0,"enemies":"4 Shapes","floor":38.0,"turns":1.0},{"damage":11.0,"enemies":"3 Darklings","floor":39.0,"turns":2.0},{"damage":11.0,"enemies":"2 Orb Walkers","floor":40.0,"turns":3.0},{"damage":0.0,"enemies":"Giant Head","floor":42.0,"turns":3.0},{"damage":0.0,"enemies":"Nemesis","floor":44.0,"turns":1.0},{"damage":3.0,"enemies":"Sphere and 2 Shapes","floor":45.0,"turns":3.0},{"damage":3.0,"enemies":"4 Shapes","floor":47.0,"turns":3.0},{"damage":0.0,"enemies":"Transient","floor":48.0,"turns":5.0},{"damage":5,"enemies":"Time Eater","floor":50,"turns":4}],"seed_played":"-2642288928877419218","potions_obtained":[{"floor":1.0,"key":"Strength Potion"},{"floor":2.0,"key":"FearPotion"},{"floor":11.0,"key":"SpeedPotion"},{"floor":12.0,"key":"SteroidPotion"},{"floor":16.0,"key":"GamblersBrew"},{"floor":21.0,"key":"Energy Potion"},{"floor":25.0,"key":"GhostInAJar"},{"floor":28.0,"key":"FearPotion"},{"floor":31.0,"key":"SkillPotion"},{"floor":39.0,"key":"Ancient Potion"},{"floor":42.0,"key":"GamblersBrew"},{"floor":45.0,"key":"Energy Potion"},{"floor":47.0,"key":"GhostInAJar"},{"floor":48.0,"key":"Strength Potion"}],"is_trial":false,"path_per_floor":["M","M","M","M","M","E","?","$","T","R","M","E","R","E","R","B",null,"M","?","$","M","M","R","?","E","T","$","E","M","E","M","R","B",null,"M","$","M","M","M","E","R","E","T","E","M","R","M","M","R","B"],"character_chosen":"THE_SILENT","items_purchased":["Girya","Malaise+1","Vajra","Block Potion"],"campfire_rested":3,"item_purchase_floors":[20,27,36,36],"current_hp_per_floor":[65,59,59,59,54,48,41,41,41,41,40,33,54,43,43,31,70,70,70,70,70,54,54,54,38,38,38,36,36,40,40,40,39,70,67,67,67,59,48,37,37,37,37,37,46,67,64,64,70,65],"gold":243,"neow_bonus":"","is_prod":false,"is_daily":false,"chose_seed":false,"campfire_upgraded":2,"win_rate":0,"timestamp":1532018236,"path_taken":["M","?","M","M","M","E","?","$","T","R","M","E","R","E","R","BOSS","M","?","?","M","M","R","?","E","T","$","E","M","E","M","R","BOSS","M","$","M","M","M","E","R","E","T","E","M","R","M","M","R","BOSS"],"build_version":"2018-07-12","purchased_purges":2,"victory":true,"max_hp_per_floor":[70,70,70,70,70,70,70,70,70,70,70,70,70,70,70,70,70,70,70,70,70,70,70,70,70,70,70,70,70,70,70,70,70,70,70,70,70,70,70,70,70,70,70,70,70,70,70,70,70,70],"card_choices":[{"not_picked":["Quick Slash","Concentrate"],"picked":"Masterful Stab","floor":1.0},{"not_picked":["Acrobatics","Prepared"],"picked":"Backstab","floor":2.0},{"not_picked":["Dagger Spray","Unload"],"picked":"Dagger Throw","floor":3.0},{"not_picked":["Sucker Punch","Deflect"],"picked":"Underhanded Strike","floor":4.0},{"not_picked":["Predator","Finisher"],"picked":"Dagger Throw","floor":5.0},{"not_picked":["Quick Slash","Endless Agony"],"picked":"Underhanded Strike","floor":6.0},{"not_picked":["Sucker Punch","Blade Dance+1","Blur+1"],"picked":"SKIP","floor":11.0},{"not_picked":["Bane","Sucker Punch","Distraction+1"],"picked":"SKIP","floor":12.0},{"not_picked":["Dagger Throw","Backflip+1"],"picked":"Prepared+1","floor":14.0},{"not_picked":["Adrenaline+1","Phantasmal Killer+1","Wraith Form v2"],"picked":"Tactician+1","floor":16.0},{"not_picked":["Cloak And Dagger+1","Deflect+1","Crippling Poison+1"],"picked":"Reflex+1","floor":18.0},{"not_picked":["Predator+1","Acrobatics+1","Heel Hook","PiercingWail+1"],"picked":"SKIP","floor":21.0},{"not_picked":["Distraction+1","Infinite Blades+1","Caltrops+1","PiercingWail+1"],"picked":"SKIP","floor":22.0},{"not_picked":["Acrobatics+1","Flying Knee","PiercingWail+1"],"picked":"Prepared+1","floor":25.0},{"not_picked":["Deadly Poison+1","Finisher","Backflip+1"],"picked":"Unload","floor":28.0},{"not_picked":["Eviscerate","Noxious Fumes","Reflex+1"],"picked":"Terror+1","floor":29.0},{"not_picked":["Malaise+1","PiercingWail+1","Well Laid Plans","Cloak And Dagger+1"],"picked":"SKIP","floor":30.0},{"not_picked":["Riddle With Holes","Setup+1","Backflip+1","Deadly Poison+1"],"picked":"SKIP","floor":31.0},{"not_picked":["After Image","Grand Finale","Corpse Explosion+1"],"picked":"Adrenaline+1","floor":33.0},{"not_picked":["PiercingWail+1","Cloak And Dagger+1","Infinite Blades+1","Sucker Punch+1"],"picked":"SKIP","floor":35.0},{"not_picked":["Deadly Poison+1","Corpse Explosion+1","Predator+1"],"picked":"Eviscerate+1","floor":37.0},{"not_picked":["Quick Slash","Calculated Gamble+1","Flying Knee"],"picked":"Masterful Stab+1","floor":38.0},{"not_picked":["Accuracy","Bane+1","Outmaneuver+1","Predator"],"picked":"SKIP","floor":39.0},{"not_picked":["Bane","PiercingWail+1","Deadly Poison+1"],"picked":"Underhanded Strike+1","floor":40.0},{"not_picked":["Setup+1","Bouncing Flask+1","Acrobatics+1"],"picked":"Expertise+1","floor":42.0},{"not_picked":["Acrobatics+1","Cloak And Dagger+1","Dash","Flying Knee"],"picked":"SKIP","floor":44.0},{"not_picked":["Outmaneuver+1","Poisoned Stab+1","Riddle With Holes+1","Endless Agony+1"],"picked":"SKIP","floor":45.0},{"not_picked":["Wraith Form v2","Cloak And Dagger+1","Sucker Punch+1","PiercingWail+1"],"picked":"SKIP","floor":47.0},{"not_picked":["PiercingWail+1","Backflip+1","Outmaneuver+1","Quick Slash+1"],"picked":"SKIP","floor":48.0}],"player_experience":160286,"relics_obtained":[{"floor":6.0,"key":"Toxic Egg 2"},{"floor":9.0,"key":"Juzu Bracelet"},{"floor":12.0,"key":"Paper Crane"},{"floor":14.0,"key":"Question Card"},{"floor":25.0,"key":"Meat on the Bone"},{"floor":26.0,"key":"Boot"},{"floor":28.0,"key":"Pen Nib"},{"floor":30.0,"key":"Centennial Puzzle"},{"floor":40.0,"key":"Matryoshka"},{"floor":42.0,"key":"Ornamental Fan"},{"floor":43.0,"key":"Bag of Preparation"},{"floor":43.0,"key":"Art of War"},{"floor":44.0,"key":"Tiny Chest"}],"event_choices":[{"event_name":"Scrap Ooze","player_choice":"success","floor":7.0,"damage_taken":7.0},{"event_name":"Accursed Blacksmith","player_choice":"Forge","floor":19.0,"damage_taken":0.0},{"event_name":"Nest","player_choice":"Stole From Cult","floor":24.0,"damage_taken":0.0}],"boss_relics":[{"not_picked":["Ectoplasm","Velvet Choker"],"picked":"Fusion Hammer"},{"not_picked":["Philosopher\u0027s Stone","Tiny House"],"picked":"Empty Cage"}],"items_purged_floors":[8,27],"is_endless":false,"potions_floor_spawned":[1,2,11,12,16,21,25,28,31,39,42,45,47,48],"ascension_level":2}