{"gold_per_floor":[113,127,139,61,61,61,61,72,96,96,108,73,107,122,122,218,218,236,161,76,76,111,111,128,128,128,128,147,147,167,182,182,182],"floor_reached":33,"playtime":922,"items_purged":["Strike_B"],"score":247,"play_id":"7ca75a94-7157-4179-a18d-7b9f3862e676","local_time":"20181111165930","is_ascension_mode":false,"campfire_choices":[{"data":"Dualcast","floor":6.0,"key":"SMITH"},{"data":"Streamline","floor":10.0,"key":"SMITH"},{"data":"Hologram","floor":15,"key":"SMITH"},{"data":"Coolheaded","floor":23,"key":"SMITH"},{"data":"Fission","floor":25,"key":"SMITH"},{"data":"Coolheaded","floor":27,"key":"SMITH"},{"floor":32,"key":"REST"}],"neow_cost":"NONE","seed_source_timestamp":109752981524789,"circlet_count":0,"master_deck":["Strike_B","Strike_B","Strike_B","Defend_B","Defend_B+1","Defend_B","Defend_B","Zap+1","Dualcast+1","Coolheaded+1","Coolheaded+1","Hologram+1","Melter","Streamline+1","Meteor Strike","Hologram+1","Fission+1","Hologram"],"special_seed":0,"relics":["Cracked Core","Omamori","Anchor","Philosopher\u0027s Stone","Meat on the Bone","Red Mask","Bottled Flame","Kunai"],"potions_floor_usage":[13,33],"damage_taken":[{"damage":1.0,"enemies":"2 Louse","floor":1.0,"turns":3.0},{"damage":0.0,"enemies":"Small Slimes","floor":2.0,"turns":2.0},{"damage":4.0,"enemies":"Jaw Worm","floor":3.0,"turns":3.0},{"damage":3.0,"enemies":"Large Slime","floor":8.0,"turns":6.0},{"damage":14.0,"enemies":"Exordium Thugs","floor":11.0,"turns":4.0},{"damage":2,"enemies":"Gremlin Nob","floor":13,"turns":3},{"damage":0,"enemies":"2 Fungi Beasts","floor":14,"turns":2},{"damage":36,"enemies":"Hexaghost","floor":16,"turns":10},{"damage":0,"enemies":"2 Thieves","floor":18,"turns":3},{"damage":19,"enemies":"Masked Bandits","floor":22,"turns":4},{"damage":0,"enemies":"Shell Parasite","floor":24,"turns":3},{"damage":6,"enemies":"3 Cultists","floor":28,"turns":4},{"damage":6,"enemies":"Centurion and Healer","floor":30,"turns":7},{"damage":4,"enemies":"Cultist and Chosen","floor":31,"turns":5},{"damage":18,"enemies":"Champ","floor":33,"turns":5}],"seed_played":"1906097914259684490","potions_obtained":[{"floor":2.0,"key":"Fruit Juice"},{"floor":11.0,"key":"Strength Potion"},{"floor":22,"key":"Regen Potion"},{"floor":24,"key":"Regen Potion"},{"floor":28,"key":"Dexterity Potion"}],"is_trial":false,"path_per_floor":["M","M","M","$","?","R","$","M","T","R","M","?","E","M","R","B",null,"M","$","?","?","?","R","M","R","T","R","M","?","M","M","R","B"],"character_chosen":"DEFECT","items_purchased":["Melter"],"campfire_rested":1,"item_purchase_floors":[4],"current_hp_per_floor":[74,79,75,75,59,59,59,56,56,56,42,62,60,60,60,24,80,80,80,80,65,46,46,46,46,46,46,52,52,46,54,79,69],"gold":182,"neow_bonus":"UPGRADE_CARD","is_prod":false,"is_daily":false,"chose_seed":false,"campfire_upgraded":6,"win_rate":0,"timestamp":1541951970,"path_taken":["M","M","M","$","?","R","$","M","T","R","M","?","E","M","R","BOSS","M","$","?","?","?","R","M","R","T","R","M","?","M","?","R","BOSS"],"build_version":"2018-11-08","purchased_purges":1,"victory":false,"max_hp_per_floor":[75,80,80,80,80,80,80,80,80,80,80,80,80,80,80,80,80,80,80,80,85,85,85,85,85,85,85,85,85,85,85,85,85],"card_choices":[{"not_picked":["Redo","Barrage"],"picked":"Coolheaded","floor":1.0},{"not_picked":["Go for the Eyes","Leap"],"picked":"Coolheaded","floor":2.0},{"not_picked":["Redo","Blizzard"],"picked":"Hologram","floor":3.0},{"not_picked":["Coolheaded","Heatsinks"],"picked":"Streamline","floor":8.0},{"not_picked":["Leap","Reprogram"],"picked":"Meteor Strike","floor":11.0},{"not_picked":["Compile Driver","Biased Cognition"],"picked":"Hologram","floor":13},{"not_picked":["Gash","Coolheaded","Beam Cell"],"picked":"SKIP","floor":14},{"not_picked":["Core Surge","All For One"],"picked":"Fission","floor":16},{"not_picked":["Rebound","Sweeping Beam+1","Go for the Eyes"],"picked":"SKIP","floor":18},{"not_picked":["Turbo+1","Coolheaded"],"picked":"Hologram","floor":22},{"not_picked":["Barrage","Heatsinks","Turbo+1"],"picked":"SKIP","floor":24},{"not_picked":["Barrage+1","Doom and Gloom","Chill+1"],"picked":"SKIP","floor":28},{"not_picked":["Aggregate+1","Sunder","Gash"],"picked":"SKIP","floor":30},{"not_picked":["Stack","Chill","Sweeping Beam"],"picked":"SKIP","floor":31}],"player_experience":757101,"relics_obtained":[{"floor":9.0,"key":"Omamori"},{"floor":13,"key":"Anchor"},{"floor":22,"key":"Red Mask"},{"floor":26,"key":"Bottled Flame"}],"event_choices":[{"damage_healed":0.0,"max_hp_gain":0.0,"max_hp_loss":0.0,"gold_gain":0.0,"event_name":"Shining Light","player_choice":"Entered Light","floor":5.0,"gold_loss":0.0,"damage_taken":16.0,"cards_upgraded":["Defend_B","Hologram"]},{"damage_healed":20.0,"max_hp_gain":0.0,"max_hp_loss":0.0,"gold_gain":0.0,"event_name":"The Cleric","player_choice":"Healed","floor":12.0,"gold_loss":35.0,"damage_taken":0.0},{"damage_healed":0,"gold_gain":0,"player_choice":"Obtained Relic","damage_taken":0,"relics_obtained":["Meat on the Bone"],"max_hp_gain":0,"max_hp_loss":0,"event_name":"Addict","floor":20,"gold_loss":85},{"damage_healed":0,"gold_gain":0,"player_choice":"Shed Blood","damage_taken":20,"max_hp_gain":5,"max_hp_loss":0,"event_name":"Forgotten Altar","floor":21,"gold_loss":0},{"damage_healed":0,"gold_gain":0,"player_choice":"Fought Bandits","damage_taken":0,"max_hp_gain":0,"max_hp_loss":0,"event_name":"Masked Bandits","floor":22,"gold_loss":0},{"damage_healed":0,"gold_gain":0,"player_choice":"Opened","damage_taken":0,"relics_obtained":["Kunai"],"max_hp_gain":0,"max_hp_loss":0,"event_name":"The Mausoleum","floor":29,"gold_loss":0,"cards_obtained":["Writhe"]}],"is_beta":true,"boss_relics":[{"not_picked":["Ectoplasm","Fusion Hammer"],"picked":"Philosopher\u0027s Stone"}],"items_purged_floors":[19],"is_endless":false,"potions_floor_spawned":[2,11,22,24,28],"killed_by":"Champ","ascension_level":0}