{"gold_per_floor":[115,190,190,207,207,207,222,222,222,114,133,147,162,175,175,250,250,263,313,325,48,48,48,148,181,230,243,263,279,279,313,313,313],"floor_reached":33,"playtime":1577,"items_purged":["Strike_G"],"score":488,"play_id":"b5129754-e8e2-42a4-ac6c-c7c4f7cd2d3f","local_time":"20190328013025","is_ascension_mode":true,"campfire_choices":[{"data":"Footwork","floor":6.0,"key":"SMITH"},{"data":"Neutralize","floor":8.0,"key":"SMITH"},{"data":"Catalyst","floor":15.0,"key":"SMITH"},{"data":"Noxious Fumes","floor":23.0,"key":"SMITH"},{"data":"Dodge and Roll","floor":30.0,"key":"SMITH"},{"floor":32,"key":"REST"}],"neow_cost":"NONE","seed_source_timestamp":305915236870335,"circlet_count":0,"master_deck":["AscendersBane","Defend_G","Defend_G+1","Defend_G","Defend_G+1","Defend_G","Strike_G","Strike_G","Strike_G","Strike_G","Survivor","Neutralize+1","Deadly Poison+1","Footwork+1","Well Laid Plans","Deadly Poison","Deadly Poison","Catalyst+1","After Image","Noxious Fumes+1","Backflip","Backflip","Leg Sweep","Noxious Fumes","Dodge and Roll+1"],"special_seed":0,"relics":["Ring of the Serpent","War Paint","Bird Faced Urn","Oddly Smooth Stone","Girya","Molten Egg 2","Blood Vial","Boot","Bottled Flame"],"potions_floor_usage":[],"damage_taken":[{"damage":1.0,"enemies":"Jaw Worm","floor":1.0,"turns":5.0},{"damage":0.0,"enemies":"Small Slimes","floor":4.0,"turns":5.0},{"damage":1.0,"enemies":"Cultist","floor":7.0,"turns":4.0},{"damage":13.0,"enemies":"3 Louse","floor":11.0,"turns":5.0},{"damage":4.0,"enemies":"Gremlin Gang","floor":12.0,"turns":5.0},{"damage":0.0,"enemies":"Large Slime","floor":13.0,"turns":8.0},{"damage":6.0,"enemies":"Looter","floor":14.0,"turns":3.0},{"damage":4.0,"enemies":"Hexaghost","floor":16.0,"turns":7.0},{"damage":13.0,"enemies":"Spheric Guardian","floor":18.0,"turns":4.0},{"damage":8.0,"enemies":"Chosen","floor":20.0,"turns":4.0},{"damage":7.0,"enemies":"Colosseum Slavers","floor":24.0,"turns":6.0},{"damage":15.0,"enemies":"Colosseum Nobs","floor":24.0,"turns":8.0},{"damage":13.0,"enemies":"Gremlin Leader","floor":25.0,"turns":6.0},{"damage":14.0,"enemies":"3 Cultists","floor":27.0,"turns":7.0},{"damage":2.0,"enemies":"Chosen and Byrds","floor":28.0,"turns":7.0},{"damage":3.0,"enemies":"Snake Plant","floor":29.0,"turns":4.0},{"damage":36.0,"enemies":"Slavers","floor":31.0,"turns":8.0},{"damage":68,"enemies":"Collector","floor":33,"turns":6}],"seed_played":"2762872514871902266","potions_obtained":[{"floor":7.0,"key":"SneckoOil"},{"floor":11.0,"key":"Energy Potion"},{"floor":12.0,"key":"SpeedPotion"},{"floor":25.0,"key":"SkillPotion"},{"floor":27.0,"key":"GhostInAJar"},{"floor":31,"key":"LiquidBronze"}],"is_trial":false,"path_per_floor":["M","?","?","M","?","R","M","R","T","$","M","M","M","M","R","B",null,"M","?","M","$","?","R","?","E","T","M","M","M","R","E","R","B"],"character_chosen":"THE_SILENT","items_purchased":["Well Laid Plans","Oddly Smooth Stone","Noxious Fumes","Backflip"],"campfire_rested":1,"item_purchase_floors":[10,21,21,21],"current_hp_per_floor":[58,47,47,47,47,47,46,46,46,46,37,37,41,39,39,39,59,52,52,50,50,50,50,44,39,39,35,45,54,54,30,49,0],"gold":313,"neow_bonus":"RANDOM_COMMON_RELIC","is_prod":false,"is_daily":false,"chose_seed":false,"campfire_upgraded":5,"win_rate":0,"timestamp":1553733025,"path_taken":["M","?","?","?","?","R","?","R","T","$","M","M","M","M","R","BOSS","M","?","M","$","?","R","?","E","T","?","M","?","R","E","R","BOSS"],"build_version":"2019-01-23","purchased_purges":1,"victory":false,"max_hp_per_floor":[66,66,66,66,66,66,66,66,66,66,66,66,66,66,66,66,66,66,66,66,66,66,66,66,66,66,66,66,66,66,66,66,66],"card_choices":[{"not_picked":["Terror","Poisoned Stab"],"picked":"Deadly Poison","floor":1.0},{"not_picked":["Flying Knee","Deflect"],"picked":"Footwork","floor":4.0},{"not_picked":["Caltrops","Riddle With Holes","Flechettes"],"picked":"SKIP","floor":7.0},{"not_picked":["Prepared","Blade Dance"],"picked":"Deadly Poison","floor":11.0},{"not_picked":["Bane","Masterful Stab"],"picked":"Deadly Poison","floor":12.0},{"not_picked":["Quick Slash","Sucker Punch","Accuracy"],"picked":"SKIP","floor":13.0},{"not_picked":["Outmaneuver","Bane"],"picked":"Catalyst","floor":14.0},{"not_picked":["Corpse Explosion","A Thousand Cuts"],"picked":"After Image","floor":16.0},{"not_picked":["Endless Agony+1","Dash","Calculated Gamble+1"],"picked":"SKIP","floor":18.0},{"not_picked":["Flying Knee","Predator","Reflex"],"picked":"SKIP","floor":20.0},{"not_picked":["Poisoned Stab","Outmaneuver"],"picked":"Backflip","floor":24.0},{"not_picked":["Endless Agony+1","Flying Knee+1"],"picked":"Leg Sweep","floor":25.0},{"not_picked":["Accuracy","PiercingWail"],"picked":"Noxious Fumes","floor":27.0},{"not_picked":["Deflect","Blade Dance","Dagger Throw+1"],"picked":"SKIP","floor":28.0},{"not_picked":["Bane+1","Setup"],"picked":"Dodge and Roll","floor":29.0},{"not_picked":["Die Die Die+1","Cloak And Dagger","Masterful Stab+1"],"picked":"SKIP","floor":31}],"player_experience":265051,"relics_obtained":[{"floor":9.0,"key":"Bird Faced Urn"},{"floor":24.0,"key":"Girya"},{"floor":24.0,"key":"Molten Egg 2"},{"floor":25.0,"key":"Blood Vial"},{"floor":26.0,"key":"Boot"},{"floor":31,"key":"Bottled Flame"}],"event_choices":[{"damage_healed":0.0,"max_hp_gain":0.0,"max_hp_loss":0.0,"gold_gain":75.0,"event_name":"World of Goop","player_choice":"Gather Gold","floor":2.0,"gold_loss":0.0,"damage_taken":11.0},{"damage_healed":0.0,"max_hp_gain":0.0,"max_hp_loss":0.0,"gold_gain":0.0,"event_name":"Upgrade Shrine","player_choice":"Upgraded","floor":3.0,"gold_loss":0.0,"damage_taken":0.0,"cards_upgraded":["Deadly Poison"]},{"damage_healed":0.0,"max_hp_gain":0.0,"max_hp_loss":0.0,"gold_gain":0.0,"event_name":"WeMeetAgain","player_choice":"Ignored","floor":5.0,"gold_loss":0.0,"damage_taken":0.0},{"damage_healed":0.0,"max_hp_gain":0.0,"max_hp_loss":0.0,"gold_gain":50.0,"event_name":"Nest","player_choice":"Stole From Cult","floor":19.0,"gold_loss":0.0,"damage_taken":0.0},{"damage_healed":0.0,"max_hp_gain":0.0,"max_hp_loss":0.0,"gold_gain":0.0,"event_name":"Cursed Tome","player_choice":"Ignored","floor":22.0,"gold_loss":0.0,"damage_taken":0.0},{"damage_healed":0.0,"max_hp_gain":0.0,"max_hp_loss":0.0,"gold_gain":0.0,"event_name":"Colosseum","player_choice":"Fight","floor":24.0,"gold_loss":0.0,"damage_taken":0.0},{"damage_healed":0.0,"max_hp_gain":0.0,"max_hp_loss":0.0,"gold_gain":0.0,"event_name":"Colosseum","player_choice":"Fought Nobs","floor":24.0,"gold_loss":0.0,"damage_taken":0.0}],"is_beta":false,"boss_relics":[{"not_picked":["Fusion Hammer","Eternal Feather"],"picked":"Ring of the Serpent"}],"items_purged_floors":[10],"is_endless":false,"potions_floor_spawned":[7,11,12,25,27,28,31],"killed_by":"Collector","ascension_level":15}