{"gold_per_floor":[119,138,148,223,235,235,261,275,330,330,362,8,8,8],"floor_reached":14,"playtime":232,"items_purged":[],"score":185,"play_id":"7f51a15c-4781-429b-9a3d-47bcb3d72ae5","local_time":"20181020195121","is_ascension_mode":true,"campfire_choices":[{"data":"Zap","floor":6,"key":"SMITH"},{"floor":10,"key":"REST"}],"neow_cost":"NONE","seed_source_timestamp":90180633323693,"circlet_count":0,"master_deck":["Strike_B","Strike_B","Strike_B","Strike_B","Defend_B","Defend_B","Defend_B","Defend_B","Zap+1","Dualcast","AscendersBane","Turbo","Leap","Ball Lightning","Leap","Defragment","Conserve Battery","Doom and Gloom","Capacitor"],"relics":["Cracked Core","NeowsBlessing","Dodecahedron","Boot","Blue Candle","Letter Opener"],"potions_floor_usage":[7,11],"damage_taken":[{"damage":0,"enemies":"Cultist","floor":1,"turns":1},{"damage":0,"enemies":"Jaw Worm","floor":2,"turns":1},{"damage":0,"enemies":"2 Louse","floor":3,"turns":1},{"damage":12,"enemies":"Exordium Wildlife","floor":5,"turns":5},{"damage":21,"enemies":"3 Sentries","floor":7,"turns":7},{"damage":3,"enemies":"Exordium Thugs","floor":8,"turns":4},{"damage":36,"enemies":"Gremlin Nob","floor":11,"turns":4},{"damage":0,"enemies":"Blue Slaver","floor":14,"turns":1}],"seed_played":"843505145984249073","potions_obtained":[{"floor":2,"key":"EssenceOfSteel"},{"floor":7,"key":"Poison Potion"}],"is_trial":false,"path_per_floor":["M","M","M","?","M","R","E","M","T","R","E","$","?"],"character_chosen":"DEFECT","items_purchased":["Capacitor","Letter Opener"],"campfire_rested":1,"item_purchase_floors":[12,12],"current_hp_per_floor":[64,64,64,53,41,41,20,17,17,38,2,2,2,2],"gold":8,"neow_bonus":"THREE_ENEMY_KILL","is_prod":false,"is_daily":false,"chose_seed":false,"campfire_upgraded":1,"win_rate":0,"timestamp":1540057881,"path_taken":["M","M","M","?","M","R","E","M","T","R","E","$","?","?"],"build_version":"2018-10-19","purchased_purges":0,"victory":false,"max_hp_per_floor":[71,71,71,71,71,71,71,71,71,71,71,71,71,71],"card_choices":[{"not_picked":["Barrage","Redo"],"picked":"Turbo","floor":1},{"not_picked":["Aggregate","Barrage"],"picked":"Leap","floor":2},{"not_picked":["Aggregate","Steam"],"picked":"Ball Lightning","floor":3},{"not_picked":["Redo","Static Discharge"],"picked":"Leap","floor":5},{"not_picked":["Go for the Eyes","FTL"],"picked":"Defragment","floor":7},{"not_picked":["Tempest","Sweeping Beam"],"picked":"Conserve Battery","floor":8},{"not_picked":["Recycle","Genetic Algorithm"],"picked":"Doom and Gloom","floor":11}],"player_experience":698095,"relics_obtained":[{"floor":7,"key":"Dodecahedron"},{"floor":9,"key":"Boot"},{"floor":11,"key":"Blue Candle"}],"event_choices":[{"damage_healed":0,"gold_gain":75,"player_choice":"Gather Gold","damage_taken":11,"max_hp_gain":0,"max_hp_loss":0,"event_name":"World of Goop","floor":4,"gold_loss":0},{"damage_healed":0,"gold_gain":0,"player_choice":"Ignored","damage_taken":0,"max_hp_gain":0,"max_hp_loss":0,"event_name":"Liars Game","floor":13,"gold_loss":0}],"is_beta":true,"boss_relics":[],"items_purged_floors":[],"is_endless":false,"potions_floor_spawned":[2,7],"killed_by":"Blue Slaver","ascension_level":17}