{"gold_per_floor":[19,19,94,108,108,108,128,128,152,152,180,191,207,266,266,366,366,380,380,305,322,337,337,170,170,170,170,170,180,192,206,206,206],"floor_reached":33,"playtime":1763,"items_purged":["Defend_G","Strike_G"],"score":308,"play_id":"920db2f4-1368-48bc-a0bd-79f68dcb6c07","local_time":"20180813180236","is_ascension_mode":true,"campfire_choices":[{"data":"Bouncing Flask","floor":6.0,"key":"SMITH"},{"data":"Flechettes","floor":8.0,"key":"SMITH"},{"floor":10.0,"key":"REST"},{"data":"Cloak And Dagger","floor":15,"key":"SMITH"},{"data":"Dodge and Roll","floor":23,"key":"SMITH"},{"data":"After Image","floor":25,"key":"SMITH"},{"data":"Neutralize","floor":27,"key":"SMITH"},{"data":"Dagger Throw","floor":32,"key":"SMITH"}],"neow_cost":"NO_GOLD","seed_source_timestamp":2017076265124,"circlet_count":0,"master_deck":["Defend_G","Defend_G","Defend_G+1","Strike_G+1","Strike_G","Strike_G","Survivor","Neutralize+1","Bouncing Flask+1","Dodge and Roll+1","Flechettes+1","Backflip","Dagger Throw+1","Cloak And Dagger+1","Grand Finale","After Image+1","Blade Dance+1","Accuracy+1"],"special_seed":0,"relics":["Ring of the Snake","Bottled Lightning","Centennial Puzzle","Lantern","Tiny Chest","Eternal Feather","Smiling Mask","Pear"],"potions_floor_usage":[14,18,18,22,22,22,33],"damage_taken":[{"damage":0.0,"enemies":"2 Louse","floor":1.0,"turns":4.0},{"damage":0.0,"enemies":"Small Slimes","floor":4.0,"turns":2.0},{"damage":7.0,"enemies":"Jaw Worm","floor":7.0,"turns":3.0},{"damage":30.0,"enemies":"Lagavulin","floor":11.0,"turns":4.0},{"damage":0.0,"enemies":"Exordium Thugs","floor":12.0,"turns":2.0},{"damage":0.0,"enemies":"Large Slime","floor":13.0,"turns":3.0},{"damage":17,"enemies":"3 Sentries","floor":14,"turns":6},{"damage":1,"enemies":"Hexaghost","floor":16,"turns":9},{"damage":2,"enemies":"3 Byrds","floor":18,"turns":3},{"damage":5,"enemies":"Shell Parasite","floor":21,"turns":4},{"damage":13,"enemies":"Centurion and Healer","floor":22,"turns":5},{"damage":25,"enemies":"Sentry and Sphere","floor":29,"turns":9},{"damage":4,"enemies":"Cultist and Chosen","floor":30,"turns":6},{"damage":10,"enemies":"Centurion and Healer","floor":31,"turns":4},{"damage":64,"enemies":"Champ","floor":33,"turns":8}],"seed_played":"4854869343622717039","potions_obtained":[{"floor":1.0,"key":"EntropicBrew"},{"floor":11.0,"key":"PowerPotion"},{"floor":19,"key":"Block Potion"},{"floor":19,"key":"Fire Potion"},{"floor":22,"key":"EssenceOfSteel"},{"floor":29,"key":"Fire Potion"},{"floor":30,"key":"PowerPotion"}],"is_trial":false,"path_per_floor":["M","?","?","M","T","R","M","R","T","R","E","M","M","E","R","B",null,"M","?","$","M","M","R","$","R","T","R","T","M","M","M","R"],"character_chosen":"THE_SILENT","items_purchased":["After Image"],"campfire_rested":1,"item_purchase_floors":[24],"current_hp_per_floor":[70,56,45,45,45,45,38,38,38,59,29,29,29,12,12,11,70,68,68,68,63,50,59,59,68,68,70,80,55,51,41,50,0],"gold":206,"neow_bonus":"REMOVE_TWO","is_prod":false,"is_daily":false,"chose_seed":false,"campfire_upgraded":7,"win_rate":0,"timestamp":1534154556,"path_taken":["M","?","?","?","?","R","M","R","T","R","E","M","M","E","R","BOSS","M","?","$","M","?","R","$","R","T","R","?","M","M","M","R","BOSS"],"build_version":"2018-08-09","purchased_purges":2,"victory":false,"max_hp_per_floor":[70,70,70,70,70,70,70,70,70,70,70,70,70,70,70,70,70,70,70,70,70,70,70,70,70,70,70,80,80,80,80,80,80],"card_choices":[{"not_picked":["Outmaneuver","Slice"],"picked":"Bouncing Flask","floor":1.0},{"not_picked":["Expertise","Poisoned Stab"],"picked":"Dodge and Roll","floor":4.0},{"not_picked":["Outmaneuver","Underhanded Strike"],"picked":"Flechettes","floor":7.0},{"not_picked":["Dagger Spray","Outmaneuver"],"picked":"Backflip","floor":11.0},{"not_picked":["Sucker Punch","Bane","Riddle With Holes"],"picked":"SKIP","floor":12.0},{"not_picked":["Eviscerate","Heel Hook"],"picked":"Dagger Throw","floor":13.0},{"not_picked":["Bane","Backflip"],"picked":"Cloak And Dagger","floor":14},{"not_picked":["Doppelganger","Glass Knife"],"picked":"Grand Finale","floor":16},{"not_picked":["Sucker Punch","Acrobatics+1","Outmaneuver"],"picked":"SKIP","floor":18},{"not_picked":["Sucker Punch","Masterful Stab","Backflip+1"],"picked":"SKIP","floor":21},{"not_picked":["PiercingWail","Flying Knee","Cloak And Dagger"],"picked":"SKIP","floor":22},{"not_picked":["Footwork","Heel Hook"],"picked":"Blade Dance+1","floor":29},{"not_picked":["Noxious Fumes","Dodge and Roll"],"picked":"Accuracy+1","floor":30},{"not_picked":["Outmaneuver","Well Laid Plans","Noxious Fumes"],"picked":"SKIP","floor":31}],"player_experience":269114,"relics_obtained":[{"floor":5.0,"key":"Bottled Lightning"},{"floor":9.0,"key":"Centennial Puzzle"},{"floor":11.0,"key":"Lantern"},{"floor":14,"key":"Tiny Chest"},{"floor":26,"key":"Smiling Mask"},{"floor":28,"key":"Pear"}],"event_choices":[{"event_name":"Shining Light","player_choice":"Entered Light","floor":2.0,"damage_taken":0.0},{"event_name":"World of Goop","player_choice":"Gather Gold","floor":3.0,"damage_taken":0.0},{"event_name":"The Lab","player_choice":"Got Potions","floor":19,"damage_taken":0}],"is_beta":false,"boss_relics":[{"not_picked":["Ectoplasm","Runic Dome"],"picked":"Eternal Feather"}],"items_purged_floors":[20,24],"is_endless":false,"potions_floor_spawned":[1,11,22,29,30],"killed_by":"Champ","ascension_level":4}