{"gold_per_floor":[114,289,289,289,309,309,329,329,329,329,340,354,382,82,82,180,180,195,215,14,14,14,14,39,39,114,114,133,168,168,186,186,290,340,352,352,151,101,155,155,185,185],"floor_reached":42,"playtime":1930,"items_purged":["Defend_P","Defend_P","Strike_P"],"score":610,"play_id":"037e1a0a-55f7-40d2-b15f-e14585536fa9","local_time":"20191007000130","is_ascension_mode":true,"campfire_choices":[{"data":"Eruption","floor":6.0,"key":"SMITH"},{"data":"Consecrate","floor":8.0,"key":"SMITH"},{"floor":10.0,"key":"DIG"},{"floor":15.0,"key":"DIG"},{"floor":23.0,"key":"DIG"},{"floor":25.0,"key":"DIG"},{"floor":27.0,"key":"DIG"},{"floor":30.0,"key":"DIG"},{"floor":32.0,"key":"REST"},{"data":"Scrawl","floor":40,"key":"SMITH"}],"neow_cost":"NONE","seed_source_timestamp":1253874967398,"circlet_count":0,"master_deck":["Strike_P","Defend_P","Eruption+1","Vigilance","Scrawl+1","Consecrate+1","FearNoEvil","Halt","DevaForm","CrushJoints+1","EmptyFist","CarveReality","Swivel","ConjureBlade+1","FollowUp","Scrawl"],"special_seed":0,"relics":["Runic Dome","Shovel","Thread and Needle","Odd Mushroom","Unceasing Top","Smiling Mask","Empty Cage","Strange Spoon","Blood Vial","Pantograph","Omamori","Matryoshka","Nunchaku","Lantern","Bottled Flame","Tiny House","Chemical X","Pocketwatch","StrikeDummy"],"potions_floor_usage":[39],"damage_taken":[{"damage":0.0,"enemies":"2 Louse","floor":1.0,"turns":2.0},{"damage":0.0,"enemies":"Small Slimes","floor":5.0,"turns":2.0},{"damage":0.0,"enemies":"Cultist","floor":7.0,"turns":2.0},{"damage":0.0,"enemies":"3 Louse","floor":11.0,"turns":1.0},{"damage":0.0,"enemies":"Exordium Wildlife","floor":12.0,"turns":5.0},{"damage":7.0,"enemies":"The Mushroom Lair","floor":13.0,"turns":3.0},{"damage":19.0,"enemies":"The Guardian","floor":16.0,"turns":15.0},{"damage":0.0,"enemies":"3 Byrds","floor":18.0,"turns":5.0},{"damage":0.0,"enemies":"Shell Parasite","floor":19.0,"turns":2.0},{"damage":23.0,"enemies":"Slavers","floor":24.0,"turns":3.0},{"damage":10.0,"enemies":"Snecko","floor":28.0,"turns":4.0},{"damage":23.0,"enemies":"Gremlin Leader","floor":29.0,"turns":4.0},{"damage":12.0,"enemies":"Snake Plant","floor":31.0,"turns":2.0},{"damage":51.0,"enemies":"Champ","floor":33.0,"turns":7.0},{"damage":10,"enemies":"Orb Walker","floor":35,"turns":3},{"damage":32,"enemies":"2 Orb Walkers","floor":39,"turns":4},{"damage":11,"enemies":"Giant Head","floor":41,"turns":5},{"damage":28,"enemies":"3 Shapes","floor":42,"turns":3}],"seed_played":"-141666528813444367","potions_obtained":[{"floor":1.0,"key":"Block Potion"},{"floor":7.0,"key":"Explosive Potion"},{"floor":13.0,"key":"Weak Potion"},{"floor":18.0,"key":"SkillPotion"},{"floor":24.0,"key":"SkillPotion"},{"floor":29.0,"key":"Ancient Potion"},{"floor":34.0,"key":"Fruit Juice"},{"floor":35,"key":"Weak Potion"}],"is_trial":false,"path_per_floor":["M","?","?","?","M","R","M","R","T","R","M","M","?","$","R","B",null,"M","M","$","?","?","R","E","R","T","R","M","E","R","M","R","B",null,"M","?","$","$","?","R","E","M"],"character_chosen":"WATCHER","items_purchased":["Unceasing Top","Strange Spoon","Chemical X"],"campfire_rested":1,"item_purchase_floors":[14,20,37],"current_hp_per_floor":[65,65,70,70,70,70,70,70,70,70,70,70,63,63,63,44,69,69,69,69,69,69,69,48,48,48,48,40,19,19,9,32,8,65,57,57,57,57,32,32,23,0],"gold":185,"neow_bonus":"BOSS_RELIC","is_prod":false,"is_daily":false,"chose_seed":false,"campfire_upgraded":3,"win_rate":0,"timestamp":1570374090,"path_taken":["M","?","?","?","M","R","?","R","T","R","M","M","?","?","R","BOSS","M","M","$","?","?","R","E","R","T","R","M","E","R","?","R","BOSS","M","?","?","$","?","R","E","M"],"build_version":"2019-10-04","purchased_purges":3,"victory":false,"max_hp_per_floor":[72,72,77,77,77,77,77,77,77,77,77,77,77,77,77,77,77,77,77,77,77,77,77,77,77,77,77,77,77,77,77,77,77,82,82,82,82,82,87,87,87,87],"card_choices":[{"not_picked":["DeceiveReality","JustLucky"],"picked":"Scrawl","floor":1.0},{"not_picked":["Sanctity","WreathOfFlame","ClearTheMind"],"picked":"SKIP","floor":5.0},{"not_picked":["Crescendo","SashWhip"],"picked":"Consecrate","floor":7.0},{"not_picked":["MentalFortress","SashWhip","Prostrate"],"picked":"SKIP","floor":11.0},{"not_picked":["EmptyMind","DeceiveReality"],"picked":"FearNoEvil","floor":12.0},{"not_picked":["CutThroughFate","Brilliance"],"picked":"Halt","floor":13.0},{"not_picked":["Wish","Brilliance"],"picked":"DevaForm","floor":16.0},{"not_picked":["ClearTheMind+1","Sanctity+1"],"picked":"CrushJoints+1","floor":18.0},{"not_picked":["Fasting2","Pray+1"],"picked":"EmptyFist","floor":19.0},{"not_picked":["Prostrate","Alpha"],"picked":"Swivel","floor":24.0},{"not_picked":["CarveReality+1","EmptyBody","Collect"],"picked":"SKIP","floor":28.0},{"not_picked":["CarveReality","Indignation","SpiritShield"],"picked":"SKIP","floor":29.0},{"not_picked":["Collect","Halt","Nirvana"],"picked":"SKIP","floor":31.0},{"not_picked":["MasterReality","Judgement"],"picked":"ConjureBlade","floor":33.0},{"not_picked":["EmptyBody+1","BowlingBash"],"picked":"FollowUp","floor":34.0},{"not_picked":["ForeignInfluence+1","CrushJoints+1","SandsOfTime"],"picked":"SKIP","floor":35},{"not_picked":["EmptyMind","Protect+1","CrushJoints+1"],"picked":"SKIP","floor":41}],"player_experience":577306,"relics_obtained":[{"floor":9.0,"key":"Shovel"},{"floor":10.0,"key":"Thread and Needle"},{"floor":13.0,"key":"Odd Mushroom"},{"floor":15.0,"key":"Smiling Mask"},{"floor":23.0,"key":"Blood Vial"},{"floor":24.0,"key":"Pantograph"},{"floor":25.0,"key":"Omamori"},{"floor":26.0,"key":"Matryoshka"},{"floor":27.0,"key":"Nunchaku"},{"floor":29.0,"key":"Lantern"},{"floor":30.0,"key":"Bottled Flame"},{"floor":39,"key":"Pocketwatch"},{"floor":41,"key":"StrikeDummy"}],"event_choices":[{"damage_healed":0.0,"max_hp_gain":0.0,"max_hp_loss":0.0,"gold_gain":175.0,"event_name":"Liars Game","player_choice":"AGREE","floor":2.0,"gold_loss":0.0,"damage_taken":0.0,"cards_obtained":["Doubt"]},{"damage_healed":0.0,"max_hp_gain":5.0,"max_hp_loss":0.0,"gold_gain":0.0,"event_name":"Big Fish","player_choice":"Donut","floor":3.0,"gold_loss":0.0,"damage_taken":0.0},{"cards_removed":["Doubt"],"damage_healed":0.0,"max_hp_gain":0.0,"max_hp_loss":0.0,"gold_gain":0.0,"event_name":"Fountain of Cleansing","player_choice":"Removed Curses","floor":4.0,"gold_loss":0.0,"damage_taken":0.0},{"damage_healed":0.0,"max_hp_gain":0.0,"max_hp_loss":0.0,"gold_gain":0.0,"event_name":"Mushrooms","player_choice":"Fought Mushrooms","floor":13.0,"gold_loss":0.0,"damage_taken":0.0},{"damage_healed":0.0,"max_hp_gain":0.0,"max_hp_loss":0.0,"gold_gain":0.0,"event_name":"Vampires","player_choice":"Ignored","floor":21.0,"gold_loss":0.0,"damage_taken":0.0},{"damage_healed":0.0,"max_hp_gain":0.0,"max_hp_loss":0.0,"gold_gain":0.0,"cards_transformed":["Strike_P"],"event_name":"Transmorgrifier","player_choice":"Transformed","floor":22.0,"gold_loss":0.0,"damage_taken":0.0,"cards_obtained":["CarveReality"]},{"damage_healed":0,"gold_gain":0,"player_choice":"Copied","damage_taken":0,"max_hp_gain":0,"max_hp_loss":0,"event_name":"Duplicator","floor":36,"gold_loss":0,"cards_obtained":["Scrawl"]},{"damage_healed":0,"gold_gain":0,"player_choice":"Fight","damage_taken":0,"max_hp_gain":0,"max_hp_loss":0,"event_name":"Mysterious Sphere","floor":39,"gold_loss":0}],"is_beta":true,"boss_relics":[{"not_picked":["Fusion Hammer","Philosopher\u0027s Stone"],"picked":"Empty Cage"},{"not_picked":["Pandora\u0027s Box","Velvet Choker"],"picked":"Tiny House"}],"items_purged_floors":[20,37,38],"is_endless":false,"potions_floor_spawned":[1,7,13,18,24,29,35],"killed_by":"3 Shapes","ascension_level":6}