{"gold_per_floor":[118,137,149,149,167,167,192,192,219,290,325,342,357,388,388,462,462,477,477,490,490],"floor_reached":21,"playtime":519,"items_purged":[],"score":382,"play_id":"611289ef-ac4e-4ef5-aa22-a958d3e2a00c","local_time":"20181016192515","is_ascension_mode":true,"campfire_choices":[{"data":"Feed","floor":6.0,"key":"SMITH"},{"data":"Flex","floor":15.0,"key":"SMITH"}],"neow_cost":"NONE","seed_source_timestamp":27997429141724,"circlet_count":0,"master_deck":["Strike_R+1","Strike_R","Strike_R+1","Strike_R","Strike_R","Defend_R","Bash","AscendersBane","Cleave","Flex+1","Feed+1","Thunderclap","Carnage","Flex","Reaper","Inflame+1","Berserk+1","Feel No Pain+1","RitualDagger"],"special_seed":0,"relics":["Burning Blood","Whetstone","Juzu Bracelet","Dream Catcher","Anchor","Kunai","Frozen Egg 2","Dead Branch","Empty Cage"],"potions_floor_usage":[16],"damage_taken":[{"damage":2.0,"enemies":"Jaw Worm","floor":1.0,"turns":3.0},{"damage":0.0,"enemies":"Cultist","floor":2.0,"turns":2.0},{"damage":10.0,"enemies":"Small Slimes","floor":3.0,"turns":3.0},{"damage":11.0,"enemies":"Looter","floor":5.0,"turns":2.0},{"damage":8.0,"enemies":"Gremlin Nob","floor":7.0,"turns":3.0},{"damage":16.0,"enemies":"3 Sentries","floor":11.0,"turns":7.0},{"damage":0.0,"enemies":"2 Fungi Beasts","floor":12.0,"turns":2.0},{"damage":6.0,"enemies":"Blue Slaver","floor":13.0,"turns":3.0},{"damage":8.0,"enemies":"Gremlin Nob","floor":14.0,"turns":3.0},{"damage":54,"enemies":"The Guardian","floor":16,"turns":7},{"damage":49,"enemies":"2 Thieves","floor":18,"turns":4},{"damage":31,"enemies":"Shell Parasite","floor":20,"turns":4},{"damage":4,"enemies":"Centurion and Healer","floor":21,"turns":2}],"seed_played":"-1720806796248039807","potions_obtained":[{"floor":1.0,"key":"SpeedPotion"},{"floor":5.0,"key":"Strength Potion"},{"floor":7.0,"key":"Strength Potion"},{"floor":13.0,"key":"Regen Potion"},{"floor":20,"key":"SpeedPotion"}],"is_trial":false,"path_per_floor":["M","M","M","?","M","R","E","?","T","T","E","M","M","E","R","B",null,"M","?","M"],"character_chosen":"IRONCLAD","items_purchased":[],"campfire_rested":0,"item_purchase_floors":[],"current_hp_per_floor":[72,75,71,71,66,66,64,64,64,64,58,64,64,62,62,39,69,44,38,17,27],"gold":490,"neow_bonus":"RANDOM_COMMON_RELIC","is_prod":false,"is_daily":false,"chose_seed":false,"campfire_upgraded":2,"win_rate":0,"timestamp":1539710715,"path_taken":["M","M","M","?","M","R","E","?","T","?","E","M","M","E","R","BOSS","M","?","M","M"],"build_version":"2018-10-15v2","purchased_purges":0,"victory":false,"max_hp_per_floor":[75,75,75,75,75,75,75,75,75,75,79,79,79,79,79,79,79,83,83,87,87],"card_choices":[{"not_picked":["Blood for Blood","Shrug It Off"],"picked":"Cleave","floor":1.0},{"not_picked":["Armaments","Shrug It Off","Anger"],"picked":"SKIP","floor":2.0},{"not_picked":["Perfected Strike","Iron Wave"],"picked":"Flex","floor":3.0},{"not_picked":["Wild Strike","Twin Strike"],"picked":"Feed","floor":5.0},{"not_picked":["Battle Trance","Evolve"],"picked":"Thunderclap","floor":7.0},{"not_picked":["Sword Boomerang","Rage"],"picked":"Carnage","floor":11.0},{"not_picked":["Infernal Blade","Cleave"],"picked":"Flex","floor":12.0},{"not_picked":["Body Slam","Rage"],"picked":"Reaper","floor":13.0},{"not_picked":["Flex","Headbutt"],"picked":"Inflame+1","floor":14.0},{"not_picked":["Brutality+1","Fiend Fire"],"picked":"Berserk+1","floor":16},{"not_picked":["Burning Pact","Seeing Red"],"picked":"Feel No Pain+1","floor":18},{"not_picked":["Entrench","Dropkick","Armaments"],"picked":"SKIP","floor":20}],"player_experience":692389,"relics_obtained":[{"floor":7.0,"key":"Juzu Bracelet"},{"floor":9.0,"key":"Anchor"},{"floor":10.0,"key":"Kunai"},{"floor":11.0,"key":"Frozen Egg 2"},{"floor":14.0,"key":"Dead Branch"}],"event_choices":[{"event_name":"Purifier","player_choice":"One Purge","floor":4.0,"damage_taken":0.0},{"event_name":"Dead Adventurer","player_choice":"Searched \u00272\u0027 times","floor":8.0,"damage_taken":0.0},{"event_name":"Nest","player_choice":"Joined the Cult","floor":19,"damage_taken":0}],"is_beta":true,"boss_relics":[{"not_picked":["Lizard Tail","Astrolabe"],"picked":"Empty Cage"}],"items_purged_floors":[],"is_endless":false,"potions_floor_spawned":[1,5,7,13,20],"killed_by":"Centurion and Healer","ascension_level":18}