{"gold_per_floor":[119,138,149,74,91,91,116,136,210,210,270,295,17,17,29,117,179,207,219,243,269,16,16,29,49,49,4,4,39,39,59,59,59],"floor_reached":33,"playtime":864,"items_purged":[],"score":590,"play_id":"0010fb8a-52b4-42a8-874d-121d70e7f237","local_time":"20181028001317","is_ascension_mode":true,"campfire_choices":[{"data":"Perfected Strike","floor":6.0,"key":"SMITH"},{"data":"Feed","floor":10.0,"key":"SMITH"},{"floor":15.0,"key":"REST"},{"data":"Flex","floor":23.0,"key":"SMITH"},{"floor":28,"key":"REST"},{"floor":32,"key":"REST"}],"neow_cost":"NONE","seed_source_timestamp":40972846991766,"circlet_count":0,"master_deck":["Strike_R","Strike_R","Strike_R","Strike_R","Strike_R","Defend_R","Defend_R","Defend_R","Bash+1","AscendersBane","Perfected Strike+1","Pommel Strike","Feed+1","Cleave+1","Perfected Strike","Flex+1","Feed","Clothesline","Heavy Blade","Decay","Reaper","Twin Strike","Pommel Strike"],"special_seed":0,"relics":["Burning Blood","Strawberry","Darkstone Periapt","Pocketwatch","Happy Flower","Tiny House","Gremlin Horn","The Courier","Ancient Tea Set","Nloth\u0027s Gift"],"potions_floor_usage":[25,29,33,33],"damage_taken":[{"damage":3.0,"enemies":"2 Louse","floor":1.0,"turns":3.0},{"damage":7.0,"enemies":"Small Slimes","floor":2.0,"turns":3.0},{"damage":2.0,"enemies":"Jaw Worm","floor":3.0,"turns":3.0},{"damage":7.0,"enemies":"2 Fungi Beasts","floor":5.0,"turns":3.0},{"damage":29.0,"enemies":"3 Sentries","floor":7.0,"turns":8.0},{"damage":18.0,"enemies":"Red Slaver","floor":8.0,"turns":3.0},{"damage":28.0,"enemies":"Lagavulin","floor":12.0,"turns":4.0},{"damage":8.0,"enemies":"Slime Boss","floor":16.0,"turns":7.0},{"damage":23.0,"enemies":"2 Thieves","floor":18.0,"turns":3.0},{"damage":37.0,"enemies":"Shell Parasite","floor":20.0,"turns":3.0},{"damage":13.0,"enemies":"Snecko","floor":21.0,"turns":3.0},{"damage":34.0,"enemies":"Snake Plant","floor":24.0,"turns":4.0},{"damage":22,"enemies":"3 Cultists","floor":25,"turns":4},{"damage":42,"enemies":"Gremlin Leader","floor":29,"turns":5},{"damage":32,"enemies":"Centurion and Healer","floor":31,"turns":6},{"damage":93,"enemies":"Champ","floor":33,"turns":9}],"seed_played":"3682506815736268204","potions_obtained":[{"floor":1.0,"key":"FearPotion"},{"floor":3.0,"key":"Dexterity Potion"},{"floor":8.0,"key":"Dexterity Potion"},{"floor":17.0,"key":"SneckoOil"},{"floor":21.0,"key":"Ancient Potion"},{"floor":24.0,"key":"PowerPotion"},{"floor":31,"key":"EssenceOfSteel"}],"is_trial":false,"path_per_floor":["M","M","M","?","M","R","E","M","T","R","?","E","$","?","R","B",null,"M","?","M","M","$","R","M","M","T","$","R","E","?","M","R"],"character_chosen":"IRONCLAD","items_purchased":["Happy Flower","Perfected Strike","Flex","Gremlin Horn","Strength Potion"],"campfire_rested":3,"item_purchase_floors":[13,13,13,22,27],"current_hp_per_floor":[71,70,74,74,73,73,57,45,45,45,45,27,27,27,52,54,86,72,78,51,44,44,44,16,35,35,35,69,45,45,42,78,0],"gold":59,"neow_bonus":"UPGRADE_CARD","is_prod":false,"is_daily":false,"chose_seed":false,"campfire_upgraded":3,"win_rate":0,"timestamp":1540678397,"path_taken":["M","M","M","?","M","R","E","M","T","R","?","E","$","?","R","BOSS","M","?","M","M","$","R","M","M","T","?","R","E","?","M","R","BOSS"],"build_version":"2018-10-25v2","purchased_purges":0,"victory":false,"max_hp_per_floor":[75,75,75,75,75,75,82,82,82,82,82,86,86,86,86,90,95,98,104,108,108,108,108,108,115,115,115,115,115,115,122,122,122],"card_choices":[{"not_picked":["Metallicize","Entrench"],"picked":"Perfected Strike","floor":1.0},{"not_picked":["Blood for Blood","Body Slam","Heavy Blade"],"picked":"SKIP","floor":2.0},{"not_picked":["Havoc","Rupture","Sword Boomerang"],"picked":"SKIP","floor":3.0},{"not_picked":["Clash","Body Slam"],"picked":"Pommel Strike","floor":5.0},{"not_picked":["Second Wind","Thunderclap"],"picked":"Feed","floor":7.0},{"not_picked":["Combust","Headbutt"],"picked":"Cleave","floor":8.0},{"not_picked":["Reckless Charge","Rupture","Body Slam"],"picked":"SKIP","floor":12.0},{"not_picked":["Dark Embrace","Fiend Fire"],"picked":"Feed","floor":16.0},{"not_picked":["Rage","Iron Wave"],"picked":"Clothesline","floor":17.0},{"not_picked":["Fire Breathing","Flame Barrier"],"picked":"Heavy Blade","floor":18.0},{"not_picked":["Wild Strike","Rage","Shrug It Off"],"picked":"SKIP","floor":20.0},{"not_picked":["Pommel Strike+1","Flex"],"picked":"Reaper","floor":21.0},{"not_picked":["Uppercut+1","Rage","Thunderclap"],"picked":"SKIP","floor":24.0},{"not_picked":["Burning Pact","Iron Wave"],"picked":"Twin Strike","floor":25},{"not_picked":["Headbutt","Armaments"],"picked":"Pommel Strike","floor":29},{"not_picked":["Sentinel","Power Through+1","Exhume"],"picked":"SKIP","floor":31}],"player_experience":706469,"relics_obtained":[{"floor":7.0,"key":"Strawberry"},{"floor":9.0,"key":"Darkstone Periapt"},{"floor":12.0,"key":"Pocketwatch"},{"floor":26,"key":"The Courier"},{"floor":29,"key":"Ancient Tea Set"}],"event_choices":[{"cards_removed":["Defend_R"],"damage_healed":0.0,"max_hp_gain":0.0,"max_hp_loss":0.0,"gold_gain":0.0,"event_name":"The Cleric","player_choice":"Card Removal","floor":4.0,"gold_loss":75.0,"damage_taken":0.0},{"damage_healed":0.0,"max_hp_gain":0.0,"max_hp_loss":0.0,"gold_gain":60.0,"event_name":"Golden Wing","player_choice":"Gained Gold","floor":11.0,"gold_loss":0.0,"damage_taken":0.0},{"damage_healed":0.0,"max_hp_gain":0.0,"max_hp_loss":0.0,"gold_gain":30.0,"event_name":"Dead Adventurer","player_choice":"Searched \u00272\u0027 times","floor":14.0,"gold_loss":0.0,"damage_taken":0.0,"relics_obtained":["MawBank"]},{"damage_healed":0.0,"max_hp_gain":0.0,"max_hp_loss":0.0,"gold_gain":0.0,"event_name":"Forgotten Altar","player_choice":"Smashed Altar","floor":19.0,"gold_loss":0.0,"damage_taken":0.0,"cards_obtained":["Decay"]},{"damage_healed":0,"gold_gain":0,"player_choice":"Traded Relic","damage_taken":0,"relics_obtained":["Nloth\u0027s Gift"],"max_hp_gain":0,"max_hp_loss":0,"event_name":"N\u0027loth","floor":30,"relics_lost":["MawBank"],"gold_loss":0}],"is_beta":true,"boss_relics":[{"not_picked":["Snecko Eye","Runic Dome"],"picked":"Tiny House"}],"items_purged_floors":[],"is_endless":false,"potions_floor_spawned":[1,3,8,21,24,31],"killed_by":"Champ","ascension_level":19}