{"gold_per_floor":[114,192,211,211,211,224,110,110,110,137,149,180,194,194,194,298,298,298,298,283,283,283,283,283,283,283,283,283,283,283,283,283,283,283,283,283,283,283,283,283,283,283,283,7,7,7,7,7,7,7],"floor_reached":51,"playtime":4396,"items_purged":["Strike_R"],"score":786,"play_id":"fa802753-d447-4a80-9a52-220aa70d47bb","local_time":"20180705233735","is_ascension_mode":false,"campfire_choices":[{"data":"Inflame","floor":8.0,"key":"SMITH"},{"floor":15.0,"key":"REST"},{"data":"Heavy Blade","floor":27.0,"key":"SMITH"},{"floor":32.0,"key":"REST"},{"data":"Impervious","floor":40.0,"key":"SMITH"},{"floor":49,"key":"REST"}],"neow_cost":"","seed_source_timestamp":318366306959,"circlet_count":0,"master_deck":["Defend_R","Defend_R","Defend_R","Defend_R","Bash","Battle Trance+1","Flex+1","Blood for Blood+1","Flex","Seeing Red","Iron Wave","Inflame+1","Pommel Strike","Heavy Blade+1","Inflame","Brutality","Iron Wave+1","Heavy Blade+1","Iron Wave+1","Bloodletting","Spot Weakness","Headbutt","Impervious+1","Rupture+1","Sword Boomerang+1","Blood for Blood+1","Iron Wave+1","Pommel Strike+1","Apotheosis","Thunderclap+1"],"special_seed":0,"relics":["Astrolabe","Bag of Marbles","Darkstone Periapt","Ornamental Fan","Strawberry","Ectoplasm","Blood Vial","Oddly Smooth Stone","Omamori","Anchor","Smiling Mask","Black Star","Calipers","Bag of Preparation","Bronze Scales","Old Coin","Vajra","Lantern"],"potions_floor_usage":[47,50,50],"damage_taken":[{"damage":6.0,"enemies":"2 Louse","floor":1.0,"turns":2.0},{"damage":0.0,"enemies":"Cultist","floor":3.0,"turns":2.0},{"damage":0.0,"enemies":"Jaw Worm","floor":6.0,"turns":1.0},{"damage":22.0,"enemies":"Gremlin Nob","floor":10.0,"turns":3.0},{"damage":9.0,"enemies":"Exordium Wildlife","floor":11.0,"turns":2.0},{"damage":6.0,"enemies":"3 Sentries","floor":12.0,"turns":5.0},{"damage":0.0,"enemies":"Looter","floor":13.0,"turns":2.0},{"damage":14.0,"enemies":"Slime Boss","floor":16.0,"turns":7.0},{"damage":1.0,"enemies":"Spheric Guardian","floor":18.0,"turns":3.0},{"damage":7.0,"enemies":"2 Thieves","floor":20.0,"turns":2.0},{"damage":7.0,"enemies":"Centurion and Healer","floor":21.0,"turns":4.0},{"damage":2.0,"enemies":"Snake Plant","floor":22.0,"turns":2.0},{"damage":22.0,"enemies":"Slavers","floor":23.0,"turns":4.0},{"damage":6.0,"enemies":"Snecko","floor":24.0,"turns":4.0},{"damage":4.0,"enemies":"Gremlin Leader","floor":25.0,"turns":4.0},{"damage":12.0,"enemies":"Centurion and Healer","floor":30.0,"turns":3.0},{"damage":3.0,"enemies":"Cultist and Chosen","floor":31.0,"turns":3.0},{"damage":65.0,"enemies":"Champ","floor":33.0,"turns":7.0},{"damage":0.0,"enemies":"3 Darklings","floor":35.0,"turns":6.0},{"damage":21.0,"floor":36.0,"turns":4.0},{"damage":1.0,"enemies":"3 Shapes","floor":38.0,"turns":4.0},{"damage":3.0,"enemies":"3 Darklings","floor":39.0,"turns":5.0},{"damage":33.0,"enemies":"Giant Head","floor":41.0,"turns":6.0},{"damage":3.0,"enemies":"4 Shapes","floor":42.0,"turns":5.0},{"damage":0.0,"enemies":"Maw","floor":45.0,"turns":7.0},{"damage":23,"enemies":"Nemesis","floor":46,"turns":3},{"damage":0,"enemies":"3 Darklings","floor":47,"turns":3},{"damage":17,"enemies":"Awakened One","floor":50,"turns":5}],"seed_played":"4362672321459601322","potions_obtained":[{"floor":10.0,"key":"Poison Potion"},{"floor":11.0,"key":"Fire Potion"},{"floor":12.0,"key":"GamblersBrew"},{"floor":18.0,"key":"Ancient Potion"},{"floor":21.0,"key":"GamblersBrew"},{"floor":25.0,"key":"Swift Potion"},{"floor":29.0,"key":"Weak Potion"},{"floor":29.0,"key":"FearPotion"},{"floor":29.0,"key":"SkillPotion"},{"floor":35.0,"key":"Explosive Potion"},{"floor":39.0,"key":"Regen Potion"},{"floor":45.0,"key":"SpeedPotion"},{"floor":47,"key":"Swift Potion"}],"is_trial":false,"path_per_floor":["M","?","M","?","?","M","$","R","T","E","M","E","M","?","R","B",null,"M","T","M","M","M","E","M","E","T","R","T","?","M","M","R","B",null,"M","?","?","M","M","R","E","M","T","$","M","E","M","?","R","B"],"character_chosen":"IRONCLAD","items_purchased":["Inflame","Apotheosis","SkillPotion","SpeedPotion"],"campfire_rested":3,"item_purchase_floors":[],"current_hp_per_floor":[74,74,74,67,67,67,67,67,67,45,36,37,37,37,63,49,87,86,86,80,75,75,55,51,49,49,49,49,49,39,38,64,1,87,87,66,66,67,66,66,35,34,34,34,36,15,17,17,43,42],"gold":7,"neow_bonus":"","is_prod":false,"is_daily":false,"chose_seed":false,"campfire_upgraded":3,"win_rate":0,"timestamp":1530805055,"path_taken":["M","?","M","?","?","M","?","R","T","E","?","E","M","?","R","BOSS","M","?","M","M","M","E","M","E","T","R","?","?","M","?","R","BOSS","M","?","?","M","?","R","E","M","T","$","M","E","?","?","R","BOSS"],"build_version":"2018-06-28","purchased_purges":1,"victory":true,"max_hp_per_floor":[80,80,80,80,80,80,80,80,80,80,80,87,87,87,87,87,87,87,87,87,87,87,87,87,87,87,87,87,87,87,87,87,87,87,87,87,87,87,87,87,87,87,87,87,87,87,87,87,87,87],"card_choices":[{"not_picked":["Perfected Strike","Pommel Strike"],"picked":"Flex","floor":1.0},{"not_picked":["Perfected Strike","Body Slam"],"picked":"Seeing Red","floor":3.0},{"not_picked":["Clash","Clothesline"],"picked":"Iron Wave","floor":6.0},{"not_picked":["Dark Embrace","Wild Strike"],"picked":"Pommel Strike","floor":10.0},{"not_picked":["Body Slam","Entrench"],"picked":"Pommel Strike","floor":11.0},{"not_picked":["Headbutt","Warcry"],"picked":"Heavy Blade","floor":12.0},{"not_picked":["Headbutt","Fire Breathing"],"picked":"Inflame","floor":13.0},{"not_picked":["Impervious","Immolate"],"picked":"Brutality","floor":16.0},{"not_picked":["Evolve+1","Body Slam","Disarm+1"],"picked":"SKIP","floor":18.0},{"not_picked":["Anger","Feel No Pain"],"picked":"Iron Wave+1","floor":20.0},{"not_picked":["Flame Barrier","Havoc"],"picked":"Heavy Blade+1","floor":21.0},{"not_picked":["Dual Wield","Infernal Blade+1"],"picked":"Iron Wave+1","floor":22.0},{"not_picked":["Wild Strike","Rage+1"],"picked":"Bloodletting","floor":23.0},{"not_picked":["Sword Boomerang","Infernal Blade"],"picked":"Spot Weakness","floor":24.0},{"not_picked":["Feel No Pain","Shrug It Off+1"],"picked":"Headbutt","floor":25.0},{"not_picked":["Perfected Strike","Clothesline","Burning Pact"],"picked":"SKIP","floor":30.0},{"not_picked":["Burning Pact","Sever Soul","Evolve"],"picked":"SKIP","floor":31.0},{"not_picked":["Juggernaut","Barricade"],"picked":"Impervious","floor":33.0},{"not_picked":["Cleave","Shockwave"],"picked":"Rupture+1","floor":35.0},{"not_picked":["Iron Wave","Body Slam"],"picked":"Sword Boomerang+1","floor":36.0},{"not_picked":["Second Wind","Headbutt+1"],"picked":"Iron Wave+1","floor":38.0},{"not_picked":["Fire Breathing+1","Entrench+1"],"picked":"Pommel Strike+1","floor":39.0},{"not_picked":["True Grit+1","Reckless Charge+1","Ghostly Armor"],"picked":"SKIP","floor":41.0},{"not_picked":["Havoc","Evolve+1","Shrug It Off"],"picked":"SKIP","floor":42.0},{"not_picked":["Inflame","True Grit","Iron Wave"],"picked":"SKIP","floor":45.0},{"not_picked":["Rampage","Rage","Pummel"],"picked":"SKIP","floor":46},{"not_picked":["Warcry","Twin Strike"],"picked":"Thunderclap+1","floor":47}],"player_experience":79249,"relics_obtained":[{"floor":9.0,"key":"Darkstone Periapt"},{"floor":10.0,"key":"Ornamental Fan"},{"floor":12.0,"key":"Strawberry"},{"floor":19.0,"key":"Blood Vial"},{"floor":23.0,"key":"Oddly Smooth Stone"},{"floor":25.0,"key":"Omamori"},{"floor":26.0,"key":"Anchor"},{"floor":28.0,"key":"Smiling Mask"},{"floor":36.0,"key":"Calipers"},{"floor":41.0,"key":"Bag of Preparation"},{"floor":41.0,"key":"Bronze Scales"},{"floor":43.0,"key":"Old Coin"},{"floor":46,"key":"Vajra"},{"floor":46,"key":"Lantern"}],"event_choices":[{"event_name":"Golden Wing","player_choice":"Gained Gold","floor":2.0,"damage_taken":0.0},{"event_name":"Scrap Ooze","player_choice":"success","floor":4.0,"damage_taken":7.0},{"event_name":"The Woman in Blue","player_choice":"Bought 0 Potions","floor":5.0,"damage_taken":0.0},{"event_name":"Purifier","player_choice":"One Purge","floor":14.0,"damage_taken":0.0},{"event_name":"The Lab","player_choice":"Got Potions","floor":29.0,"damage_taken":0.0},{"event_name":"Mysterious Sphere","player_choice":"Fight","floor":36.0,"damage_taken":0.0},{"event_name":"Duplicator","player_choice":"One dupe","floor":37.0,"damage_taken":0.0},{"event_name":"Falling","player_choice":"Removed Attack","floor":48,"damage_taken":0}],"boss_relics":[{"not_picked":["Lizard Tail","Eternal Feather"],"picked":"Ectoplasm"},{"not_picked":["Coffee Dripper","Velvet Choker"],"picked":"Black Star"}],"items_purged_floors":[],"is_endless":false,"potions_floor_spawned":[10,11,12,18,21,25,35,39,45,47],"ascension_level":0}