{"gold_per_floor":[112,16,16,91,102,129,129],"floor_reached":7,"playtime":71,"items_purged":[],"score":148,"play_id":"ebf8d7fa-6cb0-4b90-84e5-5df10684d0f6","local_time":"20181129114313","is_ascension_mode":true,"campfire_choices":[],"neow_cost":"NONE","seed_source_timestamp":69711940010440,"circlet_count":0,"master_deck":["AscendersBane","Defend_G","Defend_G","Defend_G+1","Defend_G","Defend_G","Strike_G","Strike_G","Strike_G","Strike_G","Strike_G","Survivor","Neutralize","Accuracy+1","Bandage Up","Blade Dance"],"relics":["Ring of the Snake","NeowsBlessing","Potion Belt"],"potions_floor_usage":[7],"damage_taken":[{"damage":0,"enemies":"Cultist","floor":1,"turns":1},{"damage":0,"enemies":"Small Slimes","floor":5,"turns":1},{"damage":0,"enemies":"Gremlin Nob","floor":6,"turns":1},{"damage":1,"enemies":"The Mushroom Lair","floor":7,"turns":2}],"seed_played":"2181288325935694426","potions_obtained":[{"floor":5,"key":"SteroidPotion"}],"is_trial":false,"path_per_floor":["M","$","?","?","M","E","?"],"character_chosen":"THE_SILENT","items_purchased":["Bandage Up"],"campfire_rested":0,"item_purchase_floors":[2],"current_hp_per_floor":[59,59,39,28,32,32,35],"gold":129,"neow_bonus":"THREE_ENEMY_KILL","is_prod":false,"is_daily":false,"chose_seed":false,"campfire_upgraded":0,"win_rate":0,"timestamp":1543488193,"path_taken":["M","$","?","?","?","E","?"],"build_version":"2018-11-15","purchased_purges":0,"victory":false,"max_hp_per_floor":[66,66,66,66,66,66,66],"card_choices":[{"not_picked":["Underhanded Strike","Prepared"],"picked":"Accuracy","floor":1},{"not_picked":["Heel Hook","Catalyst"],"picked":"Blade Dance","floor":5},{"not_picked":["Heel Hook","Poisoned Stab","All Out Attack"],"picked":"SKIP","floor":6}],"player_experience":781869,"relics_obtained":[{"floor":6,"key":"Potion Belt"}],"event_choices":[{"damage_healed":0,"gold_gain":0,"player_choice":"Entered Light","damage_taken":20,"max_hp_gain":0,"max_hp_loss":0,"event_name":"Shining Light","floor":3,"gold_loss":0,"cards_upgraded":["Accuracy","Defend_G"]},{"damage_healed":0,"gold_gain":75,"player_choice":"Gather Gold","damage_taken":11,"max_hp_gain":0,"max_hp_loss":0,"event_name":"World of Goop","floor":4,"gold_loss":0},{"damage_healed":0,"gold_gain":0,"player_choice":"Fought Mushrooms","damage_taken":0,"max_hp_gain":0,"max_hp_loss":0,"event_name":"Mushrooms","floor":7,"gold_loss":0}],"is_beta":true,"boss_relics":[],"items_purged_floors":[],"is_endless":false,"potions_floor_spawned":[5],"killed_by":"The Mushroom Lair","ascension_level":20}