{"gold_per_floor":[116,127,143,318,393,428,428,428,428,461,474,488,488,508,508,612,612,626,643,659,659],"floor_reached":21,"playtime":2049,"items_purged":[],"score":192,"play_id":"5fa7896e-9aa8-45b5-a1c4-0fe3b3c99a1c","local_time":"20180630215116","is_ascension_mode":false,"campfire_choices":[{"floor":7.0,"key":"REST"},{"floor":15,"key":"REST"}],"neow_cost":"","seed_source_timestamp":7986313409783,"circlet_count":0,"master_deck":["Strike_B","Strike_B","Strike_B","Strike_B","Defend_B","Defend_B+1","Defend_B+1","Defend_B","Zap","Dualcast","Beam Cell","Sweeping Beam","Rainbow","Defragment","Static Discharge","Steam","Doom and Gloom","Redo","Machine Learning","Capacitor","Static Discharge+1","FTL+1"],"special_seed":0,"relics":["Cracked Core","Dodecahedron","Strawberry","Pantograph","War Paint","Spirit Poop","Nuclear Battery"],"potions_floor_usage":[14,21],"damage_taken":[{"damage":7.0,"enemies":"Jaw Worm","floor":1.0,"turns":5.0},{"damage":5.0,"enemies":"2 Louse","floor":2.0,"turns":3.0},{"damage":0.0,"enemies":"Cultist","floor":3.0,"turns":3.0},{"damage":37.0,"enemies":"Gremlin Nob","floor":6.0,"turns":5.0},{"damage":6.0,"enemies":"Lagavulin","floor":10.0,"turns":6.0},{"damage":11.0,"enemies":"2 Fungi Beasts","floor":11.0,"turns":3.0},{"damage":5.0,"enemies":"Red Slaver","floor":12.0,"turns":3.0},{"damage":0,"enemies":"Large Slime","floor":14,"turns":3},{"damage":30,"enemies":"Hexaghost","floor":16,"turns":8},{"damage":18,"enemies":"Shell Parasite","floor":18,"turns":4},{"damage":20,"enemies":"Spheric Guardian","floor":19,"turns":4},{"damage":23,"enemies":"Snake Plant","floor":20,"turns":2},{"damage":22,"enemies":"Centurion and Healer","floor":21,"turns":5}],"seed_played":"-2793922002931209795","potions_obtained":[{"floor":6.0,"key":"SteroidPotion"},{"floor":10.0,"key":"SteroidPotion"},{"floor":12.0,"key":"EntropicBrew"},{"floor":20,"key":"PowerPotion"}],"is_trial":false,"path_per_floor":["M","M","M","?","?","E","R","?","T","E","M","M","?","M","R","B",null,"M","M","M"],"character_chosen":"DEFECT","items_purchased":[],"campfire_rested":2,"item_purchase_floors":[],"current_hp_per_floor":[68,63,63,63,52,15,37,37,37,31,20,15,15,15,39,34,82,64,44,21,0],"gold":659,"neow_bonus":"","is_prod":false,"is_daily":false,"chose_seed":false,"campfire_upgraded":0,"win_rate":0.0,"timestamp":1530366676,"path_taken":["M","M","M","?","?","E","R","?","T","E","M","M","?","M","R","BOSS","M","M","M","M"],"build_version":"2018-06-28","purchased_purges":0,"victory":false,"max_hp_per_floor":[75,75,75,75,75,75,75,82,82,82,82,82,82,82,82,82,82,82,82,82,82],"card_choices":[{"not_picked":["Stack","Coolheaded"],"picked":"Beam Cell","floor":1.0},{"not_picked":["Leap","Gash"],"picked":"Sweeping Beam","floor":2.0},{"not_picked":["Go for the Eyes","Compile Driver"],"picked":"Rainbow","floor":3.0},{"not_picked":["Melter","Storm"],"picked":"Defragment","floor":6.0},{"not_picked":["Consume","FTL"],"picked":"Static Discharge","floor":10.0},{"not_picked":["Compile Driver","Aggregate"],"picked":"Steam","floor":11.0},{"not_picked":["Compile Driver","Barrage"],"picked":"Doom and Gloom","floor":12.0},{"not_picked":["Glacier","Barrage"],"picked":"Redo","floor":14},{"not_picked":["Creative AI","Fission"],"picked":"Machine Learning","floor":16},{"not_picked":["Beam Cell","Hologram+1"],"picked":"Capacitor","floor":18},{"not_picked":["Ball Lightning","Go for the Eyes"],"picked":"Static Discharge+1","floor":19},{"not_picked":["Cold Snap+1","Chill"],"picked":"FTL+1","floor":20}],"player_experience":25919,"relics_obtained":[{"floor":6.0,"key":"Dodecahedron"},{"floor":9.0,"key":"Pantograph"},{"floor":10.0,"key":"War Paint"}],"event_choices":[{"event_name":"Liars Game","player_choice":"agreed","floor":4.0,"damage_taken":0.0},{"event_name":"World of Goop","player_choice":"Gather Gold","floor":5.0,"damage_taken":0.0},{"event_name":"Scrap Ooze","player_choice":"success","floor":8.0,"damage_taken":7.0},{"event_name":"Bonfire Elementals","player_choice":"CURSE","floor":13.0,"damage_taken":0.0}],"boss_relics":[{"not_picked":["Eternal Feather","Sozu"],"picked":"Nuclear Battery"}],"items_purged_floors":[],"is_endless":false,"potions_floor_spawned":[6,10,12,20],"killed_by":"Centurion and Healer","ascension_level":0}