{"gold_per_floor":[117,129,147,166,52,65,100,113,113,113,142,142,167,252,252,331,331,341,541,575,585,88,88,115,115],"floor_reached":25,"playtime":790,"items_purged":["Defend_R","Strike_R"],"score":439,"play_id":"17a9599f-4ff2-49c4-b406-252eb827429a","local_time":"20181025183107","is_ascension_mode":true,"campfire_choices":[{"data":"Rage","floor":10,"key":"SMITH"},{"data":"Perfected Strike","floor":12,"key":"SMITH"},{"floor":15,"key":"REST"},{"floor":23,"key":"REST"}],"neow_cost":"NONE","seed_source_timestamp":275783209507196,"circlet_count":0,"master_deck":["Strike_R","Strike_R","Strike_R","Strike_R","Defend_R","Defend_R","Defend_R","Bash","AscendersBane","Cleave","Flex","Offering","Rage+1","Perfected Strike+1","Iron Wave","Twin Strike","Rage","Heavy Blade","Barricade","Shrug It Off","Flame Barrier","Perfected Strike","Shrug It Off"],"relics":["Burning Blood","Bronze Scales","Bottled Lightning","Boot","Odd Mushroom","Blood Vial","Tiny Chest","Velvet Choker","Red Mask","Lantern","Vajra","Meat on the Bone"],"potions_floor_usage":[7,13,14,16,18,20,24],"damage_taken":[{"damage":6,"enemies":"Jaw Worm","floor":1,"turns":4},{"damage":4,"enemies":"Small Slimes","floor":2,"turns":4},{"damage":6,"enemies":"Cultist","floor":3,"turns":3},{"damage":16,"enemies":"3 Louse","floor":4,"turns":2},{"damage":6,"enemies":"2 Fungi Beasts","floor":6,"turns":2},{"damage":26,"enemies":"Lagavulin","floor":7,"turns":6},{"damage":7,"enemies":"Exordium Wildlife","floor":8,"turns":3},{"damage":12,"enemies":"The Mushroom Lair","floor":11,"turns":3},{"damage":19,"enemies":"Gremlin Nob","floor":13,"turns":4},{"damage":6,"enemies":"Gremlin Nob","floor":14,"turns":2},{"damage":29,"enemies":"The Guardian","floor":16,"turns":8},{"damage":20,"enemies":"Shell Parasite","floor":18,"turns":3},{"damage":10,"enemies":"Masked Bandits","floor":20,"turns":3},{"damage":9,"enemies":"Spheric Guardian","floor":21,"turns":4},{"damage":53,"enemies":"Book of Stabbing","floor":24,"turns":4},{"damage":25,"enemies":"Centurion and Healer","floor":25,"turns":3}],"seed_played":"-3508627512551499386","potions_obtained":[{"floor":6,"key":"Weak Potion"},{"floor":7,"key":"Dexterity Potion"},{"floor":11,"key":"Block Potion"},{"floor":13,"key":"SteroidPotion"},{"floor":14,"key":"Fire Potion"},{"floor":18,"key":"AttackPotion"},{"floor":21,"key":"AttackPotion"},{"floor":24,"key":"BloodPotion"}],"is_trial":false,"path_per_floor":["M","M","M","M","$","M","E","M","T","R","?","R","E","?","R","B",null,"M","?","?","M","$","R","E"],"character_chosen":"IRONCLAD","items_purchased":["Rage","Lantern","Vajra","Shrug It Off"],"campfire_rested":2,"item_purchase_floors":[5,22,22,22],"current_hp_per_floor":[68,70,70,60,60,60,40,39,39,39,33,33,20,22,44,23,62,50,50,48,47,47,69,24,1],"gold":115,"neow_bonus":"RANDOM_COMMON_RELIC","is_prod":false,"is_daily":false,"chose_seed":false,"campfire_upgraded":2,"win_rate":0,"timestamp":1540485067,"path_taken":["M","M","M","M","$","M","E","M","T","R","?","R","E","?","R","BOSS","M","?","?","M","$","R","E","M"],"build_version":"2018-10-24","purchased_purges":2,"victory":false,"max_hp_per_floor":[75,75,75,75,75,75,75,75,75,75,75,75,75,75,75,75,75,75,75,75,75,75,75,75,75],"card_choices":[{"not_picked":["Twin Strike","Anger"],"picked":"Cleave","floor":1},{"not_picked":["Rampage","Reckless Charge"],"picked":"Flex","floor":2},{"not_picked":["Clothesline","Searing Blow","Bloodletting"],"picked":"SKIP","floor":3},{"not_picked":["Metallicize","Warcry"],"picked":"Offering","floor":4},{"not_picked":["Searing Blow","Cleave"],"picked":"Perfected Strike","floor":6},{"not_picked":["Burning Pact","Clash","Feel No Pain"],"picked":"SKIP","floor":7},{"not_picked":["Hemokinesis","Reckless Charge"],"picked":"Iron Wave","floor":8},{"not_picked":["Sword Boomerang","Wild Strike"],"picked":"Twin Strike","floor":11},{"not_picked":["Second Wind","Rampage"],"picked":"Rage","floor":13},{"not_picked":["True Grit","Exhume"],"picked":"Heavy Blade","floor":14},{"not_picked":["Fiend Fire","Bludgeon"],"picked":"Barricade","floor":16},{"not_picked":["Inflame+1","Cleave"],"picked":"Shrug It Off","floor":18},{"not_picked":["Rupture","Ghostly Armor"],"picked":"Flame Barrier","floor":20},{"not_picked":["Clash","Ghostly Armor"],"picked":"Perfected Strike","floor":21},{"not_picked":["Anger","Armaments","Evolve"],"picked":"SKIP","floor":24}],"player_experience":699415,"relics_obtained":[{"floor":7,"key":"Bottled Lightning"},{"floor":9,"key":"Boot"},{"floor":11,"key":"Odd Mushroom"},{"floor":13,"key":"Blood Vial"},{"floor":14,"key":"Tiny Chest"},{"floor":20,"key":"Red Mask"},{"floor":24,"key":"Meat on the Bone"}],"event_choices":[{"damage_healed":0,"gold_gain":0,"player_choice":"Fought Mushrooms","damage_taken":0,"max_hp_gain":0,"max_hp_loss":0,"event_name":"Mushrooms","floor":11,"gold_loss":0},{"damage_healed":0,"gold_gain":0,"player_choice":"Searched \u00272\u0027 times","damage_taken":0,"max_hp_gain":0,"max_hp_loss":0,"event_name":"Dead Adventurer","floor":14,"gold_loss":0},{"damage_healed":0,"gold_gain":250,"player_choice":"Bet on Owner","damage_taken":0,"max_hp_gain":0,"max_hp_loss":0,"event_name":"The Joust","floor":19,"gold_loss":50},{"damage_healed":0,"gold_gain":0,"player_choice":"Fought Bandits","damage_taken":0,"max_hp_gain":0,"max_hp_loss":0,"event_name":"Masked Bandits","floor":20,"gold_loss":0}],"is_beta":true,"boss_relics":[{"not_picked":["Coffee Dripper","Empty Cage"],"picked":"Velvet Choker"}],"items_purged_floors":[5,22],"is_endless":false,"potions_floor_spawned":[6,7,11,13,14,18,21,24],"killed_by":"Centurion and Healer","ascension_level":18}