{"gold_per_floor":[214,227,61,61,77,91,91,123,123,123,123,123,148,161,161,237,237,254,353,45,62,62,62,88,107,188,201,201,215,215,235,235,235],"floor_reached":33,"playtime":756,"items_purged":[],"score":454,"play_id":"e05de65d-f25b-40aa-bd2c-986973f314cb","local_time":"20180902004535","is_ascension_mode":true,"campfire_choices":[{"data":"Carnage","floor":7.0,"key":"SMITH"},{"data":"Flex","floor":11.0,"key":"SMITH"},{"floor":15.0,"key":"REST"},{"data":"Inflame","floor":23.0,"key":"SMITH"},{"data":"Flex","floor":30.0,"key":"SMITH"},{"floor":32.0,"key":"REST"}],"neow_cost":"NONE","seed_source_timestamp":574819846151777,"circlet_count":0,"master_deck":["Strike_R","Strike_R","Strike_R","Strike_R","Strike_R","Defend_R","Defend_R","Bash","AscendersBane","Thunderclap","Pommel Strike","Rage","Flex+1","Carnage+1","Pummel","Offering","Inflame+1","Bludgeon","Thunderclap+1","Inflame","Flex+1","Heavy Blade"],"special_seed":0,"relics":["Burning Blood","Unceasing Top","Sundial","Odd Mushroom","Mark of Pain","Mango","Gremlin Horn","Meat on the Bone"],"potions_floor_usage":[33],"damage_taken":[{"damage":8.0,"enemies":"Jaw Worm","floor":1.0,"turns":4.0},{"damage":6.0,"enemies":"2 Louse","floor":2.0,"turns":3.0},{"damage":3.0,"enemies":"Small Slimes","floor":5.0,"turns":3.0},{"damage":33.0,"enemies":"Exordium Thugs","floor":6.0,"turns":4.0},{"damage":17.0,"enemies":"3 Sentries","floor":8.0,"turns":8.0},{"damage":21.0,"enemies":"The Mushroom Lair","floor":13.0,"turns":4.0},{"damage":8.0,"enemies":"Blue Slaver","floor":14.0,"turns":2.0},{"damage":22.0,"enemies":"Hexaghost","floor":16.0,"turns":5.0},{"damage":13.0,"enemies":"Chosen","floor":18.0,"turns":3.0},{"damage":12.0,"enemies":"3 Byrds","floor":21.0,"turns":3.0},{"damage":24.0,"enemies":"Book of Stabbing","floor":24.0,"turns":2.0},{"damage":25.0,"enemies":"Sentry and Sphere","floor":25.0,"turns":4.0},{"damage":1.0,"enemies":"Snecko","floor":27.0,"turns":3.0},{"damage":12.0,"enemies":"3 Cultists","floor":29.0,"turns":3.0},{"damage":18.0,"enemies":"Centurion and Healer","floor":31.0,"turns":4.0},{"damage":75,"enemies":"Collector","floor":33,"turns":7}],"seed_played":"-129922807135153422","potions_obtained":[{"floor":2.0,"key":"Dexterity Potion"},{"floor":6.0,"key":"FearPotion"},{"floor":14.0,"key":"PowerPotion"},{"floor":18.0,"key":"Weak Potion"},{"floor":22.0,"key":"AttackPotion"},{"floor":22.0,"key":"Regen Potion"},{"floor":24.0,"key":"SkillPotion"},{"floor":25.0,"key":"Dexterity Potion"}],"is_trial":false,"path_per_floor":["M","M","$","?","M","M","R","E","T","?","R","?","?","M","R","B",null,"M","?","$","M","?","R","E","M","T","M","?","M","R","M","R"],"character_chosen":"IRONCLAD","items_purchased":["Rage","Flex","Carnage","Mango"],"campfire_rested":2,"item_purchase_floors":[3,3,3,20],"current_hp_per_floor":[66,66,66,59,62,35,35,24,24,24,24,24,9,7,29,13,60,53,53,67,61,61,61,48,29,29,46,46,52,52,52,78,3],"gold":235,"neow_bonus":"HUNDRED_GOLD","is_prod":false,"is_daily":false,"chose_seed":false,"campfire_upgraded":4,"win_rate":0,"timestamp":1535841935,"path_taken":["M","M","$","?","M","M","R","E","T","?","R","?","?","M","R","BOSS","M","?","$","M","?","R","E","M","T","M","?","M","R","M","R","BOSS"],"build_version":"2018-08-30","purchased_purges":0,"victory":false,"max_hp_per_floor":[75,75,75,75,75,75,75,75,75,75,75,75,75,75,75,75,75,75,75,89,89,89,89,89,89,89,89,89,89,89,89,89,89],"card_choices":[{"not_picked":["Iron Wave","Heavy Blade"],"picked":"Thunderclap","floor":1.0},{"not_picked":["Anger","Dual Wield"],"picked":"Pommel Strike","floor":2.0},{"not_picked":["Clash","Havoc","Fire Breathing"],"picked":"SKIP","floor":5.0},{"not_picked":["Power Through","Ghostly Armor"],"picked":"Pummel","floor":6.0},{"not_picked":["Pommel Strike","Shrug It Off","Rupture"],"picked":"SKIP","floor":8.0},{"not_picked":["Thunderclap","Rampage"],"picked":"Offering","floor":13.0},{"not_picked":["Havoc","Corruption"],"picked":"Inflame","floor":14.0},{"not_picked":["Double Tap","Barricade"],"picked":"Bludgeon","floor":16.0},{"not_picked":["Twin Strike","Evolve"],"picked":"Thunderclap+1","floor":18.0},{"not_picked":["Perfected Strike","Body Slam","Power Through"],"picked":"SKIP","floor":21.0},{"not_picked":["Blood for Blood","Reckless Charge","Clash"],"picked":"SKIP","floor":24.0},{"not_picked":["Corruption","Hemokinesis"],"picked":"Inflame","floor":25.0},{"not_picked":["Havoc+1","Evolve","Reckless Charge"],"picked":"SKIP","floor":27.0},{"not_picked":["Ghostly Armor","Iron Wave","Burning Pact+1"],"picked":"SKIP","floor":29.0},{"not_picked":["Pummel+1","Warcry"],"picked":"Heavy Blade","floor":31.0}],"player_experience":628500,"relics_obtained":[{"floor":8.0,"key":"Unceasing Top"},{"floor":9.0,"key":"Sundial"},{"floor":13.0,"key":"Odd Mushroom"},{"floor":24.0,"key":"Gremlin Horn"},{"floor":26.0,"key":"Meat on the Bone"}],"event_choices":[{"event_name":"Golden Wing","player_choice":"Card Removal","floor":4.0,"damage_taken":0.0},{"event_name":"Shining Light","player_choice":"Ignored","floor":10.0,"damage_taken":0.0},{"event_name":"Living Wall","player_choice":"Forget","floor":12.0,"damage_taken":0.0},{"event_name":"Mushrooms","player_choice":"Fought Mushrooms","floor":13.0,"damage_taken":0.0},{"event_name":"Nest","player_choice":"Stole From Cult","floor":19.0,"damage_taken":0.0},{"event_name":"The Lab","player_choice":"Got Potions","floor":22.0,"damage_taken":0.0},{"event_name":"The Library","player_choice":"Read","floor":28.0,"damage_taken":0.0}],"is_beta":true,"boss_relics":[{"not_picked":["Tiny House","Empty Cage"],"picked":"Mark of Pain"}],"items_purged_floors":[],"is_endless":false,"potions_floor_spawned":[2,6,14,18,24,25,29],"killed_by":"Collector","ascension_level":14}