{"gold_per_floor":[116,134,144,154,164,164,164,164,164,180,208,208,208,208,208,282,282,299,31,31,130,145,172,186,186],"floor_reached":25,"playtime":1137,"items_purged":["Strike_B"],"score":404,"play_id":"eef9d756-8b82-4ae8-87c0-e7c414146a45","local_time":"20180812213647","is_ascension_mode":true,"campfire_choices":[{"data":"Streamline","floor":6,"key":"SMITH"},{"data":"Zap","floor":8,"key":"SMITH"},{"floor":12,"key":"REST"},{"floor":15,"key":"REST"}],"neow_cost":"NONE","seed_source_timestamp":32045738814369,"circlet_count":0,"master_deck":["Strike_B","Strike_B","Strike_B","Defend_B","Defend_B","Defend_B","Defend_B","Zap+1","Dualcast","AscendersBane","Streamline+1","Storm","Gash","All For One","Sunder","Coolheaded","Coolheaded","Electrodynamics","Steam Power+1","Static Discharge","Coolheaded+1","BootSequence+1","Leap+1"],"relics":["Cracked Core","Orichalcum","Happy Flower","Toxic Egg 2","FaceOfCleric","Cursed Key","Strawberry","Gremlin Horn"],"potions_floor_usage":[16,16,24,25],"damage_taken":[{"damage":4,"enemies":"Jaw Worm","floor":1,"turns":3},{"damage":1,"enemies":"2 Louse","floor":2,"turns":3},{"damage":7,"enemies":"Small Slimes","floor":3,"turns":3},{"damage":13,"enemies":"Red Slaver","floor":4,"turns":4},{"damage":17,"enemies":"Looter","floor":5,"turns":3},{"damage":8,"enemies":"Blue Slaver","floor":10,"turns":3},{"damage":13,"enemies":"3 Sentries","floor":11,"turns":6},{"damage":9,"enemies":"Slime Boss","floor":16,"turns":8},{"damage":1,"enemies":"Spheric Guardian","floor":18,"turns":3},{"damage":21,"enemies":"Shell Parasite","floor":22,"turns":4},{"damage":28,"enemies":"Slavers","floor":23,"turns":3},{"damage":0,"enemies":"Cultist and Chosen","floor":24,"turns":4},{"damage":40,"enemies":"Book of Stabbing","floor":25,"turns":5}],"seed_played":"1027901249119050196","potions_obtained":[{"floor":2,"key":"FearPotion"},{"floor":4,"key":"Poison Potion"},{"floor":11,"key":"Explosive Potion"},{"floor":18,"key":"SpeedPotion"},{"floor":23,"key":"PowerPotion"}],"is_trial":false,"path_per_floor":["M","M","M","M","M","R","?","R","T","M","E","R","?","?","R","B",null,"M","$","?","?","M","E","M"],"character_chosen":"DEFECT","items_purchased":["Static Discharge","Strawberry"],"campfire_rested":2,"item_purchase_floors":[19,19],"current_hp_per_floor":[67,66,59,46,29,29,34,34,34,26,13,37,25,25,49,41,73,73,80,80,80,60,33,34,0],"gold":186,"neow_bonus":"TEN_PERCENT_HP_BONUS","is_prod":false,"is_daily":false,"chose_seed":false,"campfire_upgraded":2,"win_rate":0,"timestamp":1534102607,"path_taken":["M","M","M","M","M","R","?","R","T","?","E","R","?","?","R","BOSS","M","$","?","?","M","E","M","E"],"build_version":"2018-08-08","purchased_purges":1,"victory":false,"max_hp_per_floor":[78,78,78,78,78,78,83,83,83,83,83,83,83,83,83,84,84,85,92,92,92,93,94,95,95],"card_choices":[{"not_picked":["Auto Shields","Rebound"],"picked":"Streamline","floor":1},{"not_picked":["Stack","Redo"],"picked":"Storm","floor":2},{"not_picked":["Skim","Leap"],"picked":"Gash","floor":3},{"not_picked":["Recycle","Redo"],"picked":"All For One","floor":4},{"not_picked":["Blizzard","Rebound"],"picked":"Sunder","floor":5},{"not_picked":["Ball Lightning","Rebound"],"picked":"Coolheaded","floor":10},{"not_picked":["BootSequence","Cold Snap"],"picked":"Coolheaded","floor":11},{"not_picked":["Machine Learning","Thunder Strike"],"picked":"Electrodynamics","floor":16},{"not_picked":["Barrage","Streamline"],"picked":"Steam Power+1","floor":18},{"not_picked":["Auto Shields+1","Scrape"],"picked":"Coolheaded+1","floor":22},{"not_picked":["Sunder+1","Reprogram+1"],"picked":"BootSequence+1","floor":23},{"not_picked":["Compile Driver","Turbo+1"],"picked":"Leap+1","floor":24}],"player_experience":529545,"relics_obtained":[{"floor":9,"key":"Orichalcum"},{"floor":11,"key":"Happy Flower"},{"floor":23,"key":"Gremlin Horn"}],"event_choices":[{"event_name":"Big Fish","player_choice":"Donut","floor":7,"damage_taken":0},{"event_name":"Scrap Ooze","player_choice":"success","floor":13,"damage_taken":12},{"event_name":"FaceTrader","player_choice":"Trade","floor":14,"damage_taken":0},{"event_name":"Addict","player_choice":"Ignored","floor":20,"damage_taken":0},{"event_name":"Nest","player_choice":"Stole From Cult","floor":21,"damage_taken":0}],"is_beta":true,"boss_relics":[{"not_picked":["White Beast Statue","Busted Crown"],"picked":"Cursed Key"}],"items_purged_floors":[19],"is_endless":false,"potions_floor_spawned":[2,4,11,18,23],"killed_by":"Book of Stabbing","ascension_level":14}