{"gold_per_floor":[119,61,61,61,71,71,14,45,45,45,63,63,98,173,173,173],"floor_reached":16,"playtime":248,"items_purged":[],"score":249,"play_id":"1d716f5c-35e4-4d73-acd0-86669d9019b4","local_time":"20181027194816","is_ascension_mode":true,"campfire_choices":[{"data":"Catalyst","floor":6,"key":"SMITH"},{"data":"1","floor":10,"key":"LIFT"},{"data":"2","floor":12,"key":"LIFT"},{"floor":15,"key":"REST"}],"neow_cost":"NONE","seed_source_timestamp":25780272287349,"circlet_count":0,"master_deck":["Defend_G","Defend_G","Defend_G","Defend_G","Defend_G","Strike_G","Strike_G","Strike_G","Strike_G","Survivor","Neutralize","AscendersBane","Caltrops","Poisoned Stab+1","Catalyst+1","Flying Knee","Adrenaline","Infinite Blades"],"relics":["Ring of the Snake","NeowsBlessing","Ornamental Fan","Girya","Lantern"],"potions_floor_usage":[13],"damage_taken":[{"damage":0,"enemies":"Small Slimes","floor":1,"turns":1},{"damage":0,"enemies":"2 Louse","floor":5,"turns":1},{"damage":0,"enemies":"3 Sentries","floor":8,"turns":1},{"damage":2,"enemies":"Cultist","floor":11,"turns":3},{"damage":14,"enemies":"Lagavulin","floor":13,"turns":5},{"damage":46,"enemies":"Slime Boss","floor":16,"turns":6}],"seed_played":"6236542166050377399","potions_obtained":[{"floor":8,"key":"Fire Potion"}],"is_trial":false,"path_per_floor":["M","$","?","?","M","R","$","E","T","R","M","R","E","?","R"],"character_chosen":"THE_SILENT","items_purchased":["Poisoned Stab","Flying Knee"],"campfire_rested":1,"item_purchase_floors":[2,7],"current_hp_per_floor":[59,59,52,52,52,52,52,52,52,52,50,50,36,25,44,0],"gold":173,"neow_bonus":"THREE_ENEMY_KILL","is_prod":false,"is_daily":false,"chose_seed":false,"campfire_upgraded":1,"win_rate":0,"timestamp":1540662496,"path_taken":["M","$","?","?","?","R","?","E","T","R","M","R","E","?","R","BOSS"],"build_version":"2018-10-25v2","purchased_purges":0,"victory":false,"max_hp_per_floor":[66,66,66,66,66,66,66,66,66,66,66,66,66,66,66,66],"card_choices":[{"not_picked":["Acrobatics","Dagger Throw"],"picked":"Caltrops","floor":1},{"not_picked":["Dagger Throw","Backflip"],"picked":"Catalyst","floor":5},{"not_picked":["Flechettes","Endless Agony","Outmaneuver"],"picked":"SKIP","floor":8},{"not_picked":["Escape Plan","Prepared"],"picked":"Adrenaline","floor":11},{"not_picked":["Dagger Throw","Dodge and Roll"],"picked":"Infinite Blades","floor":13}],"player_experience":701160,"relics_obtained":[{"floor":8,"key":"Ornamental Fan"},{"floor":9,"key":"Girya"},{"floor":13,"key":"Lantern"}],"event_choices":[{"cards_removed":["Strike_G"],"damage_healed":0,"gold_gain":0,"player_choice":"Card Removal","damage_taken":7,"max_hp_gain":0,"max_hp_loss":0,"event_name":"Golden Wing","floor":3,"gold_loss":0},{"damage_healed":0,"gold_gain":0,"player_choice":"Upgraded","damage_taken":0,"max_hp_gain":0,"max_hp_loss":0,"event_name":"Upgrade Shrine","floor":4,"gold_loss":0,"cards_upgraded":["Poisoned Stab"]},{"damage_healed":0,"gold_gain":75,"player_choice":"Gather Gold","damage_taken":11,"max_hp_gain":0,"max_hp_loss":0,"event_name":"World of Goop","floor":14,"gold_loss":0}],"is_beta":true,"boss_relics":[],"items_purged_floors":[],"is_endless":false,"potions_floor_spawned":[8],"killed_by":"Slime Boss","ascension_level":18}