{"gold_per_floor":[112,126,144,69,69,69,95,95,150,50,79,79,91,91,91,91],"floor_reached":16,"playtime":710,"items_purged":["Strike_G","Defend_G"],"score":137,"play_id":"5521d1dd-c3a2-404b-93d5-e81d2a3eef46","local_time":"20181114213754","is_ascension_mode":true,"campfire_choices":[{"data":"Neutralize","floor":6.0,"key":"SMITH"},{"floor":15,"key":"REST"}],"neow_cost":"PERCENT_DAMAGE","seed_source_timestamp":6133088564658,"circlet_count":0,"master_deck":["Defend_G","Defend_G","Defend_G","Defend_G","Strike_G+1","Strike_G+1","Strike_G","Strike_G","Survivor","Neutralize+1","Backstab","Reflex","Acrobatics"],"special_seed":0,"relics":["Ring of the Snake","Tingsha","Whetstone","Snake Skull","Odd Mushroom","Singing Bowl"],"potions_floor_usage":[11,16],"damage_taken":[{"damage":0.0,"enemies":"Small Slimes","floor":1.0,"turns":3.0},{"damage":4.0,"enemies":"Jaw Worm","floor":2.0,"turns":4.0},{"damage":0.0,"enemies":"Cultist","floor":3.0,"turns":3.0},{"damage":31,"enemies":"Lagavulin","floor":7,"turns":10},{"damage":0,"enemies":"The Mushroom Lair","floor":11,"turns":5},{"damage":3,"enemies":"3 Louse","floor":13,"turns":3},{"damage":31,"enemies":"The Guardian","floor":16,"turns":12}],"seed_played":"-2237509051770272581","potions_obtained":[{"floor":2.0,"key":"Strength Potion"},{"floor":7,"key":"GamblersBrew"},{"floor":11,"key":"Ancient Potion"}],"is_trial":false,"path_per_floor":["M","M","M","$","?","R","E","$","T","$","?","T","M","?","R","B"],"character_chosen":"THE_SILENT","items_purchased":[],"campfire_rested":1,"item_purchase_floors":[],"current_hp_per_floor":[45,41,41,41,41,41,10,10,10,10,10,10,9,9,30,0],"gold":91,"neow_bonus":"ONE_RARE_RELIC","is_prod":false,"is_daily":false,"chose_seed":false,"campfire_upgraded":1,"win_rate":0,"timestamp":1542202674,"path_taken":["M","M","M","$","?","R","E","$","T","$","?","?","?","?","R","BOSS"],"build_version":"2018-11-08","purchased_purges":2,"victory":false,"max_hp_per_floor":[70,70,70,70,70,70,70,70,70,70,70,70,72,72,72,72],"card_choices":[{"not_picked":["Deadly Poison","Blade Dance"],"picked":"Backstab","floor":1.0},{"not_picked":["Outmaneuver","Quick Slash"],"picked":"Reflex","floor":2.0},{"not_picked":["Blade Dance","Caltrops"],"picked":"Acrobatics","floor":3.0},{"not_picked":["Heel Hook","Dash","Dodge and Roll"],"picked":"SKIP","floor":7},{"not_picked":["Terror","Deadly Poison","Setup"],"picked":"Singing Bowl","floor":13}],"player_experience":433638,"relics_obtained":[{"floor":7,"key":"Whetstone"},{"floor":9,"key":"Snake Skull"},{"floor":11,"key":"Odd Mushroom"},{"floor":12,"key":"Singing Bowl"}],"event_choices":[{"damage_healed":0.0,"max_hp_gain":0.0,"max_hp_loss":0.0,"gold_gain":0.0,"event_name":"Shining Light","player_choice":"Ignored","floor":5.0,"gold_loss":0.0,"damage_taken":0.0},{"damage_healed":0,"gold_gain":0,"player_choice":"Fought Mushrooms","damage_taken":0,"max_hp_gain":0,"max_hp_loss":0,"event_name":"Mushrooms","floor":11,"gold_loss":0},{"damage_healed":0,"gold_gain":0,"player_choice":"Ignored","damage_taken":0,"max_hp_gain":0,"max_hp_loss":0,"event_name":"Liars Game","floor":14,"gold_loss":0}],"is_beta":false,"boss_relics":[],"items_purged_floors":[4,10],"is_endless":false,"potions_floor_spawned":[2,7,11],"killed_by":"The Guardian","ascension_level":8}