{"gold_per_floor":[114,114,114,134,134,157,157,170,252,270,121,136,136,156,156,284,284,224,240,255,170,170,170,170,170,170,84,98,2,13,31,31,129,129,141,141,241,85,85],"floor_reached":39,"playtime":2382,"items_purged":["Defend_B","Decay","Strike_B","Defend_B"],"score":371,"play_id":"a1edae7a-f948-47b0-a7c6-cc3b2dfe960b","local_time":"20831003094325","is_ascension_mode":false,"campfire_choices":[{"data":"Zap","floor":7,"key":"SMITH"},{"data":"Loop","floor":13,"key":"SMITH"},{"data":"Beam Cell","floor":15,"key":"SMITH"},{"data":"Machine Learning","floor":23,"key":"SMITH"},{"data":"Dualcast","floor":25,"key":"SMITH"},{"data":"Loop","floor":32,"key":"SMITH"}],"neow_cost":"NONE","seed_source_timestamp":3812905793945,"circlet_count":0,"master_deck":["Strike_B","Strike_B","Defend_B","Zap+1","Dualcast+1","Conserve Battery","Capacitor","White Noise","Self Repair","Coolheaded","Loop+1","Rip and Tear","Beam Cell+1","Machine Learning+1","Compile Driver+1","Coolheaded+1","Loop+1","Sweeping Beam","Ball Lightning","Core Surge","Glacier","Madness","Streamline+1","Barrage","Chaos"],"relics":["White Beast Statue","Bloody Idol","Meat on the Bone","Cursed Key","Dream Catcher","Smiling Mask","Busted Crown","Pocketwatch"],"potions_floor_usage":[10,12,14,16,16,18,19,20,28,30,33,33,39],"damage_taken":[{"damage":3,"enemies":"Small Slimes","floor":1,"turns":4},{"damage":6,"enemies":"Jaw Worm","floor":4,"turns":3},{"damage":1,"enemies":"Cultist","floor":6,"turns":3},{"damage":1,"enemies":"Red Slaver","floor":8,"turns":4},{"damage":36,"enemies":"Gremlin Gang","floor":10,"turns":3},{"damage":15,"enemies":"Looter","floor":12,"turns":3},{"damage":6,"enemies":"2 Fungi Beasts","floor":14,"turns":3},{"damage":28,"enemies":"Slime Boss","floor":16,"turns":7},{"damage":19,"enemies":"2 Thieves","floor":18,"turns":4},{"damage":42,"enemies":"3 Byrds","floor":19,"turns":5},{"damage":8,"enemies":"Centurion and Healer","floor":20,"turns":6},{"damage":16,"enemies":"Sentry and Sphere","floor":28,"turns":6},{"damage":33,"enemies":"Snake Plant","floor":30,"turns":4},{"damage":18,"enemies":"Centurion and Healer","floor":31,"turns":5},{"damage":35,"enemies":"Collector","floor":33,"turns":8},{"damage":26,"enemies":"Orb Walker","floor":35,"turns":3},{"damage":11,"enemies":"Mind Bloom Boss Battle","floor":37,"turns":5},{"damage":72,"enemies":"2 Orb Walkers","floor":39,"turns":3}],"seed_played":"7071379746687829354","potions_obtained":[{"floor":1,"key":"SteroidPotion"},{"floor":4,"key":"SteroidPotion"},{"floor":6,"key":"GamblersBrew"},{"floor":8,"key":"LiquidBronze"},{"floor":10,"key":"PowerPotion"},{"floor":12,"key":"SmokeBomb"},{"floor":14,"key":"Explosive Potion"},{"floor":16,"key":"Energy Potion"},{"floor":18,"key":"FocusPotion"},{"floor":19,"key":"Block Potion"},{"floor":20,"key":"Fruit Juice"},{"floor":28,"key":"AttackPotion"},{"floor":30,"key":"Dexterity Potion"},{"floor":31,"key":"Fire Potion"},{"floor":33,"key":"Energy Potion"},{"floor":35,"key":"SkillPotion"},{"floor":37,"key":"SneckoOil"}],"is_trial":false,"path_per_floor":["M","?","?","M","?","M","R","M","T","M","$","M","R","M","R","B",null,"M","M","M","?","?","R","?","R","T","$","M","$","M","M","R","B",null,"M","?","?","$","?"],"character_chosen":"DEFECT","items_purchased":["Loop","Loop","Sweeping Beam","Barrage","Chaos"],"campfire_rested":0,"item_purchase_floors":[11,27,29,38,38],"current_hp_per_floor":[72,65,70,64,44,43,43,42,42,25,25,29,29,35,35,26,80,68,45,61,61,61,61,61,61,61,61,57,57,41,47,47,36,85,71,71,72,72,0],"gold":85,"neow_bonus":"BOSS_RELIC","is_prod":false,"is_daily":false,"chose_seed":false,"campfire_upgraded":6,"win_rate":0,"timestamp":3589753405,"path_taken":["M","?","?","M","?","M","R","M","T","M","?","M","R","M","R","BOSS","M","M","M","?","?","R","?","R","T","$","?","?","M","?","R","BOSS","M","?","?","$","?"],"build_version":"2019-07-17","purchased_purges":4,"victory":false,"max_hp_per_floor":[75,75,80,80,80,80,80,80,80,80,80,80,80,80,80,80,80,80,80,85,85,85,85,85,85,85,85,85,85,85,85,85,85,85,85,85,85,85,85],"card_choices":[{"not_picked":["Steam","Streamline"],"picked":"Conserve Battery","floor":1},{"not_picked":["Recycle","Leap"],"picked":"Capacitor","floor":4},{"not_picked":["Scrape","Fusion"],"picked":"White Noise","floor":6},{"not_picked":["Turbo","Fusion"],"picked":"Self Repair","floor":8},{"not_picked":["Ball Lightning","Creative AI"],"picked":"Coolheaded","floor":10},{"not_picked":["Rebound","Barrage"],"picked":"Rip and Tear","floor":12},{"not_picked":["Genetic Algorithm","Hologram"],"picked":"Beam Cell","floor":14},{"not_picked":["Amplify","Echo Form"],"picked":"Machine Learning","floor":16},{"not_picked":["Hologram","Skim"],"picked":"Compile Driver+1","floor":18},{"not_picked":["Steam","Blizzard"],"picked":"Coolheaded+1","floor":19},{"not_picked":["Rebound","Compile Driver","Turbo"],"picked":"SKIP","floor":20},{"not_picked":["Streamline","Conserve Battery","Go for the Eyes"],"picked":"SKIP","floor":28},{"not_picked":["Go for the Eyes","Heatsinks"],"picked":"Ball Lightning","floor":30},{"not_picked":["Scrape","Turbo","Coolheaded"],"picked":"SKIP","floor":31},{"not_picked":["Rainbow","Echo Form"],"picked":"Core Surge","floor":33},{"not_picked":[],"picked":"Glacier","floor":35},{"not_picked":[],"picked":"Madness","floor":36},{"not_picked":[],"picked":"Streamline+1","floor":37}],"player_experience":474747,"relics_obtained":[{"floor":9,"key":"Meat on the Bone"},{"floor":26,"key":"Smiling Mask"},{"floor":37,"key":"Pocketwatch"}],"event_choices":[{"cards_removed":["Defend_B"],"damage_healed":0,"gold_gain":0,"player_choice":"Card Removal","damage_taken":7,"max_hp_gain":0,"max_hp_loss":0,"event_name":"Golden Wing","floor":2,"gold_loss":0},{"damage_healed":0,"gold_gain":0,"player_choice":"Donut","damage_taken":0,"max_hp_gain":5,"max_hp_loss":0,"event_name":"Big Fish","floor":3,"gold_loss":0},{"damage_healed":0,"gold_gain":0,"player_choice":"Take Damage","damage_taken":20,"relics_obtained":["Golden Idol"],"max_hp_gain":0,"max_hp_loss":0,"event_name":"Golden Idol","floor":5,"gold_loss":0},{"damage_healed":0,"gold_gain":0,"player_choice":"Obtained Relic","damage_taken":0,"relics_obtained":["Dream Catcher"],"max_hp_gain":0,"max_hp_loss":0,"event_name":"Addict","floor":21,"gold_loss":85},{"damage_healed":0,"gold_gain":0,"player_choice":"Gave Idol","damage_taken":0,"relics_obtained":["Bloody Idol"],"max_hp_gain":0,"max_hp_loss":0,"event_name":"Forgotten Altar","floor":22,"relics_lost":["Golden Idol"],"gold_loss":0},{"cards_removed":["Strike_B"],"damage_healed":0,"gold_gain":0,"player_choice":"Purged","damage_taken":0,"max_hp_gain":0,"max_hp_loss":0,"event_name":"Purifier","floor":24,"gold_loss":0},{"damage_healed":0,"gold_gain":0,"player_choice":"Memory 1","damage_taken":0,"max_hp_gain":0,"max_hp_loss":0,"event_name":"SensoryStone","floor":36,"gold_loss":0},{"damage_healed":0,"gold_gain":0,"player_choice":"Fight","damage_taken":0,"max_hp_gain":0,"max_hp_loss":0,"event_name":"MindBloom","floor":37,"gold_loss":0},{"damage_healed":0,"gold_gain":0,"player_choice":"Fight","damage_taken":0,"max_hp_gain":0,"max_hp_loss":0,"event_name":"Mysterious Sphere","floor":39,"gold_loss":0}],"is_beta":false,"boss_relics":[{"not_picked":["Runic Pyramid","Fusion Hammer"],"picked":"Cursed Key"},{"not_picked":["Coffee Dripper","Philosopher\u0027s Stone"],"picked":"Busted Crown"}],"items_purged_floors":[11,27,29,38],"is_endless":false,"potions_floor_spawned":[1,4,6,8,10,12,14,16,18,19,20,28,30,31,33,35,37],"killed_by":"2 Orb Walkers","ascension_level":0}