{"gold_per_floor":[113,123,137,137,137,163,179,179,179,26,26,52,77,96,96,191,191,208,208,228,153,165,199,230,155,179,179,196,196,196,210,210,315,315,329,342,354,61,61,61,91,91,91,91,191,66,141,141,141,141,141,141,16,50,50],"floor_reached":55,"playtime":1439,"items_purged":["Shame","Normality","Pain"],"score":751,"play_id":"a287cd02-7d52-4599-b8e4-f3ded2df71d0","local_time":"20181107005650","is_ascension_mode":false,"campfire_choices":[{"data":"Sucker Punch","floor":8.0,"key":"SMITH"},{"data":"Poisoned Stab","floor":11.0,"key":"SMITH"},{"data":"Dagger Spray","floor":15.0,"key":"SMITH"},{"data":"Die Die Die","floor":27.0,"key":"SMITH"},{"data":"Footwork","floor":29.0,"key":"SMITH"},{"floor":32.0,"key":"RECALL"},{"data":"Apotheosis","floor":40.0,"key":"SMITH"},{"floor":42.0,"key":"REST"},{"floor":49.0,"key":"REST"},{"data":"After Image","floor":52,"key":"SMITH"}],"neow_cost":"NONE","seed_source_timestamp":310205944519254,"circlet_count":0,"master_deck":["Defend_G","Defend_G","Defend_G","Defend_G","Defend_G","Strike_G+1","Strike_G","Strike_G","Strike_G","Survivor","Neutralize","Terror","Flying Knee+1","Sucker Punch+1","Blur","Poisoned Stab+1","Dagger Spray+1","After Image+1","Die Die Die+1","Dagger Throw+1","Dagger Spray+1","Outmaneuver+1","Footwork+1","Phantasmal Killer","Skewer+1","Panache","Apotheosis+1","The Bomb","Panache","Glass Knife","Parasite"],"special_seed":0,"relics":["Ring of the Snake","Potion Belt","Mercury Hourglass","Ice Cream","Mango","Strawberry","Incense Burner","Blood Vial","Cursed Key","Art of War","Regal Pillow","Red Mask","Bottled Lightning","Lizard Tail","Snake Skull","Juzu Bracelet","Centennial Puzzle"],"potions_floor_usage":[50,55,55,55],"damage_taken":[{"damage":0.0,"enemies":"Small Slimes","floor":1.0,"turns":4.0},{"damage":0.0,"enemies":"Jaw Worm","floor":2.0,"turns":5.0},{"damage":0.0,"enemies":"2 Louse","floor":3.0,"turns":3.0},{"damage":2.0,"enemies":"Gremlin Nob","floor":6.0,"turns":3.0},{"damage":0.0,"enemies":"Exordium Wildlife","floor":7.0,"turns":4.0},{"damage":6.0,"enemies":"Lagavulin","floor":12.0,"turns":5.0},{"damage":1.0,"enemies":"Lots of Slimes","floor":14.0,"turns":3.0},{"damage":14.0,"enemies":"Hexaghost","floor":16.0,"turns":10.0},{"damage":0.0,"enemies":"Spheric Guardian","floor":18.0,"turns":3.0},{"damage":1.0,"enemies":"Chosen","floor":20.0,"turns":4.0},{"damage":7.0,"enemies":"Centurion and Healer","floor":22.0,"turns":5.0},{"damage":7.0,"enemies":"Gremlin Leader","floor":23.0,"turns":6.0},{"damage":0.0,"enemies":"Masked Bandits","floor":24.0,"turns":2.0},{"damage":0.0,"enemies":"Sentry and Sphere","floor":28.0,"turns":3.0},{"damage":10.0,"enemies":"Snake Plant","floor":31.0,"turns":4.0},{"damage":33.0,"enemies":"Automaton","floor":33.0,"turns":12.0},{"damage":6.0,"enemies":"Orb Walker","floor":35.0,"turns":4.0},{"damage":1.0,"enemies":"3 Shapes","floor":36.0,"turns":3.0},{"damage":9.0,"enemies":"Spire Growth","floor":37.0,"turns":4.0},{"damage":26.0,"enemies":"Nemesis","floor":41.0,"turns":7.0},{"damage":11.0,"enemies":"Mind Bloom Boss Battle","floor":45.0,"turns":7.0},{"damage":94,"enemies":"Donu and Deca","floor":50,"turns":12},{"damage":15,"enemies":"Shield and Spear","floor":54,"turns":6},{"damage":90,"enemies":"The Heart","floor":55,"turns":6}],"seed_played":"728879698612970829","potions_obtained":[{"floor":3.0,"key":"EssenceOfSteel"},{"floor":6.0,"key":"PowerPotion"},{"floor":7.0,"key":"Weak Potion"},{"floor":16.0,"key":"AttackPotion"},{"floor":22.0,"key":"PowerPotion"},{"floor":28.0,"key":"SpeedPotion"},{"floor":31.0,"key":"Ancient Potion"},{"floor":41.0,"key":"PowerPotion"}],"is_trial":false,"path_per_floor":["M","M","M","?","?","E","M","R","T","$","R","E","T","M","R","B",null,"M","?","M","$","M","E","?","?","T","R","M","R","T","M","R","B",null,"M","M","M","$","?","R","E","R","T","?","?","$","?","?","R","B",null,"R","$","E","B"],"character_chosen":"THE_SILENT","items_purchased":["Strawberry","Panache","Regen Potion","SpeedPotion"],"campfire_rested":2,"item_purchase_floors":[10,38,53,53],"current_hp_per_floor":[70,70,70,67,53,51,51,51,65,72,72,66,66,67,67,55,91,91,91,90,90,84,79,81,81,81,81,83,83,83,75,75,44,91,85,86,79,79,69,69,45,87,87,87,78,78,69,69,86,43,86,86,86,71,0],"gold":50,"neow_bonus":"RANDOM_COMMON_RELIC","is_prod":false,"is_daily":false,"chose_seed":false,"campfire_upgraded":7,"win_rate":0,"timestamp":1541548610,"path_taken":["M","M","M","?","?","E","M","R","T","$","R","E","?","M","R","BOSS","M","?","M","$","M","E","?","?","T","R","?","R","?","M","R","BOSS","M","?","?","$","?","R","E","R","T","?","?","$","?","?","R","BOSS","R","$","E","BOSS"],"build_version":"2018-11-05","purchased_purges":3,"victory":false,"max_hp_per_floor":[70,70,70,70,70,70,70,70,84,91,91,91,91,91,91,91,91,91,91,91,91,91,91,91,91,91,91,91,91,91,91,91,91,91,91,91,91,91,91,91,91,91,91,91,91,91,91,86,86,86,86,86,86,86,86],"card_choices":[{"not_picked":["PiercingWail","Flying Knee"],"picked":"Terror","floor":1.0},{"not_picked":["Calculated Gamble","Noxious Fumes"],"picked":"Flying Knee","floor":2.0},{"not_picked":["Predator","Flechettes"],"picked":"Sucker Punch","floor":3.0},{"not_picked":["Slice","Bane"],"picked":"Blur","floor":6.0},{"not_picked":["Expertise","Deadly Poison"],"picked":"Poisoned Stab","floor":7.0},{"not_picked":["Skewer","Catalyst"],"picked":"Dagger Spray","floor":12.0},{"not_picked":["Dodge and Roll","Outmaneuver"],"picked":"After Image","floor":14.0},{"not_picked":["Burst","Corpse Explosion"],"picked":"Die Die Die","floor":16.0},{"not_picked":["Escape Plan","PiercingWail"],"picked":"Dagger Throw+1","floor":18.0},{"not_picked":["Deadly Poison+1","Underhanded Strike","Deflect"],"picked":"SKIP","floor":20.0},{"not_picked":["Concentrate","Backflip"],"picked":"Dagger Spray+1","floor":22.0},{"not_picked":["Deflect+1","Burst","Underhanded Strike"],"picked":"SKIP","floor":23.0},{"not_picked":["Eviscerate","Dodge and Roll"],"picked":"Outmaneuver+1","floor":24.0},{"not_picked":["Acrobatics","Quick Slash+1"],"picked":"Footwork","floor":28.0},{"not_picked":["Slice","Caltrops","Concentrate+1"],"picked":"SKIP","floor":31.0},{"not_picked":["Corpse Explosion","Burst"],"picked":"Phantasmal Killer","floor":33.0},{"not_picked":["Slice","Backflip+1"],"picked":"Skewer+1","floor":35.0},{"not_picked":["Slice","Flying Knee","Prepared+1"],"picked":"SKIP","floor":36.0},{"not_picked":["Dodge and Roll+1","Flying Knee","PiercingWail"],"picked":"SKIP","floor":37.0},{"not_picked":["Thinking Ahead","Jack Of All Trades"],"picked":"Apotheosis","floor":39.0},{"not_picked":["Purity","Sadistic Nature"],"picked":"The Bomb","floor":39.0},{"not_picked":["Purity","Blind"],"picked":"Panache","floor":39.0},{"not_picked":["Bouncing Flask+1","Backflip+1"],"picked":"Glass Knife","floor":41.0},{"not_picked":["All Out Attack","Cloak And Dagger+1","Riddle With Holes"],"picked":"SKIP","floor":54}],"player_experience":753357,"relics_obtained":[{"floor":6.0,"key":"Ice Cream"},{"floor":9.0,"key":"Mango"},{"floor":12.0,"key":"Incense Burner"},{"floor":13.0,"key":"Blood Vial"},{"floor":23.0,"key":"Regal Pillow"},{"floor":24.0,"key":"Red Mask"},{"floor":30.0,"key":"Bottled Lightning"},{"floor":41.0,"key":"Snake Skull"},{"floor":43.0,"key":"Juzu Bracelet"},{"floor":54,"key":"Centennial Puzzle"}],"event_choices":[{"damage_healed":0.0,"max_hp_gain":0.0,"max_hp_loss":0.0,"gold_gain":0.0,"event_name":"Scrap Ooze","player_choice":"Success","floor":4.0,"gold_loss":0.0,"damage_taken":3.0,"relics_obtained":["Mercury Hourglass"]},{"damage_healed":0.0,"max_hp_gain":0.0,"max_hp_loss":0.0,"gold_gain":0.0,"event_name":"Shining Light","player_choice":"Entered Light","floor":5.0,"gold_loss":0.0,"damage_taken":14.0,"cards_upgraded":["Strike_G","Flying Knee"]},{"damage_healed":0.0,"max_hp_gain":0.0,"max_hp_loss":0.0,"gold_gain":0.0,"event_name":"Addict","player_choice":"Stole Relic","floor":19.0,"gold_loss":0.0,"damage_taken":0.0,"relics_obtained":["Art of War"],"cards_obtained":["Shame"]},{"damage_healed":0.0,"max_hp_gain":0.0,"max_hp_loss":0.0,"gold_gain":0.0,"event_name":"Masked Bandits","player_choice":"Fought Bandits","floor":24.0,"gold_loss":0.0,"damage_taken":0.0},{"cards_removed":["Strike_G"],"damage_healed":0.0,"max_hp_gain":0.0,"max_hp_loss":0.0,"gold_gain":0.0,"event_name":"Beggar","player_choice":"Gave Gold","floor":25.0,"gold_loss":75.0,"damage_taken":0.0},{"damage_healed":0.0,"max_hp_gain":0.0,"max_hp_loss":0.0,"gold_gain":0.0,"event_name":"SensoryStone","player_choice":"Memory 3","floor":39.0,"gold_loss":0.0,"damage_taken":10.0},{"damage_healed":0.0,"max_hp_gain":0.0,"max_hp_loss":0.0,"gold_gain":0.0,"event_name":"Tomb of Lord Red Mask","player_choice":"Ignored","floor":44.0,"gold_loss":0.0,"damage_taken":0.0},{"damage_healed":0.0,"max_hp_gain":0.0,"max_hp_loss":0.0,"gold_gain":0.0,"event_name":"MindBloom","player_choice":"Fight","floor":45.0,"gold_loss":0.0,"damage_taken":0.0},{"damage_healed":0.0,"max_hp_gain":0.0,"max_hp_loss":0.0,"gold_gain":75.0,"event_name":"FaceTrader","player_choice":"Touch","floor":47.0,"gold_loss":0.0,"damage_taken":9.0},{"damage_healed":0.0,"max_hp_gain":0.0,"max_hp_loss":5.0,"gold_gain":0.0,"event_name":"Winding Halls","player_choice":"Max HP","floor":48.0,"gold_loss":0.0,"damage_taken":0.0}],"is_beta":true,"boss_relics":[{"not_picked":["Black Star","Orrery"],"picked":"Cursed Key"},{"not_picked":["Snecko Eye","Astrolabe"],"picked":"Lizard Tail"}],"items_purged_floors":[21,38,46],"is_endless":false,"potions_floor_spawned":[3,6,7,16,22,28,31,41],"killed_by":"The Heart","ascension_level":0}