{"gold_per_floor":[111,130,130,55,67,93,93,122,122,140,140,153,164,183,183,283,283,296,296,309,324,324,324,344,372,454,504,515,515,515,545,545,647,677,694,694,704,116,134,161,180,180,180,207,207,207,238,94,94,94],"floor_reached":51,"playtime":4303,"items_purged":["Strike_G","Writhe"],"score":912,"play_id":"80673361-ea43-44c3-8df7-d1d6bc8de778","local_time":"20180708234242","is_ascension_mode":false,"campfire_choices":[{"data":"Prepared","floor":7.0,"key":"SMITH"},{"data":"1","floor":11.0,"key":"LIFT"},{"data":"2","floor":15.0,"key":"LIFT"},{"floor":23.0,"key":"REST"},{"floor":30.0,"key":"REST"},{"floor":32.0,"key":"REST"},{"data":"3","floor":42,"key":"LIFT"},{"data":"Prepared","floor":46,"key":"SMITH"},{"data":"A Thousand Cuts","floor":49,"key":"SMITH"}],"neow_cost":"","seed_source_timestamp":10414693992915,"circlet_count":0,"master_deck":["Defend_G","Defend_G","Defend_G","Defend_G","Strike_G","Strike_G","Strike_G","Strike_G","Survivor","Neutralize","Cloak And Dagger","Prepared+1","A Thousand Cuts+1","Prepared+1","Underhanded Strike","Underhanded Strike","Prepared","Calculated Gamble","Predator","Storm of Steel","Skewer+1","Underhanded Strike","Reflex","Necronomicurse","Underhanded Strike+1","Malaise+1","Ghostly","Ghostly","Ghostly","Ghostly+1","Ghostly","Dash+1","Accuracy+1","Acrobatics+1","Apotheosis","Calculated Gamble+1","Infinite Blades+1","Prepared+1","Blade Dance","Well Laid Plans+1","Madness","Madness"],"special_seed":0,"relics":["Ring of the Snake","Ice Cream","Ginger","Girya","White Beast Statue","Frozen Egg 2","Necronomicon","Dead Branch","Bottled Flame","Pantograph","Tiny House","Mummified Hand","Lee\u0027s Waffle","Bag of Preparation","Singing Bowl","Ancient Tea Set","Turnip","Bag of Marbles"],"potions_floor_usage":[35,37,39,40,47,50],"damage_taken":[{"damage":0.0,"enemies":"Cultist","floor":1.0,"turns":4.0},{"damage":0.0,"enemies":"Jaw Worm","floor":2.0,"turns":5.0},{"damage":0.0,"enemies":"Small Slimes","floor":5.0,"turns":4.0},{"damage":11.0,"enemies":"3 Sentries","floor":6.0,"turns":7.0},{"damage":12.0,"enemies":"Lagavulin","floor":8.0,"turns":8.0},{"damage":3.0,"enemies":"Exordium Wildlife","floor":10.0,"turns":4.0},{"damage":1.0,"enemies":"Blue Slaver","floor":12.0,"turns":3.0},{"damage":3.0,"enemies":"Lots of Slimes","floor":13.0,"turns":4.0},{"damage":0.0,"enemies":"Large Slime","floor":14.0,"turns":4.0},{"damage":20.0,"enemies":"Hexaghost","floor":16.0,"turns":7.0},{"damage":7.0,"enemies":"Spheric Guardian","floor":18.0,"turns":4.0},{"damage":3.0,"enemies":"Shell Parasite","floor":20.0,"turns":5.0},{"damage":15.0,"enemies":"Sentry and Sphere","floor":21.0,"turns":5.0},{"damage":21.0,"enemies":"Snake Plant","floor":24.0,"turns":3.0},{"damage":21.0,"enemies":"Book of Stabbing","floor":25.0,"turns":4.0},{"damage":0.0,"enemies":"3 Cultists","floor":28.0,"turns":4.0},{"damage":9.0,"enemies":"Gremlin Leader","floor":31.0,"turns":5.0},{"damage":3,"enemies":"Automaton","floor":33,"turns":6},{"damage":1,"enemies":"Orb Walker","floor":35,"turns":2},{"damage":0,"enemies":"3 Darklings","floor":37,"turns":3},{"damage":3,"enemies":"Sphere and 2 Shapes","floor":39,"turns":4},{"damage":1,"enemies":"2 Orb Walkers","floor":40,"turns":4},{"damage":3,"enemies":"4 Shapes","floor":41,"turns":5},{"damage":0,"enemies":"Giant Head","floor":44,"turns":4},{"damage":0,"enemies":"2 Orb Walkers","floor":47,"turns":4},{"damage":18,"enemies":"Donu and Deca","floor":50,"turns":5}],"seed_played":"7595991098804116434","potions_obtained":[{"floor":1.0,"key":"Dexterity Potion"},{"floor":5.0,"key":"Swift Potion"},{"floor":12.0,"key":"Poison Potion"},{"floor":14.0,"key":"LiquidBronze"},{"floor":18.0,"key":"EssenceOfSteel"},{"floor":20.0,"key":"Fire Potion"},{"floor":21.0,"key":"Regen Potion"},{"floor":24.0,"key":"Poison Potion"},{"floor":25.0,"key":"SpeedPotion"},{"floor":28.0,"key":"Fire Potion"},{"floor":31.0,"key":"Dexterity Potion"},{"floor":33,"key":"Swift Potion"},{"floor":34,"key":"SteroidPotion"},{"floor":35,"key":"Fire Potion"},{"floor":37,"key":"Regen Potion"},{"floor":39,"key":"SneckoOil"},{"floor":40,"key":"SteroidPotion"},{"floor":41,"key":"Weak Potion"},{"floor":44,"key":"Swift Potion"},{"floor":47,"key":"GhostInAJar"}],"is_trial":false,"path_per_floor":["M","M","?","$","M","E","R","E","T","M","R","M","M","M","R","B",null,"M","?","M","M","?","R","M","E","T","?","M","?","R","E","R","B",null,"M","?","M","$","M","E","M","R","T","E","?","R","E","$","R","B"],"character_chosen":"THE_SILENT","items_purchased":["Mummified Hand","Infinite Blades+1","Lee\u0027s Waffle","Bag of Marbles"],"campfire_rested":3,"item_purchase_floors":[38,38,38,48],"current_hp_per_floor":[70,70,70,70,70,59,59,47,47,44,44,43,40,40,40,20,70,63,63,60,45,29,50,34,13,13,13,13,13,23,14,24,32,40,39,39,39,47,44,43,40,40,40,42,36,36,50,50,50,33],"gold":94,"neow_bonus":"","is_prod":false,"is_daily":false,"chose_seed":false,"campfire_upgraded":3,"win_rate":0,"timestamp":1531064562,"path_taken":["M","M","?","?","M","E","R","E","T","M","R","?","M","M","R","BOSS","M","?","?","M","?","R","M","E","T","?","M","?","R","E","R","BOSS","M","?","M","$","M","E","M","R","T","E","?","R","E","$","R","BOSS"],"build_version":"2018-07-05","purchased_purges":2,"victory":true,"max_hp_per_floor":[70,70,70,70,70,70,70,70,70,70,70,70,70,70,70,70,70,70,70,70,70,70,70,70,70,70,70,70,35,35,35,35,35,40,40,40,40,47,47,47,47,47,47,49,49,49,51,51,51,51],"card_choices":[{"not_picked":["Malaise","Dagger Throw"],"picked":"Cloak And Dagger","floor":1.0},{"not_picked":["Underhanded Strike","Deflect"],"picked":"Prepared","floor":2.0},{"not_picked":["Catalyst","All Out Attack"],"picked":"Prepared","floor":5.0},{"not_picked":["Expertise","Eviscerate"],"picked":"Underhanded Strike","floor":6.0},{"not_picked":["Deadly Poison","Dodge and Roll"],"picked":"Underhanded Strike","floor":8.0},{"not_picked":["Flying Knee","Bouncing Flask"],"picked":"Prepared","floor":10.0},{"not_picked":["Backflip","Phantasmal Killer"],"picked":"Calculated Gamble","floor":12.0},{"not_picked":["Cloak And Dagger","Bouncing Flask"],"picked":"Predator","floor":13.0},{"not_picked":["Backflip","Bouncing Flask","Catalyst"],"picked":"SKIP","floor":14.0},{"not_picked":["Glass Knife","Phantasmal Killer"],"picked":"Storm of Steel","floor":16.0},{"not_picked":["Poisoned Stab+1","Crippling Poison+1"],"picked":"Skewer+1","floor":18.0},{"not_picked":["Flying Knee","Bane"],"picked":"Underhanded Strike","floor":20.0},{"not_picked":["Sucker Punch","Finisher+1"],"picked":"Reflex","floor":21.0},{"not_picked":["Expertise","Bane"],"picked":"Underhanded Strike+1","floor":24.0},{"not_picked":["Outmaneuver","Flechettes+1"],"picked":"Malaise+1","floor":25.0},{"not_picked":["Outmaneuver","Finisher","Catalyst"],"picked":"SKIP","floor":28.0},{"not_picked":["Outmaneuver","Flying Knee"],"picked":"Dash+1","floor":31.0},{"not_picked":["Deflect","Deadly Poison"],"picked":"Accuracy+1","floor":34},{"not_picked":["Catalyst+1","Terror"],"picked":"Acrobatics+1","floor":35},{"not_picked":["Purity","Swift Strike"],"picked":"Apotheosis","floor":36},{"not_picked":["Finisher+1","Sucker Punch+1"],"picked":"Calculated Gamble+1","floor":37},{"not_picked":["Dagger Throw+1","Infinite Blades+1"],"picked":"Prepared+1","floor":39},{"not_picked":["Deadly Poison+1","Dagger Spray+1"],"picked":"Blade Dance","floor":40},{"not_picked":["Noxious Fumes+1","Underhanded Strike+1"],"picked":"Well Laid Plans+1","floor":41},{"not_picked":["Quick Slash+1","Expertise","Deflect"],"picked":"Singing Bowl","floor":44},{"not_picked":["Distraction","Prepared+1","Venomology"],"picked":"Singing Bowl","floor":47}],"player_experience":107127,"relics_obtained":[{"floor":6.0,"key":"Ice Cream"},{"floor":8.0,"key":"Ginger"},{"floor":9.0,"key":"Girya"},{"floor":22.0,"key":"Necronomicon"},{"floor":25.0,"key":"Dead Branch"},{"floor":26.0,"key":"Bottled Flame"},{"floor":31.0,"key":"Pantograph"},{"floor":40,"key":"Bag of Preparation"},{"floor":43,"key":"Singing Bowl"},{"floor":44,"key":"Ancient Tea Set"},{"floor":47,"key":"Turnip"}],"event_choices":[{"event_name":"Transmorgrifier","player_choice":"Transform","floor":3.0,"damage_taken":0.0},{"event_name":"The Mausoleum","player_choice":"Yes","floor":19.0,"damage_taken":0.0},{"event_name":"Cursed Tome","player_choice":"Obtained Book","floor":22.0,"damage_taken":0.0},{"event_name":"The Joust","player_choice":"Bet on Murderer","floor":27.0,"damage_taken":0.0},{"event_name":"Ghosts","player_choice":"Became a Ghost","floor":29.0,"damage_taken":0.0},{"event_name":"SensoryStone","player_choice":"Memory 1","floor":36,"damage_taken":0},{"event_name":"Winding Halls","player_choice":"Embrace Madness","floor":45,"damage_taken":0}],"boss_relics":[{"not_picked":["Snecko Eye","Pandora\u0027s Box"],"picked":"White Beast Statue"},{"not_picked":["Sozu","Lizard Tail"],"picked":"Tiny House"}],"items_purged_floors":[4,38],"is_endless":false,"potions_floor_spawned":[1,5,12,14,18,20,21,24,25,28,31,33,35,37,39,40,41,44,47],"ascension_level":0}