{"gold_per_floor":[112,212,224,235,253,279,279,304,381,409,425,350,367,384,384,483,483,472,489,349,369,385,412,412,412,412,412,412],"floor_reached":28,"playtime":1622,"items_purged":["Strike_B","Strike_B"],"score":275,"play_id":"46a70fdf-0ff6-456e-b837-d20574728c65","local_time":"20180711202901","is_ascension_mode":true,"campfire_choices":[{"floor":7.0,"key":"REST"},{"floor":15.0,"key":"REST"},{"floor":25,"key":"REST"},{"floor":27,"key":"REST"}],"neow_cost":"","seed_source_timestamp":1135120429388,"circlet_count":0,"master_deck":["Strike_B","Strike_B","Defend_B","Defend_B","Defend_B","Defend_B","Zap","Dualcast","Self Repair","Coolheaded","Static Discharge","Capacitor","Compile Driver","Ball Lightning","Loop","Barrage","Chill","Sweeping Beam","Creative AI","Barrage","Stack","Melter","Rebound","Thunder Strike","Go for the Eyes+1"],"special_seed":0,"relics":["Cracked Core","Ancient Tea Set","Emotion Chip","Ornamental Fan","Oddly Smooth Stone","Black Star","Calipers","Turnip","Blue Candle"],"potions_floor_usage":[16,19,19],"damage_taken":[{"damage":7.0,"enemies":"2 Louse","floor":1.0,"turns":2.0},{"damage":1.0,"enemies":"Cultist","floor":3.0,"turns":3.0},{"damage":3.0,"enemies":"Jaw Worm","floor":4.0,"turns":4.0},{"damage":11.0,"enemies":"Looter","floor":5.0,"turns":4.0},{"damage":30.0,"enemies":"Lagavulin","floor":6.0,"turns":7.0},{"damage":34.0,"enemies":"Gremlin Nob","floor":8.0,"turns":5.0},{"damage":19.0,"enemies":"3 Sentries","floor":10.0,"turns":5.0},{"damage":11.0,"enemies":"2 Fungi Beasts","floor":11.0,"turns":3.0},{"damage":12.0,"enemies":"3 Louse","floor":13.0,"turns":2.0},{"damage":4.0,"enemies":"Looter","floor":14.0,"turns":3.0},{"damage":30,"enemies":"The Guardian","floor":16,"turns":13},{"damage":20,"enemies":"2 Thieves","floor":18,"turns":4},{"damage":2,"enemies":"3 Byrds","floor":19,"turns":1},{"damage":18,"enemies":"Snecko","floor":21,"turns":4},{"damage":14,"enemies":"Cultist and Chosen","floor":22,"turns":6},{"damage":28,"enemies":"Book of Stabbing","floor":23,"turns":5},{"damage":58,"enemies":"Slavers","floor":28,"turns":3}],"seed_played":"-2398541937804319522","potions_obtained":[{"floor":1.0,"key":"GamblersBrew"},{"floor":4.0,"key":"Ancient Potion"},{"floor":6.0,"key":"Energy Potion"},{"floor":11.0,"key":"LiquidBronze"},{"floor":18,"key":"LiquidBronze"}],"is_trial":false,"path_per_floor":["M","?","M","M","M","E","R","E","T","E","M","$","M","M","R","B",null,"M","M","$","M","M","E","?","R","T","R"],"character_chosen":"DEFECT","items_purchased":["Melter"],"campfire_rested":4,"item_purchase_floors":[20],"current_hp_per_floor":[68,68,74,75,71,48,70,43,43,31,27,27,15,18,40,17,75,62,60,60,49,42,21,7,31,31,55,0],"gold":412,"neow_bonus":"","is_prod":false,"is_daily":false,"chose_seed":false,"campfire_upgraded":0,"win_rate":0,"timestamp":1531312141,"path_taken":["M","?","M","M","M","E","R","E","T","E","M","$","M","M","R","BOSS","M","M","$","M","M","E","?","R","T","R","E"],"build_version":"2018-07-05","purchased_purges":2,"victory":false,"max_hp_per_floor":[75,75,75,75,75,75,75,75,75,75,75,75,75,75,75,75,75,75,75,75,75,75,75,80,80,80,80,80],"card_choices":[{"not_picked":["Double Energy","Barrage"],"picked":"Self Repair","floor":1.0},{"not_picked":["Turbo","Blizzard"],"picked":"Coolheaded","floor":3.0},{"not_picked":["Tempest","Gash"],"picked":"Static Discharge","floor":4.0},{"not_picked":["Ball Lightning","Coolheaded"],"picked":"Capacitor","floor":5.0},{"not_picked":["Gash","Aggregate"],"picked":"Compile Driver","floor":6.0},{"not_picked":["Buffer","Redo"],"picked":"Ball Lightning","floor":8.0},{"not_picked":["Blizzard","Cold Snap"],"picked":"Loop","floor":10.0},{"not_picked":["Cold Snap","Consume"],"picked":"Barrage","floor":11.0},{"not_picked":["Aggregate","Heatsinks"],"picked":"Chill","floor":13.0},{"not_picked":["Streamline","Gash"],"picked":"Sweeping Beam","floor":14.0},{"not_picked":["Biased Cognition","Seek"],"picked":"Creative AI","floor":16},{"not_picked":["Steam","Reprogram"],"picked":"Barrage","floor":18},{"not_picked":["Darkness","Rebound"],"picked":"Stack","floor":19},{"not_picked":["Fusion","Stack"],"picked":"Rebound","floor":21},{"not_picked":["Static Discharge","Gash"],"picked":"Thunder Strike","floor":22},{"not_picked":["Streamline","Genetic Algorithm+1"],"picked":"Go for the Eyes+1","floor":23}],"player_experience":125597,"relics_obtained":[{"floor":6.0,"key":"Ancient Tea Set"},{"floor":8.0,"key":"Emotion Chip"},{"floor":9.0,"key":"Ornamental Fan"},{"floor":10.0,"key":"Oddly Smooth Stone"},{"floor":23,"key":"Calipers"},{"floor":23,"key":"Turnip"},{"floor":26,"key":"Blue Candle"}],"event_choices":[{"event_name":"Golden Shrine","player_choice":"Pray","floor":2.0,"damage_taken":0.0},{"event_name":"Forgotten Altar","player_choice":"Shed Blood","floor":24,"damage_taken":0}],"boss_relics":[{"not_picked":["Ectoplasm","Snecko Eye"],"picked":"Black Star"}],"items_purged_floors":[12,20],"is_endless":false,"potions_floor_spawned":[1,4,6,11,18],"killed_by":"Slavers","ascension_level":1}