{"gold_per_floor":[110,127,137,149,161,161,178,204,253,265,277],"floor_reached":11,"playtime":1026,"items_purged":[],"score":100,"play_id":"67baaeb3-6989-43f6-af9b-ce022cd39b02","local_time":"20181030112852","is_ascension_mode":true,"campfire_choices":[{"data":"Calculated Gamble","floor":6,"key":"SMITH"},{"data":"Acrobatics","floor":10,"key":"SMITH"}],"neow_cost":"NONE","seed_source_timestamp":376393265562,"circlet_count":0,"master_deck":["Defend_G","Defend_G","Defend_G","Defend_G","Defend_G","Strike_G","Strike_G","Strike_G","Strike_G","Strike_G","Survivor","Neutralize","Calculated Gamble+1","Flying Knee","Acrobatics+1","Acrobatics","Tactician","Phantasmal Killer","Leg Sweep"],"relics":["Snecko Eye","Du-Vu Doll","MawBank"],"potions_floor_usage":[4,7,8],"damage_taken":[{"damage":5,"enemies":"Cultist","floor":1,"turns":4},{"damage":2,"enemies":"2 Louse","floor":2,"turns":3},{"damage":0,"enemies":"Jaw Worm","floor":3,"turns":5},{"damage":2,"enemies":"Gremlin Gang","floor":4,"turns":3},{"damage":1,"enemies":"2 Fungi Beasts","floor":5,"turns":5},{"damage":0,"enemies":"Exordium Thugs","floor":7,"turns":5},{"damage":14,"enemies":"3 Sentries","floor":8,"turns":11},{"damage":45,"enemies":"Gremlin Nob","floor":11,"turns":5}],"seed_played":"1978992394604759012","potions_obtained":[{"floor":1,"key":"Fire Potion"},{"floor":3,"key":"EssenceOfSteel"},{"floor":5,"key":"PowerPotion"}],"is_trial":false,"path_per_floor":["M","M","M","M","M","R","M","E","T","R"],"character_chosen":"THE_SILENT","items_purchased":[],"campfire_rested":0,"item_purchase_floors":[],"current_hp_per_floor":[58,56,56,54,53,53,53,39,39,39,0],"gold":277,"neow_bonus":"BOSS_RELIC","is_prod":false,"is_daily":false,"chose_seed":false,"campfire_upgraded":2,"win_rate":0,"timestamp":1540870132,"path_taken":["M","M","M","M","?","R","M","E","T","R","E"],"build_version":"2018-10-25v2","purchased_purges":0,"victory":false,"max_hp_per_floor":[70,70,70,70,70,70,70,70,70,70,70],"card_choices":[{"not_picked":["Noxious Fumes","Quick Slash"],"picked":"Calculated Gamble","floor":1},{"not_picked":["Noxious Fumes","Sucker Punch"],"picked":"Flying Knee","floor":2},{"not_picked":["Endless Agony","Poisoned Stab"],"picked":"Acrobatics","floor":3},{"not_picked":["Poisoned Stab","Cloak And Dagger"],"picked":"Acrobatics","floor":4},{"not_picked":["Flying Knee","Deadly Poison"],"picked":"Tactician","floor":5},{"not_picked":["Skewer","Slice"],"picked":"Phantasmal Killer","floor":7},{"not_picked":["Acrobatics","Well Laid Plans"],"picked":"Leg Sweep","floor":8}],"player_experience":372775,"relics_obtained":[{"floor":8,"key":"Du-Vu Doll"},{"floor":9,"key":"MawBank"}],"event_choices":[],"is_beta":false,"boss_relics":[],"items_purged_floors":[],"is_endless":false,"potions_floor_spawned":[1,3,5],"killed_by":"Gremlin Nob","ascension_level":6}