{"gold_per_floor":[110,60,235,254,25,25,45,45,68,78,153,153,187,203,203,298,298,317,317,317,330,341,341,78,78,102,115,115,115,126,136,136,136],"floor_reached":33,"playtime":1002,"items_purged":["Doubt","Writhe"],"score":247,"play_id":"ed2091a9-02b7-4813-b9f1-9aae5cfe3d94","local_time":"20190928230828","is_ascension_mode":false,"campfire_choices":[{"data":"Bash","floor":6,"key":"SMITH"},{"data":"Thunderclap","floor":8,"key":"SMITH"},{"data":"Dropkick","floor":15,"key":"SMITH"},{"data":"Thunderclap","floor":23,"key":"SMITH"},{"data":"Double Tap","floor":29,"key":"SMITH"},{"data":"Reaper","floor":32,"key":"SMITH"}],"neow_cost":"NONE","seed_source_timestamp":2592587314755,"circlet_count":0,"master_deck":["Strike_R+1","Strike_R+1","Strike_R","Defend_R+1","Defend_R+1","Bash+1","Iron Wave+1","Thunderclap+1","Thunderclap+1","Dropkick+1","Reaper+1","Headbutt+1","Double Tap+1"],"relics":["Sozu","Lantern","War Paint","Bird Faced Urn","Empty Cage","Eternal Feather","Whetstone","Ornamental Fan"],"potions_floor_usage":[],"damage_taken":[{"damage":0,"enemies":"Small Slimes","floor":1,"turns":3},{"damage":1,"enemies":"Jaw Worm","floor":4,"turns":4},{"damage":6,"enemies":"Cultist","floor":7,"turns":3},{"damage":5,"enemies":"3 Louse","floor":10,"turns":3},{"damage":24,"enemies":"Lagavulin","floor":13,"turns":5},{"damage":11,"enemies":"Exordium Wildlife","floor":14,"turns":3},{"damage":15,"enemies":"Hexaghost","floor":16,"turns":9},{"damage":11,"enemies":"Spheric Guardian","floor":18,"turns":4},{"damage":11,"enemies":"Shell Parasite","floor":21,"turns":4},{"damage":38,"enemies":"Shelled Parasite and Fungi","floor":22,"turns":5},{"damage":20,"enemies":"Sentry and Sphere","floor":27,"turns":4},{"damage":4,"enemies":"Snecko","floor":30,"turns":4},{"damage":1,"enemies":"Centurion and Healer","floor":31,"turns":3},{"damage":62,"enemies":"Champ","floor":33,"turns":7}],"seed_played":"-2823820922584748989","potions_obtained":[],"is_trial":false,"path_per_floor":["M","?","?","M","$","R","M","R","T","M","?","?","E","M","R","B",null,"M","?","?","M","M","R","$","?","T","M","T","R","M","M","R","B"],"character_chosen":"IRONCLAD","items_purchased":["Lantern","Double Tap"],"campfire_rested":0,"item_purchase_floors":[5,24],"current_hp_per_floor":[80,80,80,79,79,79,73,73,73,68,57,57,33,22,22,7,80,69,69,69,64,34,40,40,40,40,20,20,26,28,39,45,0],"gold":136,"neow_bonus":"BOSS_RELIC","is_prod":false,"is_daily":false,"chose_seed":false,"campfire_upgraded":6,"win_rate":0,"timestamp":1569679708,"path_taken":["M","?","?","M","?","R","M","R","T","M","?","?","E","?","R","BOSS","M","?","?","M","M","R","?","?","T","M","?","R","?","M","R","BOSS"],"build_version":"2019-09-27","purchased_purges":2,"victory":false,"max_hp_per_floor":[80,80,80,80,80,80,80,80,80,80,80,80,80,80,80,80,80,80,80,80,80,80,80,80,80,80,80,80,80,80,80,80,80],"card_choices":[{"not_picked":["Clothesline","Wild Strike"],"picked":"Iron Wave","floor":1},{"not_picked":["Dual Wield","Sentinel","Rupture"],"picked":"SKIP","floor":4},{"not_picked":["Headbutt","Flex"],"picked":"Thunderclap","floor":7},{"not_picked":["Thunderclap","Fiend Fire","Sentinel"],"picked":"SKIP","floor":10},{"not_picked":["Fiend Fire","Sentinel"],"picked":"Thunderclap","floor":10},{"not_picked":["Brutality","Clothesline"],"picked":"Dropkick","floor":13},{"not_picked":["Rampage","Clash","Havoc"],"picked":"SKIP","floor":14},{"not_picked":["Impervious","Demon Form"],"picked":"Reaper","floor":16},{"not_picked":["Bloodletting","Clash"],"picked":"Headbutt+1","floor":18},{"not_picked":["Shockwave","Anger","Seeing Red+1"],"picked":"SKIP","floor":21},{"not_picked":["Shrug It Off+1","Anger+1","Cleave"],"picked":"SKIP","floor":22},{"not_picked":["Headbutt","Shrug It Off","Uppercut"],"picked":"SKIP","floor":27},{"not_picked":["Bloodletting+1","Clothesline","Wild Strike"],"picked":"SKIP","floor":30},{"not_picked":["Ghostly Armor","Shrug It Off","True Grit"],"picked":"SKIP","floor":31}],"player_experience":560237,"relics_obtained":[{"floor":9,"key":"War Paint"},{"floor":13,"key":"Bird Faced Urn"},{"floor":26,"key":"Whetstone"},{"floor":28,"key":"Ornamental Fan"}],"event_choices":[{"cards_removed":["Defend_R"],"damage_healed":0,"gold_gain":0,"player_choice":"Card Removal","damage_taken":0,"max_hp_gain":0,"max_hp_loss":0,"event_name":"The Cleric","floor":2,"gold_loss":50},{"damage_healed":0,"gold_gain":175,"player_choice":"AGREE","damage_taken":0,"max_hp_gain":0,"max_hp_loss":0,"event_name":"Liars Game","floor":3,"gold_loss":0,"cards_obtained":["Doubt"]},{"damage_healed":0,"gold_gain":75,"player_choice":"Gather Gold","damage_taken":11,"max_hp_gain":0,"max_hp_loss":0,"event_name":"World of Goop","floor":11,"gold_loss":0},{"damage_healed":0,"gold_gain":0,"player_choice":"Upgraded","damage_taken":0,"max_hp_gain":0,"max_hp_loss":0,"event_name":"Upgrade Shrine","floor":12,"gold_loss":0,"cards_upgraded":["Iron Wave"]},{"cards_removed":["Strike_R"],"damage_healed":0,"gold_gain":0,"player_choice":"Elegance","damage_taken":0,"max_hp_gain":0,"max_hp_loss":0,"event_name":"Back to Basics","floor":19,"gold_loss":0},{"damage_healed":0,"gold_gain":0,"player_choice":"Opened","damage_taken":0,"relics_obtained":["Eternal Feather"],"max_hp_gain":0,"max_hp_loss":0,"event_name":"The Mausoleum","floor":20,"gold_loss":0,"cards_obtained":["Writhe"]},{"damage_healed":0,"gold_gain":0,"player_choice":"Ignored","damage_taken":0,"max_hp_gain":0,"max_hp_loss":0,"event_name":"Vampires","floor":25,"gold_loss":0}],"is_beta":true,"boss_relics":[{"not_picked":["Philosopher\u0027s Stone","Runic Cube"],"picked":"Empty Cage"}],"items_purged_floors":[5,24],"is_endless":false,"potions_floor_spawned":[4,7,10,21,27,30,31],"killed_by":"Champ","ascension_level":0}