{"gold_per_floor":[117,38,38,57,207,207,235,252,252,306,322,350,377,377],"floor_reached":14,"playtime":334,"items_purged":[],"score":246,"play_id":"1abbf55b-8d82-43a8-b50e-e42c29df7afe","local_time":"20190422185826","is_ascension_mode":true,"campfire_choices":[{"data":"Catalyst","floor":6,"key":"SMITH"}],"neow_cost":"NONE","seed_source_timestamp":113765590102085,"circlet_count":0,"master_deck":["AscendersBane","Defend_G","Defend_G","Defend_G","Defend_G","Defend_G","Strike_G","Strike_G","Strike_G","Strike_G","Survivor","Neutralize","Noxious Fumes","Catalyst+1","Poisoned Stab","Doubt","Backflip","Catalyst","Dodge and Roll"],"relics":["Ring of the Snake","NeowsBlessing","Pantograph","Omamori","Shuriken","Odd Mushroom"],"potions_floor_usage":[13],"damage_taken":[{"damage":0,"enemies":"2 Louse","floor":1,"turns":1},{"damage":0,"enemies":"Cultist","floor":4,"turns":1},{"damage":0,"enemies":"Lagavulin","floor":7,"turns":1},{"damage":0,"enemies":"Jaw Worm","floor":8,"turns":3},{"damage":11,"enemies":"Exordium Wildlife","floor":11,"turns":5},{"damage":19,"enemies":"3 Sentries","floor":12,"turns":8},{"damage":18,"enemies":"The Mushroom Lair","floor":13,"turns":5},{"damage":12,"enemies":"Large Slime","floor":14,"turns":2}],"seed_played":"-2131270801531623555","potions_obtained":[{"floor":1,"key":"GhostInAJar"},{"floor":8,"key":"LiquidBronze"},{"floor":13,"key":"Swift Potion"}],"is_trial":false,"path_per_floor":["M","$","?","M","?","R","E","M","T","T","M","E","?","M"],"character_chosen":"THE_SILENT","items_purchased":["Catalyst"],"campfire_rested":0,"item_purchase_floors":[2],"current_hp_per_floor":[59,59,59,59,59,59,59,59,59,59,48,29,11,0],"gold":377,"neow_bonus":"THREE_ENEMY_KILL","is_prod":false,"is_daily":false,"chose_seed":false,"campfire_upgraded":1,"win_rate":0,"timestamp":1555952306,"path_taken":["M","$","?","?","?","R","E","M","T","?","M","E","?","M"],"build_version":"2019-01-23","purchased_purges":0,"victory":false,"max_hp_per_floor":[66,66,66,66,66,66,66,66,66,66,66,66,66,66],"card_choices":[{"not_picked":["All Out Attack","Cloak And Dagger"],"picked":"Noxious Fumes","floor":1},{"not_picked":["Accuracy","Bane"],"picked":"Poisoned Stab","floor":4},{"not_picked":["Tools of the Trade","Finisher"],"picked":"Backflip","floor":7},{"not_picked":["Bane","Sucker Punch"],"picked":"Catalyst","floor":8},{"not_picked":["Quick Slash","Outmaneuver","Finisher"],"picked":"SKIP","floor":11},{"not_picked":["Quick Slash","Endless Agony"],"picked":"Dodge and Roll","floor":12}],"player_experience":853472,"relics_obtained":[{"floor":7,"key":"Pantograph"},{"floor":9,"key":"Omamori"},{"floor":12,"key":"Shuriken"},{"floor":13,"key":"Odd Mushroom"}],"event_choices":[{"cards_removed":["Strike_G"],"damage_healed":0,"gold_gain":0,"player_choice":"Purged","damage_taken":0,"max_hp_gain":0,"max_hp_loss":0,"event_name":"Purifier","floor":3,"gold_loss":0},{"damage_healed":0,"gold_gain":150,"player_choice":"AGREE","damage_taken":0,"max_hp_gain":0,"max_hp_loss":0,"event_name":"Liars Game","floor":5,"gold_loss":0,"cards_obtained":["Doubt"]},{"damage_healed":0,"gold_gain":0,"player_choice":"Fought Mushrooms","damage_taken":0,"max_hp_gain":0,"max_hp_loss":0,"event_name":"Mushrooms","floor":13,"gold_loss":0}],"is_beta":false,"boss_relics":[],"items_purged_floors":[],"is_endless":false,"potions_floor_spawned":[1,8,12,13],"killed_by":"Large Slime","ascension_level":20}