{"gold_per_floor":[109,59,59,59,78,78,94,94,394,426,436,466,466,477,477,573,573,585,585,602,617,617,642,642,642,642,652,652,299,329,347,347,347],"floor_reached":33,"playtime":2506,"items_purged":["Defend_P"],"score":345,"play_id":"aa08cded-c8d3-4ea2-886e-968c22eb84e1","local_time":"20190920232023","is_ascension_mode":false,"campfire_choices":[{"data":"Eruption","floor":6.0,"key":"SMITH"},{"data":"Conclude","floor":8.0,"key":"SMITH"},{"data":"TalkToTheHand","floor":13.0,"key":"SMITH"},{"data":"DeusExMachina","floor":15.0,"key":"SMITH"},{"floor":25.0,"key":"REST"},{"data":"Scrawl","floor":28.0,"key":"SMITH"},{"data":"TalkToTheHand","floor":32,"key":"SMITH"}],"neow_cost":"NONE","seed_source_timestamp":5274249913642,"circlet_count":0,"master_deck":["Strike_P","Strike_P","Strike_P+1","Eruption+1","Vigilance","DeusExMachina+1","EmptyFist","Conclude+1","EmptyFist+1","DeceiveReality+1","Scrawl+1","TalkToTheHand+1","Halt","Brilliance","Tantrum","TalkToTheHand+1","TalkToTheHand","LessonLearned+1","EmptyBody","MentalFortress+1","ThirdEye+1"],"special_seed":0,"relics":["HolyWater","Boot","Old Coin","Bottled Lightning","Centennial Puzzle","Vajra","Matryoshka","Pantograph","MealTicket"],"potions_floor_usage":[30,30,33],"damage_taken":[{"damage":0.0,"enemies":"Cultist","floor":1.0,"turns":3.0},{"damage":0.0,"enemies":"2 Louse","floor":5.0,"turns":1.0},{"damage":0.0,"enemies":"Small Slimes","floor":7.0,"turns":1.0},{"damage":0.0,"enemies":"3 Sentries","floor":10.0,"turns":2.0},{"damage":6.0,"enemies":"Exordium Wildlife","floor":11.0,"turns":3.0},{"damage":0.0,"enemies":"Lagavulin","floor":12.0,"turns":3.0},{"damage":0.0,"enemies":"Large Slime","floor":14.0,"turns":5.0},{"damage":32.0,"enemies":"Slime Boss","floor":16.0,"turns":8.0},{"damage":9.0,"enemies":"2 Thieves","floor":18.0,"turns":2.0},{"damage":23.0,"enemies":"Chosen","floor":20.0,"turns":5.0},{"damage":30.0,"enemies":"Snake Plant","floor":21.0,"turns":5.0},{"damage":22.0,"enemies":"Gremlin Leader","floor":23.0,"turns":5.0},{"damage":33.0,"enemies":"Shelled Parasite and Fungi","floor":27.0,"turns":6.0},{"damage":32,"enemies":"Slavers","floor":30,"turns":7},{"damage":1,"enemies":"Chosen and Byrds","floor":31,"turns":6},{"damage":67,"enemies":"Automaton","floor":33,"turns":10}],"seed_played":"-2827941145940981904","potions_obtained":[{"floor":1.0,"key":"AttackPotion"},{"floor":10.0,"key":"Fire Potion"},{"floor":11.0,"key":"PowerPotion"},{"floor":12.0,"key":"EssenceOfSteel"},{"floor":18.0,"key":"StancePotion"},{"floor":23.0,"key":"SpeedPotion"},{"floor":30,"key":"DuplicationPotion"}],"is_trial":false,"path_per_floor":["M","?","?","?","M","R","M","R","T","E","M","E","R","M","R","B",null,"M","?","M","M","?","E","?","R","T","M","R","$","E","M","R","B"],"character_chosen":"WATCHER","items_purchased":["Pantograph","EmptyBody"],"campfire_rested":1,"item_purchase_floors":[29,29],"current_hp_per_floor":[65,65,65,62,62,62,62,62,62,62,56,56,56,56,56,24,65,56,45,40,31,31,27,27,48,48,37,37,37,20,19,19,0],"gold":347,"neow_bonus":"TRANSFORM_CARD","is_prod":false,"is_daily":false,"chose_seed":false,"campfire_upgraded":6,"win_rate":0.0,"timestamp":1568989223,"path_taken":["M","?","?","?","M","R","?","R","T","E","M","E","R","M","R","BOSS","M","?","M","M","?","E","?","R","T","M","R","?","E","M","R","BOSS"],"build_version":"2019-09-19","purchased_purges":1,"victory":false,"max_hp_per_floor":[65,65,65,65,65,65,65,65,65,65,65,65,65,65,65,65,65,65,70,70,70,70,70,70,70,70,70,70,70,70,70,70,70],"card_choices":[{"not_picked":["Evaluate","ClearTheMind"],"picked":"EmptyFist","floor":1.0},{"not_picked":["SashWhip","CutThroughFate"],"picked":"Conclude","floor":5.0},{"not_picked":["Swivel","ClearTheMind"],"picked":"EmptyFist","floor":7.0},{"not_picked":["Prostrate","Collect"],"picked":"DeceiveReality","floor":10.0},{"not_picked":["CrushJoints","FollowUp"],"picked":"Scrawl","floor":11.0},{"not_picked":["CrushJoints","Prostrate"],"picked":"TalkToTheHand","floor":12.0},{"not_picked":["Swivel","Protect"],"picked":"Halt","floor":14.0},{"not_picked":["Unraveling","Adaptation"],"picked":"Brilliance","floor":16.0},{"not_picked":["CleanseEvil+1","Sanctity"],"picked":"Tantrum","floor":18.0},{"not_picked":["Scrawl","JustLucky"],"picked":"TalkToTheHand","floor":20.0},{"not_picked":["Sanctity","Crescendo"],"picked":"TalkToTheHand","floor":21.0},{"not_picked":["Perseverance","PathToVictory"],"picked":"LessonLearned","floor":23.0},{"not_picked":["StepAndStrike+1","Collect","Prostrate"],"picked":"SKIP","floor":27.0},{"not_picked":["WreathOfFlame","ThirdEye"],"picked":"MentalFortress+1","floor":30},{"not_picked":["FlyingSleeves","Halt"],"picked":"ThirdEye+1","floor":31}],"player_experience":494973,"relics_obtained":[{"floor":9.0,"key":"Old Coin"},{"floor":10.0,"key":"Bottled Lightning"},{"floor":12.0,"key":"Centennial Puzzle"},{"floor":23.0,"key":"Vajra"},{"floor":26.0,"key":"Matryoshka"},{"floor":30,"key":"MealTicket"}],"event_choices":[{"cards_removed":["Defend_P"],"damage_healed":0.0,"max_hp_gain":0.0,"max_hp_loss":0.0,"gold_gain":0.0,"event_name":"The Cleric","player_choice":"Card Removal","floor":2.0,"gold_loss":50.0,"damage_taken":0.0},{"cards_removed":["Defend_P"],"damage_healed":0.0,"max_hp_gain":0.0,"max_hp_loss":0.0,"gold_gain":0.0,"event_name":"Living Wall","player_choice":"Forget","floor":3.0,"gold_loss":0.0,"damage_taken":0.0},{"damage_healed":0.0,"max_hp_gain":0.0,"max_hp_loss":0.0,"gold_gain":0.0,"event_name":"Scrap Ooze","player_choice":"Success","floor":4.0,"gold_loss":0.0,"damage_taken":3.0,"relics_obtained":["Boot"]},{"damage_healed":0.0,"max_hp_gain":5.0,"max_hp_loss":0.0,"gold_gain":0.0,"event_name":"Forgotten Altar","player_choice":"Shed Blood","floor":19.0,"gold_loss":0.0,"damage_taken":16.0},{"damage_healed":0.0,"max_hp_gain":0.0,"max_hp_loss":0.0,"gold_gain":0.0,"event_name":"Ghosts","player_choice":"Ignored","floor":22.0,"gold_loss":0.0,"damage_taken":0.0},{"cards_removed":["Defend_P"],"damage_healed":0.0,"max_hp_gain":0.0,"max_hp_loss":0.0,"gold_gain":0.0,"event_name":"Back to Basics","player_choice":"Elegance","floor":24.0,"gold_loss":0.0,"damage_taken":0.0}],"is_beta":true,"boss_relics":[{"not_picked":["Tiny House","Cursed Key"],"picked":"HolyWater"}],"items_purged_floors":[29],"is_endless":false,"potions_floor_spawned":[1,10,11,12,18,23,30],"killed_by":"Automaton","ascension_level":0}