{"gold_per_floor":[112,187,11,11,21,52,17,34,34,59,71,71],"floor_reached":12,"playtime":195,"items_purged":["Strike_B"],"score":220,"play_id":"5afe2f28-db19-421f-92a3-b7050d279530","local_time":"20181101171014","is_ascension_mode":true,"campfire_choices":[],"neow_cost":"NONE","seed_source_timestamp":371467952520870,"circlet_count":0,"master_deck":["AscendersBane","Strike_B","Strike_B","Strike_B","Defend_B","Defend_B","Defend_B","Defend_B","Zap","Dualcast","Defragment","Coolheaded","Ball Lightning","Beam Cell","Hologram","Doom and Gloom","Go for the Eyes"],"special_seed":0,"relics":["Cracked Core","NeowsBlessing","Shuriken","The Courier","Potion Belt"],"potions_floor_usage":[12],"damage_taken":[{"damage":0.0,"enemies":"2 Louse","floor":1.0,"turns":1.0},{"damage":0.0,"enemies":"Small Slimes","floor":5.0,"turns":1.0},{"damage":0.0,"enemies":"3 Sentries","floor":6.0,"turns":1.0},{"damage":4.0,"enemies":"Jaw Worm","floor":8.0,"turns":3.0},{"damage":30.0,"enemies":"Lagavulin","floor":10.0,"turns":4.0},{"damage":17,"enemies":"Exordium Wildlife","floor":11,"turns":4},{"damage":30,"enemies":"Gremlin Nob","floor":12,"turns":3}],"seed_played":"-2823687028377940996","potions_obtained":[{"floor":10.0,"key":"Swift Potion"}],"is_trial":false,"path_per_floor":["M","?","$","?","M","E","?","M","T","E","M","E"],"character_chosen":"DEFECT","items_purchased":["Defragment","Coolheaded"],"campfire_rested":0,"item_purchase_floors":[3,3],"current_hp_per_floor":[64,53,53,53,53,53,70,66,66,36,19,0],"gold":71,"neow_bonus":"THREE_ENEMY_KILL","is_prod":false,"is_daily":false,"chose_seed":false,"campfire_upgraded":0,"win_rate":0,"timestamp":1541088614,"path_taken":["M","?","$","?","M","E","?","M","T","E","M","E"],"build_version":"2018-10-31v2","purchased_purges":1,"victory":false,"max_hp_per_floor":[71,71,71,71,71,71,71,71,71,71,71,71],"card_choices":[{"not_picked":["Go for the Eyes","Turbo","Stack"],"picked":"SKIP","floor":1.0},{"not_picked":["Genetic Algorithm","Cold Snap"],"picked":"Ball Lightning","floor":5.0},{"not_picked":["Blizzard","Rebound"],"picked":"Beam Cell","floor":6.0},{"not_picked":["Double Energy","Redo"],"picked":"Hologram","floor":8.0},{"not_picked":["Reboot","Coolheaded"],"picked":"Doom and Gloom","floor":10.0},{"not_picked":["Leap","Rebound"],"picked":"Go for the Eyes","floor":11}],"player_experience":734174,"relics_obtained":[{"floor":6.0,"key":"Shuriken"},{"floor":9.0,"key":"The Courier"},{"floor":10.0,"key":"Potion Belt"}],"event_choices":[{"damage_healed":0.0,"max_hp_gain":0.0,"max_hp_loss":0.0,"gold_gain":75.0,"event_name":"World of Goop","player_choice":"Gather Gold","floor":2.0,"gold_loss":0.0,"damage_taken":11.0},{"damage_healed":0.0,"max_hp_gain":0.0,"max_hp_loss":0.0,"gold_gain":0.0,"event_name":"Liars Game","player_choice":"Ignored","floor":4.0,"gold_loss":0.0,"damage_taken":0.0},{"damage_healed":17.0,"max_hp_gain":0.0,"max_hp_loss":0.0,"gold_gain":0.0,"event_name":"The Cleric","player_choice":"Healed","floor":7.0,"gold_loss":35.0,"damage_taken":0.0}],"is_beta":true,"boss_relics":[],"items_purged_floors":[3],"is_endless":false,"potions_floor_spawned":[10],"killed_by":"Gremlin Nob","ascension_level":19}