{"gold_per_floor":[109,26,26,17,79,112,112,126,126,126,152,171,187,237,237,237],"floor_reached":16,"playtime":318,"items_purged":[],"score":270,"play_id":"13b3e347-2930-4c32-8e74-2c4a5d918991","local_time":"20190406172718","is_ascension_mode":true,"campfire_choices":[{"data":"Body Slam","floor":7.0,"key":"SMITH"},{"data":"Body Slam","floor":10.0,"key":"SMITH"},{"data":"Heavy Blade","floor":15.0,"key":"SMITH"}],"neow_cost":"NONE","seed_source_timestamp":25005903146623,"circlet_count":0,"master_deck":["AscendersBane","Strike_R","Strike_R","Strike_R","Strike_R","Defend_R","Defend_R","Defend_R","Defend_R","Bash","Whirlwind","Flex","Heavy Blade+1","Armaments","Body Slam+1","Body Slam+1","Dual Wield+1","Sentinel+1"],"special_seed":0,"relics":["Burning Blood","NeowsBlessing","SsserpentHead","Incense Burner","Toxic Egg 2","Prayer Wheel"],"potions_floor_usage":[16,16],"damage_taken":[{"damage":0.0,"enemies":"Jaw Worm","floor":1.0,"turns":1.0},{"damage":0.0,"enemies":"Cultist","floor":5.0,"turns":1.0},{"damage":0.0,"enemies":"3 Sentries","floor":6.0,"turns":2.0},{"damage":10.0,"enemies":"Small Slimes","floor":8.0,"turns":3.0},{"damage":8.0,"enemies":"Gremlin Nob","floor":11.0,"turns":4.0},{"damage":3.0,"enemies":"Blue Slaver","floor":12.0,"turns":3.0},{"damage":9.0,"enemies":"Red Slaver","floor":13.0,"turns":4.0},{"damage":62,"enemies":"Hexaghost","floor":16,"turns":11}],"seed_played":"2300960699288543112","potions_obtained":[{"floor":1.0,"key":"Poison Potion"},{"floor":8.0,"key":"GamblersBrew"},{"floor":12.0,"key":"PowerPotion"}],"is_trial":false,"path_per_floor":["M","$","?","$","M","E","R","M","T","R","E","M","M","?","R","B"],"character_chosen":"IRONCLAD","items_purchased":["Flex","Heavy Blade","Armaments"],"campfire_rested":0,"item_purchase_floors":[2,2,4],"current_hp_per_floor":[74,74,74,74,75,75,75,71,71,71,69,72,69,62,62,0],"gold":237,"neow_bonus":"THREE_ENEMY_KILL","is_prod":false,"is_daily":false,"chose_seed":false,"campfire_upgraded":3,"win_rate":0,"timestamp":1554564438,"path_taken":["M","$","?","?","?","E","R","M","T","R","E","M","M","?","R","BOSS"],"build_version":"2019-01-23","purchased_purges":0,"victory":false,"max_hp_per_floor":[75,75,75,75,75,75,75,75,75,75,75,75,75,75,75,75],"card_choices":[{"not_picked":["Iron Wave","Rupture"],"picked":"Whirlwind","floor":1.0},{"not_picked":["Warcry","Sword Boomerang","Perfected Strike"],"picked":"SKIP","floor":5.0},{"not_picked":["Shrug It Off","Havoc"],"picked":"Body Slam","floor":6.0},{"not_picked":["Dropkick","Pummel"],"picked":"Body Slam","floor":8.0},{"not_picked":["Corruption","Infernal Blade+1"],"picked":"Dual Wield+1","floor":11.0},{"not_picked":["Iron Wave","Cleave","Clothesline"],"picked":"SKIP","floor":12.0},{"not_picked":["Clothesline","Blood for Blood","Exhume+1"],"picked":"SKIP","floor":12.0},{"not_picked":["Warcry+1","Whirlwind"],"picked":"Sentinel+1","floor":13.0},{"not_picked":["Havoc+1","Fire Breathing","Feel No Pain"],"picked":"SKIP","floor":13.0}],"player_experience":822024,"relics_obtained":[{"floor":6.0,"key":"Incense Burner"},{"floor":9.0,"key":"Toxic Egg 2"},{"floor":11.0,"key":"Prayer Wheel"}],"event_choices":[{"damage_healed":0.0,"max_hp_gain":0.0,"max_hp_loss":0.0,"gold_gain":0.0,"event_name":"FaceTrader","player_choice":"Trade","floor":3.0,"gold_loss":0.0,"damage_taken":0.0,"relics_obtained":["SsserpentHead"]},{"cards_removed":["Strike_R"],"damage_healed":0.0,"max_hp_gain":0.0,"max_hp_loss":0.0,"gold_gain":0.0,"event_name":"Golden Wing","player_choice":"Card Removal","floor":14.0,"gold_loss":0.0,"damage_taken":7.0}],"is_beta":false,"boss_relics":[],"items_purged_floors":[],"is_endless":false,"potions_floor_spawned":[1,8,12],"killed_by":"Hexaghost","ascension_level":20}