{"gold_per_floor":[116,116,116,132,33,72,72,110,110,133,151,151,151,151,151,272,272,287,136,161,184,184,184,205,205,259,259,284,44,65,65,65,166,166,176,176,76,176,176,176,211,231,258,258,270,288,288,298,298,298],"floor_reached":51,"playtime":2735,"items_purged":["Injury","Strike_B"],"score":973,"play_id":"81790032-a2d1-4312-8089-c85dd4acb9f4","local_time":"20181030145145","is_ascension_mode":true,"campfire_choices":[{"data":"Zap","floor":7.0,"key":"SMITH"},{"data":"Dualcast","floor":12.0,"key":"SMITH"},{"data":"Defragment","floor":15.0,"key":"SMITH"},{"data":"Defragment","floor":23.0,"key":"SMITH"},{"data":"Coolheaded","floor":25.0,"key":"SMITH"},{"data":"Coolheaded","floor":32.0,"key":"SMITH"},{"data":"1","floor":40,"key":"LIFT"},{"data":"2","floor":44,"key":"LIFT"},{"data":"Apotheosis","floor":49,"key":"SMITH"}],"neow_cost":"NONE","seed_source_timestamp":10667756136576,"circlet_count":0,"master_deck":["Strike_B","Strike_B","Strike_B","Defend_B","Defend_B","Defend_B","Zap+1","Dualcast+1","Blizzard","Coolheaded+1","Defragment+1","Coolheaded+1","Blizzard","Cold Snap","Conserve Battery","Capacitor","Defragment+1","Conserve Battery","Barrage","Coolheaded","Glacier","Glacier","Apotheosis+1","Coolheaded+1","Hologram+1","Leap+1"],"special_seed":0,"relics":["Cracked Core","NeowsBlessing","Bloody Idol","Kunai","Omamori","Boot","Bag of Marbles","Bottled Lightning","White Beast Statue","Ancient Tea Set","Question Card","Runic Capacitor","Lizard Tail","Girya","Regal Pillow","Potion Belt"],"potions_floor_usage":[38,38,42,47,50,50,50,50],"damage_taken":[{"damage":0.0,"enemies":"2 Louse","floor":1.0,"turns":1.0},{"damage":0.0,"enemies":"Jaw Worm","floor":4.0,"turns":1.0},{"damage":0.0,"enemies":"Lagavulin","floor":6.0,"turns":2.0},{"damage":21.0,"enemies":"Gremlin Nob","floor":8.0,"turns":5.0},{"damage":0.0,"enemies":"Small Slimes","floor":11.0,"turns":2.0},{"damage":12.0,"enemies":"Hexaghost","floor":16.0,"turns":14.0},{"damage":4.0,"enemies":"Spheric Guardian","floor":18.0,"turns":6.0},{"damage":6.0,"enemies":"Chosen","floor":20.0,"turns":6.0},{"damage":10.0,"enemies":"Centurion and Healer","floor":21.0,"turns":6.0},{"damage":22.0,"enemies":"Snake Plant","floor":24.0,"turns":5.0},{"damage":0.0,"enemies":"Chosen and Byrds","floor":28.0,"turns":8.0},{"damage":4.0,"enemies":"Cultist and Chosen","floor":30.0,"turns":8.0},{"damage":4.0,"enemies":"Automaton","floor":33.0,"turns":9.0},{"damage":20,"enemies":"3 Darklings","floor":35,"turns":7},{"damage":3,"enemies":"Mind Bloom Boss Battle","floor":38,"turns":8},{"damage":21,"enemies":"Nemesis","floor":41,"turns":7},{"damage":9,"enemies":"3 Shapes","floor":42,"turns":6},{"damage":5,"enemies":"Transient","floor":45,"turns":5},{"damage":12,"enemies":"4 Shapes","floor":46,"turns":14},{"damage":0,"enemies":"Sphere and 2 Shapes","floor":47,"turns":1},{"damage":8,"enemies":"Spire Growth","floor":48,"turns":7},{"damage":0,"enemies":"Awakened One","floor":50,"turns":13}],"seed_played":"1707120947538768840","potions_obtained":[{"floor":1.0,"key":"Ancient Potion"},{"floor":6.0,"key":"Energy Potion"},{"floor":8.0,"key":"GamblersBrew"},{"floor":18.0,"key":"PowerPotion"},{"floor":20.0,"key":"Regen Potion"},{"floor":21.0,"key":"SkillPotion"},{"floor":24.0,"key":"Block Potion"},{"floor":28.0,"key":"PowerPotion"},{"floor":30.0,"key":"Regen Potion"},{"floor":33.0,"key":"LiquidBronze"},{"floor":35,"key":"LiquidBronze"},{"floor":36,"key":"AttackPotion"},{"floor":36,"key":"FocusPotion"},{"floor":38,"key":"SpeedPotion"},{"floor":41,"key":"Block Potion"},{"floor":42,"key":"Strength Potion"},{"floor":45,"key":"FocusPotion"},{"floor":46,"key":"SmokeBomb"},{"floor":48,"key":"EssenceOfSteel"}],"is_trial":false,"path_per_floor":["M","?","?","M","$","E","R","E","T","T","M","R","T","?","R","B",null,"M","$","M","M","?","R","M","R","T","T","M","$","M","?","R","B",null,"M","?","$","?","?","R","E","M","T","R","M","M","M","M","R","B"],"character_chosen":"DEFECT","items_purchased":["Defragment","Coolheaded","Defragment","Glacier","Runic Capacitor"],"campfire_rested":0,"item_purchase_floors":[5,5,19,29,29],"current_hp_per_floor":[68,61,61,61,61,61,61,40,40,40,40,40,40,45,45,33,68,64,64,58,63,63,63,41,41,41,41,41,41,37,37,37,38,70,55,55,55,72,72,72,56,52,57,57,57,50,50,47,47,47],"gold":298,"neow_bonus":"THREE_ENEMY_KILL","is_prod":false,"is_daily":false,"chose_seed":false,"campfire_upgraded":7,"win_rate":0,"timestamp":1540882305,"path_taken":["M","?","?","M","$","E","R","E","T","?","?","R","?","?","R","BOSS","M","$","M","M","?","R","M","R","T","?","M","$","?","?","R","BOSS","M","?","$","?","?","R","E","M","T","R","M","M","?","M","R","BOSS"],"build_version":"2018-10-25v2","purchased_purges":2,"victory":true,"max_hp_per_floor":[75,75,75,75,75,75,75,75,75,75,75,75,75,80,80,80,80,80,80,80,80,80,80,80,80,80,80,80,80,80,80,80,80,80,80,80,80,80,80,80,80,80,80,80,80,80,80,80,80,80],"card_choices":[{"not_picked":["Streamline","Conserve Battery"],"picked":"Blizzard","floor":1.0},{"not_picked":["Hologram","Consume"],"picked":"Coolheaded","floor":4.0},{"not_picked":["Conserve Battery","Rebound"],"picked":"Blizzard","floor":6.0},{"not_picked":["Sunder","Hologram"],"picked":"Cold Snap","floor":8.0},{"not_picked":["Fusion","BootSequence"],"picked":"Conserve Battery","floor":11.0},{"not_picked":["Darkness+1","Go for the Eyes"],"picked":"Capacitor","floor":18.0},{"not_picked":["Steam","Hologram+1"],"picked":"Conserve Battery","floor":20.0},{"not_picked":["Streamline","Conserve Battery+1"],"picked":"Barrage","floor":21.0},{"not_picked":["Echo Form","Go for the Eyes","Hologram"],"picked":"SKIP","floor":24.0},{"not_picked":["Conserve Battery","Cold Snap","Sweeping Beam"],"picked":"Coolheaded","floor":28.0},{"not_picked":["Steam+1","Static Discharge","Melter+1","Reprogram"],"picked":"SKIP","floor":30.0},{"not_picked":["BootSequence","Turbo","Ball Lightning","Leap"],"picked":"SKIP","floor":35},{"not_picked":["Consume","Gash","Barrage+1"],"picked":"Glacier","floor":38},{"not_picked":["Finesse","Swift Strike","Forethought"],"picked":"Apotheosis","floor":39},{"not_picked":["Melter","Go for the Eyes+1","Heatsinks+1","BootSequence+1"],"picked":"SKIP","floor":41},{"not_picked":["Leap","Compile Driver+1","Conserve Battery+1"],"picked":"Coolheaded+1","floor":42},{"not_picked":["Reinforced Body+1","Consume","Doom and Gloom+1"],"picked":"Hologram+1","floor":45},{"not_picked":["Stack","BootSequence","Streamline+1"],"picked":"Leap+1","floor":46},{"not_picked":["Stack+1","Fission","Coolheaded","Static Discharge+1"],"picked":"SKIP","floor":48}],"player_experience":379335,"relics_obtained":[{"floor":6.0,"key":"Kunai"},{"floor":8.0,"key":"Omamori"},{"floor":9.0,"key":"Boot"},{"floor":10.0,"key":"Bag of Marbles"},{"floor":13.0,"key":"Bottled Lightning"},{"floor":26.0,"key":"Ancient Tea Set"},{"floor":27.0,"key":"Question Card"},{"floor":38,"key":"Girya"},{"floor":41,"key":"Regal Pillow"},{"floor":43,"key":"Potion Belt"}],"event_choices":[{"cards_removed":["Defend_B"],"damage_healed":0.0,"max_hp_gain":0.0,"max_hp_loss":0.0,"gold_gain":0.0,"event_name":"Golden Wing","player_choice":"Card Removal","floor":2.0,"gold_loss":0.0,"damage_taken":7.0},{"damage_healed":0.0,"max_hp_gain":0.0,"max_hp_loss":0.0,"gold_gain":0.0,"event_name":"Golden Idol","player_choice":"Take Wound","floor":3.0,"gold_loss":0.0,"damage_taken":0.0,"relics_obtained":["Golden Idol"],"cards_obtained":["Injury"]},{"damage_healed":0.0,"max_hp_gain":5.0,"max_hp_loss":0.0,"gold_gain":0.0,"event_name":"Big Fish","player_choice":"Donut","floor":14.0,"gold_loss":0.0,"damage_taken":0.0},{"damage_healed":0.0,"max_hp_gain":0.0,"max_hp_loss":0.0,"gold_gain":0.0,"event_name":"Ghosts","player_choice":"Ignored","floor":22.0,"gold_loss":0.0,"damage_taken":0.0},{"damage_healed":0.0,"max_hp_gain":0.0,"max_hp_loss":0.0,"gold_gain":0.0,"event_name":"Forgotten Altar","player_choice":"Gave Idol","floor":31.0,"relics_lost":["Golden Idol"],"gold_loss":0.0,"damage_taken":0.0,"relics_obtained":["Bloody Idol"]},{"damage_healed":0,"gold_gain":0,"player_choice":"Got Potions","damage_taken":0,"max_hp_gain":0,"max_hp_loss":0,"event_name":"The Lab","floor":36,"gold_loss":0},{"damage_healed":0,"gold_gain":0,"player_choice":"Fight","damage_taken":0,"max_hp_gain":0,"max_hp_loss":0,"event_name":"MindBloom","floor":38,"gold_loss":0},{"damage_healed":0,"gold_gain":0,"player_choice":"Memory 1","damage_taken":0,"max_hp_gain":0,"max_hp_loss":0,"event_name":"SensoryStone","floor":39,"gold_loss":0}],"is_beta":false,"boss_relics":[{"not_picked":["Fusion Hammer","Orrery"],"picked":"White Beast Statue"},{"not_picked":["Runic Pyramid","Snecko Eye"],"picked":"Lizard Tail"}],"items_purged_floors":[19,37],"is_endless":false,"potions_floor_spawned":[1,6,8,18,20,21,24,28,30,33,35,38,41,42,45,46,47,48],"ascension_level":6}