{"gold_per_floor":[111,127,24,24,35,63,135,163,186,186,203,203,5,23,23,100,100,117,128,308,328,243,243,20,20,20,20],"floor_reached":27,"playtime":574,"items_purged":["Strike_B","Strike_B"],"score":442,"play_id":"a0752ea9-f3bb-421e-a641-c9791904e075","local_time":"20190408160042","is_ascension_mode":true,"campfire_choices":[{"floor":15,"key":"REST"},{"floor":23,"key":"REST"}],"neow_cost":"NONE","seed_source_timestamp":192391566035193,"circlet_count":0,"master_deck":["AscendersBane","Strike_B","Strike_B","Defend_B","Defend_B","Defend_B","Defend_B","Zap","Dualcast","Streamline+1","Coolheaded","Coolheaded","Defragment","Storm","Conserve Battery","Capacitor","Echo Form","Fusion+1","Zap"],"relics":["Cracked Core","Anchor","Orichalcum","Bag of Marbles","Pen Nib","Mercury Hourglass","Girya","Busted Crown","The Courier","Matryoshka","Art of War","Nunchaku"],"potions_floor_usage":[6,21,27],"damage_taken":[{"damage":2,"enemies":"Cultist","floor":1,"turns":4},{"damage":10,"enemies":"Small Slimes","floor":2,"turns":3},{"damage":0,"enemies":"Jaw Worm","floor":5,"turns":2},{"damage":23,"enemies":"3 Sentries","floor":6,"turns":10},{"damage":17,"enemies":"Lagavulin","floor":8,"turns":5},{"damage":0,"enemies":"Looter","floor":11,"turns":2},{"damage":2,"enemies":"3 Louse","floor":14,"turns":2},{"damage":16,"enemies":"Slime Boss","floor":16,"turns":9},{"damage":0,"enemies":"Chosen","floor":18,"turns":3},{"damage":12,"enemies":"Spheric Guardian","floor":19,"turns":4},{"damage":26,"enemies":"Snecko","floor":21,"turns":5},{"damage":4,"enemies":"Book of Stabbing","floor":27,"turns":2}],"seed_played":"473387866230765479","potions_obtained":[{"floor":2,"key":"Regen Potion"},{"floor":8,"key":"GamblersBrew"},{"floor":16,"key":"SkillPotion"},{"floor":18,"key":"LiquidBronze"}],"is_trial":false,"path_per_floor":["M","M","$","?","M","E","?","E","T","T","M","?","$","M","R","B",null,"M","M","?","M","?","R","$","?","T","E"],"character_chosen":"DEFECT","items_purchased":["Coolheaded","Storm","Conserve Battery","Matryoshka"],"campfire_rested":2,"item_purchase_floors":[3,13,13,24],"current_hp_per_floor":[62,52,52,52,52,44,44,27,27,27,27,27,27,25,46,30,61,61,49,28,2,2,23,23,23,23,19],"gold":20,"neow_bonus":"RANDOM_COMMON_RELIC","is_prod":false,"is_daily":false,"chose_seed":false,"campfire_upgraded":0,"win_rate":0,"timestamp":1554732042,"path_taken":["M","M","?","?","M","E","?","E","T","?","M","?","$","M","R","BOSS","M","?","?","?","?","R","$","?","T","E"],"build_version":"2019-01-23","purchased_purges":2,"victory":false,"max_hp_per_floor":[71,71,71,71,71,71,71,71,71,71,71,71,71,71,71,71,71,71,71,71,71,71,71,71,71,71,71],"card_choices":[{"not_picked":["Stack","Chaos"],"picked":"Streamline","floor":1},{"not_picked":["Double Energy","Redo"],"picked":"Coolheaded","floor":2},{"not_picked":["Turbo","Cold Snap","Barrage"],"picked":"SKIP","floor":5},{"not_picked":["Force Field","Storm"],"picked":"Defragment","floor":6},{"not_picked":["Cold Snap","Stack","Rebound"],"picked":"SKIP","floor":8},{"not_picked":["FTL","Turbo","Cold Snap"],"picked":"SKIP","floor":11},{"not_picked":["Aggregate","Heatsinks"],"picked":"Capacitor","floor":14},{"not_picked":["Reboot","All For One"],"picked":"Echo Form","floor":16},{"not_picked":["Leap"],"picked":"SKIP","floor":18},{"not_picked":["Lockon"],"picked":"SKIP","floor":19},{"not_picked":[],"picked":"Fusion+1","floor":21}],"player_experience":825807,"relics_obtained":[{"floor":6,"key":"Orichalcum"},{"floor":8,"key":"Bag of Marbles"},{"floor":9,"key":"Pen Nib"},{"floor":10,"key":"Mercury Hourglass"},{"floor":26,"key":"Art of War"},{"floor":26,"key":"Nunchaku"}],"event_choices":[{"damage_healed":0,"gold_gain":0,"player_choice":"Grow","damage_taken":0,"max_hp_gain":0,"max_hp_loss":0,"event_name":"Living Wall","floor":4,"gold_loss":0,"cards_upgraded":["Streamline"]},{"damage_healed":0,"gold_gain":72,"player_choice":"Gained Gold","damage_taken":0,"max_hp_gain":0,"max_hp_loss":0,"event_name":"Golden Wing","floor":7,"gold_loss":0},{"damage_healed":0,"gold_gain":0,"player_choice":"Gave Potion","damage_taken":0,"relics_obtained":["Girya"],"max_hp_gain":0,"max_hp_loss":0,"event_name":"WeMeetAgain","floor":12,"gold_loss":0},{"damage_healed":0,"gold_gain":180,"player_choice":"GOLD GOLD ","damage_taken":21,"max_hp_gain":0,"max_hp_loss":0,"event_name":"Knowing Skull","floor":20,"potions_obtained":[],"gold_loss":0,"cards_obtained":[]},{"damage_healed":0,"gold_gain":0,"player_choice":"Obtained Relic","damage_taken":0,"relics_obtained":["The Courier"],"max_hp_gain":0,"max_hp_loss":0,"event_name":"Addict","floor":22,"gold_loss":85},{"damage_healed":0,"gold_gain":0,"player_choice":"1 cards matched","damage_taken":0,"max_hp_gain":0,"max_hp_loss":0,"event_name":"Match and Keep!","floor":25,"gold_loss":0,"cards_obtained":["Zap"]}],"is_beta":false,"boss_relics":[{"not_picked":["Runic Pyramid","Eternal Feather"],"picked":"Busted Crown"}],"items_purged_floors":[3,13],"is_endless":false,"potions_floor_spawned":[2,8,16,18,19],"killed_by":"Book of Stabbing","ascension_level":20}