{"gold_per_floor":[116,191,191,204,49,61,61,78,102,118,38,38,49,68,68,168,168,180,80,80],"floor_reached":20,"playtime":964,"items_purged":["Defend_G","Strike_G"],"score":281,"play_id":"61ac53a1-1a01-4d47-9c6c-b57a517a26be","local_time":"20181028231321","is_ascension_mode":true,"campfire_choices":[{"data":"Neutralize","floor":7.0,"key":"SMITH"},{"data":"Calculated Gamble","floor":12.0,"key":"SMITH"},{"data":"Prepared","floor":15.0,"key":"SMITH"}],"neow_cost":"NONE","seed_source_timestamp":13540007069823,"circlet_count":0,"master_deck":["Defend_G","Defend_G","Defend_G","Defend_G","Strike_G+1","Strike_G+1","Strike_G+1","Strike_G+1","Survivor","Neutralize+1","Predator","Backflip","Tactician","Reflex","Flying Knee","Prepared+1","Calculated Gamble+1","Dash","Storm of Steel"],"special_seed":0,"relics":["Ring of the Snake","NeowsBlessing","Whetstone","Runic Dome"],"potions_floor_usage":[20],"damage_taken":[{"damage":0.0,"enemies":"2 Louse","floor":1.0,"turns":1.0},{"damage":0.0,"enemies":"Small Slimes","floor":4.0,"turns":1.0},{"damage":0.0,"enemies":"Jaw Worm","floor":6.0,"turns":1.0},{"damage":1.0,"enemies":"Blue Slaver","floor":8.0,"turns":5.0},{"damage":2.0,"enemies":"Exordium Wildlife","floor":10.0,"turns":5.0},{"damage":13.0,"enemies":"Lots of Slimes","floor":13.0,"turns":4.0},{"damage":0.0,"enemies":"2 Fungi Beasts","floor":14.0,"turns":4.0},{"damage":0.0,"enemies":"Slime Boss","floor":16.0,"turns":6.0},{"damage":1.0,"enemies":"Spheric Guardian","floor":18.0,"turns":3.0},{"damage":22,"enemies":"Colosseum Slavers","floor":20,"turns":4},{"damage":45,"enemies":"Colosseum Nobs","floor":20,"turns":4}],"seed_played":"4855669902427983553","potions_obtained":[{"floor":8.0,"key":"FearPotion"},{"floor":10.0,"key":"Poison Potion"}],"is_trial":false,"path_per_floor":["M","?","?","M","$","M","R","M","T","M","$","R","M","M","R","B",null,"M","$"],"character_chosen":"THE_SILENT","items_purchased":["Tactician","Calculated Gamble"],"campfire_rested":0,"item_purchase_floors":[5,11],"current_hp_per_floor":[63,52,38,38,38,38,38,37,37,35,35,35,22,22,22,22,58,57,57,0],"gold":80,"neow_bonus":"THREE_ENEMY_KILL","is_prod":false,"is_daily":false,"chose_seed":false,"campfire_upgraded":3,"win_rate":0,"timestamp":1540739601,"path_taken":["M","?","?","M","?","?","R","M","T","M","?","R","M","M","R","BOSS","M","$","?"],"build_version":"2018-10-25v2","purchased_purges":2,"victory":false,"max_hp_per_floor":[70,70,70,70,70,70,70,70,70,70,70,70,70,70,70,70,70,70,70,70],"card_choices":[{"not_picked":["Bane","Prepared"],"picked":"Predator","floor":1.0},{"not_picked":["Bouncing Flask","PiercingWail"],"picked":"Backflip","floor":4.0},{"not_picked":["Crippling Poison","Outmaneuver"],"picked":"Reflex","floor":6.0},{"not_picked":["Catalyst","Poisoned Stab"],"picked":"Flying Knee","floor":8.0},{"not_picked":["Outmaneuver","Bane"],"picked":"Prepared","floor":10.0},{"not_picked":["Slice","PiercingWail"],"picked":"Dash","floor":13.0},{"not_picked":["Skewer","Backflip","Acrobatics"],"picked":"SKIP","floor":14.0},{"not_picked":["Phantasmal Killer","Die Die Die"],"picked":"Storm of Steel","floor":16.0},{"not_picked":["Setup","Noxious Fumes","All Out Attack"],"picked":"SKIP","floor":18.0}],"player_experience":368018,"relics_obtained":[{"floor":9.0,"key":"Whetstone"}],"event_choices":[{"damage_healed":0.0,"max_hp_gain":0.0,"max_hp_loss":0.0,"gold_gain":75.0,"event_name":"World of Goop","player_choice":"Gather Gold","floor":2.0,"gold_loss":0.0,"damage_taken":11.0},{"damage_healed":0.0,"max_hp_gain":0.0,"max_hp_loss":0.0,"gold_gain":0.0,"event_name":"Shining Light","player_choice":"Entered Light","floor":3.0,"gold_loss":0.0,"damage_taken":14.0,"cards_upgraded":["Strike_G","Strike_G"]},{"damage_healed":0,"gold_gain":0,"player_choice":"Fight","damage_taken":0,"max_hp_gain":0,"max_hp_loss":0,"event_name":"Colosseum","floor":20,"gold_loss":0},{"damage_healed":0,"gold_gain":0,"player_choice":"Fought Nobs","damage_taken":0,"max_hp_gain":0,"max_hp_loss":0,"event_name":"Colosseum","floor":20,"gold_loss":0}],"is_beta":false,"boss_relics":[{"not_picked":["Astrolabe","Velvet Choker"],"picked":"Runic Dome"}],"items_purged_floors":[5,19],"is_endless":false,"potions_floor_spawned":[8,10,20],"killed_by":"Colosseum Nobs","ascension_level":6}