{"gold_per_floor":[10,30,43,53,70,70,70,70,70,101,101,133,149,165,165,240,240,257,276,276,127,145,145,158,184,207,242,255,275,275,286,286,359,359,370,718,718,355,372,372,403,403,403,106,106,125,125,48,48,48,48,48,23,23],"floor_reached":54,"playtime":3343,"items_purged":["Strike_G+1","Strike_G+1","Parasite"],"score":1598,"play_id":"313abb6e-6b04-4d2c-a4d7-1df381a8ffe9","local_time":"20181113142616","is_ascension_mode":true,"campfire_choices":[{"data":"Bouncing Flask","floor":6.0,"key":"SMITH"},{"data":"Catalyst","floor":8.0,"key":"SMITH"},{"data":"Dodge and Roll","floor":11.0,"key":"SMITH"},{"floor":15.0,"key":"REST"},{"data":"Footwork","floor":23.0,"key":"SMITH"},{"data":"Backflip","floor":32.0,"key":"SMITH"},{"data":"Survivor","floor":40.0,"key":"SMITH"},{"floor":42.0,"key":"REST"},{"data":"Master of Strategy","floor":45.0,"key":"SMITH"},{"floor":49.0,"key":"RECALL"},{"data":"Neutralize","floor":52.0,"key":"SMITH"}],"neow_cost":"NO_GOLD","seed_source_timestamp":96019240417234,"circlet_count":0,"master_deck":["AscendersBane","Defend_G+1","Defend_G+1","Defend_G+1","Defend_G+1","Defend_G+1","Strike_G+1","Strike_G+1","Survivor+1","Neutralize+1","Master of Strategy+1","Panacea+1","Catalyst+1","Dodge and Roll+1","Backflip+1","Bouncing Flask+1","Crippling Poison+1","Backflip+1","Deadly Poison+1","Adrenaline+1","Backflip+1","Backflip+1","Footwork+1","Blur+1","Blur+1","Malaise+1","Crippling Poison+1","Bandage Up+1","Bouncing Flask+1","Blur+1","Bouncing Flask+1","Die Die Die","Bouncing Flask+1","Deadly Poison+1"],"special_seed":0,"relics":["Ring of the Snake","Toxic Egg 2","Juzu Bracelet","Thread and Needle","HoveringKite","Dream Catcher","Regal Pillow","Orichalcum","Cursed Key","Old Coin","Bag of Preparation","Question Card","Omamori"],"potions_floor_usage":[],"damage_taken":[{"damage":1.0,"enemies":"Cultist","floor":1.0,"turns":5.0},{"damage":4.0,"enemies":"Jaw Worm","floor":2.0,"turns":4.0},{"damage":0.0,"enemies":"2 Louse","floor":3.0,"turns":5.0},{"damage":0.0,"enemies":"Looter","floor":4.0,"turns":4.0},{"damage":7.0,"enemies":"Exordium Wildlife","floor":5.0,"turns":7.0},{"damage":4.0,"enemies":"Gremlin Nob","floor":10.0,"turns":3.0},{"damage":29.0,"enemies":"3 Sentries","floor":12.0,"turns":14.0},{"damage":5.0,"enemies":"Gremlin Gang","floor":13.0,"turns":4.0},{"damage":0.0,"enemies":"Red Slaver","floor":14.0,"turns":4.0},{"damage":12.0,"enemies":"Slime Boss","floor":16.0,"turns":8.0},{"damage":0.0,"enemies":"Chosen","floor":18.0,"turns":2.0},{"damage":0.0,"enemies":"3 Byrds","floor":19.0,"turns":4.0},{"damage":0.0,"enemies":"Snake Plant","floor":22.0,"turns":4.0},{"damage":0.0,"enemies":"Centurion and Healer","floor":24.0,"turns":7.0},{"damage":5.0,"enemies":"Book of Stabbing","floor":25.0,"turns":5.0},{"damage":7.0,"enemies":"Slavers","floor":27.0,"turns":6.0},{"damage":0.0,"enemies":"Snecko","floor":28.0,"turns":5.0},{"damage":0.0,"enemies":"Sentry and Sphere","floor":29.0,"turns":7.0},{"damage":0.0,"enemies":"Centurion and Healer","floor":31.0,"turns":7.0},{"damage":0.0,"enemies":"Automaton","floor":33.0,"turns":10.0},{"damage":0.0,"enemies":"3 Shapes","floor":35.0,"turns":9.0},{"damage":20.0,"enemies":"2 Orb Walkers","floor":36.0,"turns":6.0},{"damage":0.0,"enemies":"Orb Walker","floor":39.0,"turns":3.0},{"damage":0.0,"enemies":"Giant Head","floor":41.0,"turns":6.0},{"damage":0.0,"enemies":"3 Darklings","floor":46.0,"turns":5.0},{"damage":3.0,"enemies":"Awakened One","floor":50.0,"turns":18.0},{"damage":63,"enemies":"Shield and Spear","floor":54,"turns":5}],"seed_played":"7333863921834595639","potions_obtained":[{"floor":2.0,"key":"Block Potion"},{"floor":3.0,"key":"Fire Potion"},{"floor":4.0,"key":"Energy Potion"},{"floor":10.0,"key":"GhostInAJar"},{"floor":14.0,"key":"SpeedPotion"},{"floor":33.0,"key":"FearPotion"},{"floor":35.0,"key":"Swift Potion"},{"floor":41.0,"key":"GhostInAJar"}],"is_trial":false,"path_per_floor":["M","M","M","M","M","R","$","R","T","E","R","E","M","M","R","B",null,"M","M","?","$","M","R","M","E","T","E","M","M","?","M","R","B",null,"M","?","?","$","M","R","E","R","T","$","R","M","?","$","R","B",null,"R","$","E"],"character_chosen":"THE_SILENT","items_purchased":["Footwork","Bag of Preparation","Bandage Up+1","Omamori","Bouncing Flask+1","Deadly Poison+1"],"campfire_rested":2,"item_purchase_floors":[21,38,38,44,48,53],"current_hp_per_floor":[58,54,54,54,47,47,47,47,47,43,43,14,9,9,28,16,54,54,54,54,54,54,54,54,49,49,42,42,42,42,42,42,42,60,60,40,40,40,46,46,52,66,66,63,63,63,63,63,63,63,63,63,63,0],"gold":23,"neow_bonus":"RANDOM_COLORLESS_2","is_prod":false,"is_daily":false,"chose_seed":false,"campfire_upgraded":8,"win_rate":0,"timestamp":1542115576,"path_taken":["M","M","M","?","M","R","$","R","T","E","R","E","M","M","R","BOSS","M","M","?","$","M","R","M","E","T","E","M","M","?","M","R","BOSS","M","?","?","$","M","R","E","R","T","$","R","M","?","?","R","BOSS","R","$","E"],"build_version":"2018-11-12","purchased_purges":3,"victory":false,"max_hp_per_floor":[66,66,66,66,66,66,66,66,66,66,66,66,66,66,66,66,66,66,66,66,66,66,66,66,66,66,66,66,66,66,66,66,66,66,66,66,66,66,66,66,66,66,66,63,63,63,63,63,63,63,63,63,63,63],"card_choices":[{"not_picked":["Flying Knee","Accuracy"],"picked":"Catalyst","floor":1.0},{"not_picked":["Concentrate","Quick Slash"],"picked":"Dodge and Roll","floor":2.0},{"not_picked":["Underhanded Strike","Sucker Punch","Prepared"],"picked":"SKIP","floor":3.0},{"not_picked":["Prepared","Dodge and Roll"],"picked":"Backflip","floor":4.0},{"not_picked":["Die Die Die","Dagger Spray"],"picked":"Bouncing Flask","floor":5.0},{"not_picked":["Quick Slash","Acrobatics+1"],"picked":"Crippling Poison+1","floor":10.0},{"not_picked":["Sucker Punch","Unload"],"picked":"Backflip+1","floor":12.0},{"not_picked":["Outmaneuver+1","Reflex+1","Cloak And Dagger+1"],"picked":"SKIP","floor":13.0},{"not_picked":["Crippling Poison+1","Dagger Spray"],"picked":"Deadly Poison+1","floor":14.0},{"not_picked":["Storm of Steel+1","Grand Finale"],"picked":"Adrenaline+1","floor":16.0},{"not_picked":["PiercingWail+1","Underhanded Strike+1"],"picked":"Backflip+1","floor":18.0},{"not_picked":["Slice","Dagger Spray"],"picked":"Backflip+1","floor":19.0},{"not_picked":["Outmaneuver+1","Expertise+1","Setup+1"],"picked":"SKIP","floor":22.0},{"not_picked":["Acrobatics+1","Cloak And Dagger+1","Bane"],"picked":"SKIP","floor":24.0},{"not_picked":["Backstab","Slice"],"picked":"Blur+1","floor":25.0},{"not_picked":["Backstab","Eviscerate","Riddle With Holes"],"picked":"SKIP","floor":27.0},{"not_picked":["Sucker Punch","Night Terror+1"],"picked":"Blur+1","floor":28.0},{"not_picked":["Choke","Outmaneuver+1","All Out Attack"],"picked":"SKIP","floor":29.0},{"not_picked":["Underhanded Strike","Dagger Spray","Distraction+1"],"picked":"SKIP","floor":31.0},{"not_picked":["Envenom","Grand Finale"],"picked":"Malaise+1","floor":33.0},{"not_picked":["Calculated Gamble+1","Underhanded Strike+1","Poisoned Stab+1"],"picked":"SKIP","floor":35.0},{"not_picked":["Dodge and Roll+1","Cloak And Dagger+1"],"picked":"Crippling Poison+1","floor":36.0},{"not_picked":["Cloak And Dagger+1","Calculated Gamble+1"],"picked":"Bouncing Flask+1","floor":39.0},{"not_picked":["Escape Plan+1","Reflex+1","Heel Hook"],"picked":"SKIP","floor":41.0},{"not_picked":["Outmaneuver+1","Acrobatics+1","Tools of the Trade"],"picked":"Blur+1","floor":42.0},{"not_picked":["Blade Dance+1","Terror+1","Leg Sweep+1"],"picked":"Bouncing Flask+1","floor":46.0}],"player_experience":761981,"relics_obtained":[{"floor":9.0,"key":"Toxic Egg 2"},{"floor":10.0,"key":"Juzu Bracelet"},{"floor":12.0,"key":"Thread and Needle"},{"floor":25.0,"key":"Dream Catcher"},{"floor":26.0,"key":"Regal Pillow"},{"floor":27.0,"key":"Orichalcum"},{"floor":36.0,"key":"Old Coin"},{"floor":41.0,"key":"Question Card"}],"event_choices":[{"damage_healed":0.0,"max_hp_gain":0.0,"max_hp_loss":0.0,"gold_gain":0.0,"event_name":"Back to Basics","player_choice":"Simplicity","floor":20.0,"gold_loss":0.0,"damage_taken":0.0,"cards_upgraded":["Defend_G","Defend_G","Defend_G","Defend_G","Defend_G","Strike_G","Strike_G","Strike_G","Strike_G","Strike_G"]},{"damage_healed":0.0,"max_hp_gain":0.0,"max_hp_loss":0.0,"gold_gain":0.0,"event_name":"Vampires","player_choice":"Ignored","floor":30.0,"gold_loss":0.0,"damage_taken":0.0},{"damage_healed":0.0,"max_hp_gain":0.0,"max_hp_loss":0.0,"gold_gain":0.0,"event_name":"Mysterious Sphere","player_choice":"Fight","floor":36.0,"gold_loss":0.0,"damage_taken":0.0},{"damage_healed":0.0,"max_hp_gain":0.0,"max_hp_loss":0.0,"gold_gain":0.0,"event_name":"Accursed Blacksmith","player_choice":"Forge","floor":37.0,"gold_loss":0.0,"damage_taken":0.0,"cards_upgraded":["Panacea"]},{"damage_healed":0.0,"max_hp_gain":0.0,"max_hp_loss":0.0,"gold_gain":0.0,"cards_transformed":["Strike_G"],"event_name":"Transmorgrifier","player_choice":"Transformed","floor":47.0,"gold_loss":0.0,"damage_taken":0.0,"cards_obtained":["Die Die Die"]}],"is_beta":true,"boss_relics":[{"not_picked":["Astrolabe","Runic Dome"],"picked":"HoveringKite"},{"not_picked":["Orrery","Eternal Feather"],"picked":"Cursed Key"}],"items_purged_floors":[21,38,44],"is_endless":false,"potions_floor_spawned":[2,3,4,10,14,24,31,33,35,41,46],"killed_by":"Shield and Spear","ascension_level":19}