{"gold_per_floor":[119,119,132,151,57,86,86,150,162,193,258,288,311,342,354,366],"floor_reached":16,"playtime":311,"items_purged":[],"score":208,"play_id":"bbe6a98f-6b7c-45b0-a9bc-511517153f07","local_time":"20190504010530","is_ascension_mode":true,"campfire_choices":[{"data":"Heavy Blade","floor":7.0,"key":"SMITH"},{"floor":15,"key":"REST"}],"neow_cost":"NONE","seed_source_timestamp":223406296291789,"circlet_count":0,"master_deck":["AscendersBane","Strike_R","Strike_R","Strike_R","Strike_R","Strike_R","Defend_R","Defend_R","Defend_R","Defend_R","Bash","Flex+1","Pommel Strike","Spot Weakness","Heavy Blade+1","Immolate","Double Tap","Reaper"],"special_seed":0,"relics":["Burning Blood","NeowsBlessing","Nunchaku","MawBank","Calipers"],"potions_floor_usage":[14,14,16],"damage_taken":[{"damage":0.0,"enemies":"2 Louse","floor":1.0,"turns":1.0},{"damage":0.0,"enemies":"Cultist","floor":3.0,"turns":1.0},{"damage":0.0,"enemies":"Jaw Worm","floor":4.0,"turns":1.0},{"damage":47.0,"enemies":"Gremlin Nob","floor":6.0,"turns":4.0},{"damage":20.0,"enemies":"3 Sentries","floor":8.0,"turns":5.0},{"damage":14.0,"enemies":"2 Fungi Beasts","floor":10.0,"turns":3.0},{"damage":0.0,"enemies":"Large Slime","floor":12.0,"turns":3.0},{"damage":6.0,"enemies":"Blue Slaver","floor":13.0,"turns":3.0},{"damage":12,"enemies":"Gremlin Gang","floor":14,"turns":2},{"damage":37,"enemies":"Hexaghost","floor":16,"turns":7}],"seed_played":"-1334629801316673510","potions_obtained":[{"floor":10.0,"key":"SteroidPotion"},{"floor":12.0,"key":"Dexterity Potion"},{"floor":13.0,"key":"Weak Potion"},{"floor":14,"key":"Swift Potion"}],"is_trial":false,"path_per_floor":["M","?","M","M","$","E","R","?","T","M","?","M","M","M","R","B"],"character_chosen":"IRONCLAD","items_purchased":["Spot Weakness","Heavy Blade"],"campfire_rested":1,"item_purchase_floors":[5,5],"current_hp_per_floor":[74,74,75,75,75,34,34,20,20,12,12,18,18,12,34,4],"gold":366,"neow_bonus":"THREE_ENEMY_KILL","is_prod":false,"is_daily":false,"chose_seed":false,"campfire_upgraded":1,"win_rate":0,"timestamp":1556924730,"path_taken":["M","?","?","M","$","E","R","?","T","M","?","M","M","M","R","BOSS"],"build_version":"2019-01-23","purchased_purges":0,"victory":false,"max_hp_per_floor":[75,75,75,75,75,75,75,75,75,75,75,75,75,75,75,75],"card_choices":[{"not_picked":["Clash","Warcry"],"picked":"Flex","floor":1.0},{"not_picked":["Bloodletting","Clothesline"],"picked":"Pommel Strike","floor":3.0},{"not_picked":["Rage","Shrug It Off","Bloodletting"],"picked":"SKIP","floor":4.0},{"not_picked":["Clash","Armaments"],"picked":"Immolate","floor":6.0},{"not_picked":["Perfected Strike","Flex"],"picked":"Double Tap","floor":10.0},{"not_picked":["Sword Boomerang","Anger","Clash"],"picked":"SKIP","floor":12.0},{"not_picked":["Blood for Blood","Corruption"],"picked":"Reaper","floor":13.0},{"not_picked":["Twin Strike","Ghostly Armor","Hemokinesis"],"picked":"SKIP","floor":14}],"player_experience":856463,"relics_obtained":[{"floor":6.0,"key":"Nunchaku"},{"floor":9.0,"key":"Calipers"}],"event_choices":[{"damage_healed":0.0,"max_hp_gain":0.0,"max_hp_loss":0.0,"gold_gain":0.0,"event_name":"Upgrade Shrine","player_choice":"Upgraded","floor":2.0,"gold_loss":0.0,"damage_taken":0.0,"cards_upgraded":["Flex"]},{"damage_healed":0.0,"max_hp_gain":0.0,"max_hp_loss":0.0,"gold_gain":30.0,"event_name":"Dead Adventurer","player_choice":"Searched \u00273\u0027 times","floor":8.0,"gold_loss":0.0,"damage_taken":0.0,"relics_obtained":["MawBank"]},{"damage_healed":0.0,"max_hp_gain":0.0,"max_hp_loss":0.0,"gold_gain":53.0,"event_name":"Golden Wing","player_choice":"Gained Gold","floor":11.0,"gold_loss":0.0,"damage_taken":0.0}],"is_beta":false,"boss_relics":[],"items_purged_floors":[],"is_endless":false,"potions_floor_spawned":[10,12,13,14],"killed_by":"Hexaghost","ascension_level":20}