{"gold_per_floor":[109,109,63,78,78,112,112,112,112,174,201,201,212,65,65,142,142,154,154,154,165,165,190,190,190,243,263,194,212,245,262,262,335,335,352,352,368,368,368,368,402,402,455,487,66,139,149,149,149,149],"floor_reached":51,"playtime":3086,"items_purged":["Strike_B","Strike_B+1"],"score":1258,"play_id":"153068b5-f013-4cd4-a8b4-8f30c43440b5","local_time":"20180812161621","is_ascension_mode":true,"campfire_choices":[{"data":"White Noise","floor":7,"key":"SMITH"},{"data":"Loop","floor":12,"key":"SMITH"},{"floor":15,"key":"REST"},{"data":"Conserve Battery","floor":25,"key":"SMITH"},{"data":"Streamline","floor":32,"key":"SMITH"},{"data":"Glacier","floor":40,"key":"SMITH"},{"data":"1","floor":42,"key":"LIFT"},{"data":"Defragment","floor":49,"key":"SMITH"}],"neow_cost":"NONE","seed_source_timestamp":10861626944745,"circlet_count":0,"master_deck":["Strike_B+1","Defend_B+1","Defend_B+1","Defend_B+1","Defend_B+1","Zap+1","Dualcast+1","AscendersBane","Loop+1","Conserve Battery+1","Glacier+1","White Noise+1","Cold Snap","Reboot+1","Coolheaded+1","Storm","Echo Form","BootSequence+1","Steam+1","Leap+1","Leap+1","Electrodynamics","Streamline+1","Capacitor+1","Defragment+1","Creative AI","Conserve Battery+1","Madness+1","Madness+1","Steam+1","Defragment+1","Seek+1","Storm","Jack Of All Trades+1"],"relics":["Cracked Core","NeowsBlessing","Dead Branch","Whetstone","Girya","Toxic Egg 2","StoneCalendar","Nunchaku","Coffee Dripper","CultistMask","Shuriken","Strawberry","Centennial Puzzle","Pantograph","Sozu","War Paint","Tiny Chest","Ancient Tea Set","Pen Nib","Bottled Tornado"],"potions_floor_usage":[10,16,33,41,44],"damage_taken":[{"damage":0,"enemies":"Small Slimes","floor":1,"turns":1},{"damage":0,"enemies":"Cultist","floor":4,"turns":1},{"damage":0,"enemies":"Gremlin Nob","floor":6,"turns":1},{"damage":13,"enemies":"3 Sentries","floor":10,"turns":7},{"damage":13,"enemies":"3 Sentries","floor":11,"turns":7},{"damage":0,"enemies":"2 Louse","floor":13,"turns":3},{"damage":12,"enemies":"Hexaghost","floor":16,"turns":7},{"damage":4,"enemies":"Spheric Guardian","floor":18,"turns":5},{"damage":3,"enemies":"Shell Parasite","floor":21,"turns":7},{"damage":2,"enemies":"Book of Stabbing","floor":23,"turns":5},{"damage":3,"enemies":"Centurion and Healer","floor":27,"turns":5},{"damage":0,"enemies":"Snake Plant","floor":29,"turns":5},{"damage":21,"enemies":"Gremlin Leader","floor":30,"turns":6},{"damage":0,"enemies":"Cultist and Chosen","floor":31,"turns":7},{"damage":11,"enemies":"Automaton","floor":33,"turns":10},{"damage":0,"enemies":"Orb Walker","floor":35,"turns":4},{"damage":0,"enemies":"3 Shapes","floor":37,"turns":3},{"damage":2,"enemies":"2 Orb Walkers","floor":41,"turns":5},{"damage":0,"enemies":"Nemesis","floor":44,"turns":7},{"damage":10,"enemies":"Jaw Worm Horde","floor":47,"turns":4},{"damage":12,"enemies":"Donu and Deca","floor":50,"turns":6}],"seed_played":"2138990775369763373","potions_obtained":[{"floor":4,"key":"Energy Potion"},{"floor":6,"key":"Strength Potion"},{"floor":10,"key":"Ancient Potion"},{"floor":13,"key":"SkillPotion"},{"floor":21,"key":"Explosive Potion"},{"floor":27,"key":"Swift Potion"},{"floor":30,"key":"SkillPotion"},{"floor":33,"key":"Dexterity Potion"}],"is_trial":false,"path_per_floor":["M","?","$","M","?","E","R","?","T","?","E","R","M","$","R","B",null,"M","?","?","M","?","E","?","R","T","M","$","M","E","M","R","B",null,"M","?","M","?","?","R","E","R","T","E","$","T","M","?","R","B"],"character_chosen":"DEFECT","items_purchased":["Conserve Battery","Storm","Electrodynamics","Pen Nib","Storm","Jack Of All Trades+1"],"campfire_rested":1,"item_purchase_floors":[3,14,28,45,45,45],"current_hp_per_floor":[68,56,56,56,49,49,49,49,49,36,30,30,30,30,52,40,66,62,62,62,59,59,64,71,71,71,75,75,82,61,61,61,71,79,79,69,69,69,69,69,81,81,81,81,81,81,71,71,71,70],"gold":149,"neow_bonus":"THREE_ENEMY_KILL","is_prod":false,"is_daily":false,"chose_seed":false,"campfire_upgraded":6,"win_rate":0,"timestamp":1534083381,"path_taken":["M","?","$","M","?","E","R","?","T","?","E","R","M","$","R","BOSS","M","?","?","M","?","E","?","R","T","M","$","M","E","M","R","BOSS","M","?","?","?","?","R","E","R","T","E","$","?","M","?","R","BOSS"],"build_version":"2018-08-08","purchased_purges":2,"victory":true,"max_hp_per_floor":[75,75,75,75,75,75,75,75,75,75,75,75,75,75,75,75,75,75,75,75,75,75,75,82,82,82,82,82,82,82,82,82,82,82,82,82,82,82,82,82,82,82,82,82,82,82,82,82,82,82],"card_choices":[{"not_picked":["Redo","Leap"],"picked":"Loop","floor":1},{"not_picked":["Static Discharge","Barrage"],"picked":"Glacier","floor":4},{"not_picked":["Coolheaded","Glacier"],"picked":"White Noise","floor":6},{"not_picked":["FTL","Gash"],"picked":"Cold Snap","floor":10},{"not_picked":["Melter","Genetic Algorithm+1"],"picked":"Reboot+1","floor":11},{"not_picked":["Lockon","Scrape"],"picked":"Coolheaded+1","floor":13},{"not_picked":["Creative AI","Thunder Strike"],"picked":"Echo Form","floor":16},{"not_picked":["Go for the Eyes","Stack+1"],"picked":"BootSequence+1","floor":18},{"not_picked":["Heatsinks","Sweeping Beam"],"picked":"Steam+1","floor":21},{"not_picked":["Reprogram+1","Gash"],"picked":"Leap+1","floor":23},{"not_picked":["Lockon","Turbo+1"],"picked":"Leap+1","floor":27},{"not_picked":["Coolheaded+1","Cold Snap"],"picked":"Streamline","floor":29},{"not_picked":["Turbo+1","Force Field+1"],"picked":"Capacitor+1","floor":30},{"not_picked":["Double Energy+1","Compile Driver"],"picked":"Defragment+1","floor":31},{"not_picked":["All For One","Core Surge"],"picked":"Creative AI","floor":33},{"not_picked":["Steam+1","Undo+1"],"picked":"Conserve Battery+1","floor":35},{"not_picked":["Coolheaded+1","Ball Lightning"],"picked":"Steam+1","floor":37},{"not_picked":["Auto Shields+1","Ball Lightning+1"],"picked":"Defragment","floor":41},{"not_picked":["Double Energy+1","Coolheaded+1"],"picked":"Seek+1","floor":44},{"not_picked":["Beam Cell","Darkness+1","Chaos+1"],"picked":"SKIP","floor":47}],"player_experience":526459,"relics_obtained":[{"floor":6,"key":"Whetstone"},{"floor":9,"key":"Toxic Egg 2"},{"floor":10,"key":"StoneCalendar"},{"floor":11,"key":"Nunchaku"},{"floor":23,"key":"Shuriken"},{"floor":26,"key":"Centennial Puzzle"},{"floor":30,"key":"Pantograph"},{"floor":41,"key":"War Paint"},{"floor":43,"key":"Tiny Chest"},{"floor":44,"key":"Ancient Tea Set"},{"floor":46,"key":"Bottled Tornado"}],"event_choices":[{"event_name":"Scrap Ooze","player_choice":"success","floor":2,"damage_taken":12},{"event_name":"Golden Wing","player_choice":"Card Removal","floor":5,"damage_taken":0},{"event_name":"WeMeetAgain","player_choice":"Potion","floor":8,"damage_taken":0},{"event_name":"Dead Adventurer","player_choice":"Searched \u00273\u0027 times","floor":10,"damage_taken":0},{"event_name":"Ghosts","player_choice":"Ignored","floor":19,"damage_taken":0},{"event_name":"FaceTrader","player_choice":"Trade","floor":20,"damage_taken":0},{"event_name":"Back to Basics","player_choice":"Simplicity","floor":22,"damage_taken":0},{"event_name":"The Mausoleum","player_choice":"Yes","floor":24,"damage_taken":0},{"event_name":"Winding Halls","player_choice":"Embrace Madness","floor":36,"damage_taken":0},{"event_name":"NoteForYourself","player_choice":"Ignored","floor":38,"damage_taken":0},{"event_name":"SecretPortal","player_choice":"Rejected Portal.","floor":39,"damage_taken":0},{"event_name":"Mysterious Sphere","player_choice":"Ignore","floor":48,"damage_taken":0}],"is_beta":true,"boss_relics":[{"not_picked":["Empty Cage","Lizard Tail"],"picked":"Coffee Dripper"},{"not_picked":["Astrolabe","Velvet Choker"],"picked":"Sozu"}],"items_purged_floors":[14,45],"is_endless":false,"potions_floor_spawned":[4,6,10,13,21,27,29,30,33,35,37],"ascension_level":13}