{"gold_per_floor":[13,26,45,45,63,92,92,121,121,147,147,179,104,279,279,380,380,399,416,416,396,411,411,437,447,447,447],"floor_reached":27,"playtime":1387,"items_purged":["Regret"],"score":398,"play_id":"a735f2fd-9a52-4b02-bf85-aac02db53584","local_time":"20181105231908","is_ascension_mode":true,"campfire_choices":[{"data":"Perfected Strike","floor":7.0,"key":"SMITH"},{"data":"Dramatic Entrance","floor":11.0,"key":"SMITH"},{"data":"Bash","floor":15.0,"key":"SMITH"},{"floor":23.0,"key":"REST"}],"neow_cost":"NO_GOLD","seed_source_timestamp":4258427761655,"circlet_count":0,"master_deck":["Strike_R","Strike_R","Strike_R","Strike_R","Strike_R","Defend_R","Defend_R","Defend_R","Defend_R","Bash+1","Dramatic Entrance+1","Purity","Twin Strike","Perfected Strike+1","Twin Strike","Pummel","Feed","Wild Strike","Pummel","Doubt","Immolate","Pommel Strike+1","Armaments","Writhe","Clash+1","True Grit","Twin Strike"],"special_seed":0,"relics":["Burning Blood","Kunai","PreservedInsect","Pocketwatch","Bottled Flame","Odd Mushroom","Strawberry","Black Star","Pantograph","Shuriken","Pear","Gremlin Horn"],"potions_floor_usage":[25,27],"damage_taken":[{"damage":2.0,"enemies":"Jaw Worm","floor":1.0,"turns":3.0},{"damage":3.0,"enemies":"2 Louse","floor":2.0,"turns":2.0},{"damage":7.0,"enemies":"Small Slimes","floor":3.0,"turns":3.0},{"damage":9.0,"enemies":"Red Slaver","floor":5.0,"turns":2.0},{"damage":35.0,"enemies":"Lagavulin","floor":6.0,"turns":5.0},{"damage":15.0,"enemies":"3 Sentries","floor":8.0,"turns":4.0},{"damage":15.0,"enemies":"The Mushroom Lair","floor":10.0,"turns":3.0},{"damage":0.0,"enemies":"Gremlin Nob","floor":12.0,"turns":2.0},{"damage":39.0,"enemies":"The Guardian","floor":16.0,"turns":13.0},{"damage":15.0,"enemies":"3 Byrds","floor":18.0,"turns":3.0},{"damage":31.0,"enemies":"2 Thieves","floor":19.0,"turns":4.0},{"damage":41.0,"enemies":"3 Cultists","floor":22.0,"turns":5.0},{"damage":24,"enemies":"Slavers","floor":24,"turns":5},{"damage":11,"enemies":"Cultist and Chosen","floor":25,"turns":5},{"damage":31,"enemies":"Book of Stabbing","floor":27,"turns":2}],"seed_played":"-2571878179921160573","potions_obtained":[{"floor":1.0,"key":"Fire Potion"},{"floor":3.0,"key":"PowerPotion"},{"floor":5.0,"key":"Poison Potion"},{"floor":12.0,"key":"Ancient Potion"},{"floor":18.0,"key":"SpeedPotion"},{"floor":21.0,"key":"EssenceOfSteel"},{"floor":22.0,"key":"Block Potion"}],"is_trial":false,"path_per_floor":["M","M","M","?","M","E","R","E","T","?","R","E","$","?","R","B",null,"M","M","?","?","M","R","E","M","T","E"],"character_chosen":"IRONCLAD","items_purchased":[],"campfire_rested":1,"item_purchase_floors":[],"current_hp_per_floor":[76,79,78,78,75,46,46,37,37,28,28,44,44,44,44,11,70,61,39,39,39,7,35,30,25,25,0],"gold":447,"neow_bonus":"RANDOM_COLORLESS_2","is_prod":false,"is_daily":false,"chose_seed":false,"campfire_upgraded":3,"win_rate":0,"timestamp":1541431148,"path_taken":["M","M","M","?","M","E","R","E","T","?","R","E","$","?","R","BOSS","M","M","?","?","?","R","E","M","T","E"],"build_version":"2018-11-01","purchased_purges":1,"victory":false,"max_hp_per_floor":[80,80,80,80,80,80,80,80,80,80,80,90,90,90,90,90,90,90,93,93,93,96,96,109,109,109,109],"card_choices":[{"not_picked":["Perfected Strike","Evolve","Corruption"],"picked":"SKIP","floor":1.0},{"not_picked":["Wild Strike","Headbutt"],"picked":"Twin Strike","floor":2.0},{"not_picked":["Clothesline","Shrug It Off"],"picked":"Perfected Strike","floor":3.0},{"not_picked":["Flex","Combust"],"picked":"Twin Strike","floor":5.0},{"not_picked":["Wild Strike","Inflame"],"picked":"Pummel","floor":6.0},{"not_picked":["Berserk","Juggernaut"],"picked":"Feed","floor":8.0},{"not_picked":["Sword Boomerang","Anger"],"picked":"Wild Strike","floor":10.0},{"not_picked":["Flex","Bloodletting"],"picked":"Pummel","floor":12.0},{"not_picked":["Impervious","Brutality"],"picked":"Immolate","floor":16.0},{"not_picked":["Sever Soul","Headbutt"],"picked":"Pommel Strike+1","floor":18.0},{"not_picked":["Shockwave+1","Flex"],"picked":"Armaments","floor":19.0},{"not_picked":["Battle Trance","Metallicize+1"],"picked":"Clash+1","floor":22.0},{"not_picked":["Dark Embrace","Reaper"],"picked":"True Grit","floor":24},{"not_picked":["Anger","Flex"],"picked":"Twin Strike","floor":25}],"player_experience":385410,"relics_obtained":[{"floor":6.0,"key":"PreservedInsect"},{"floor":8.0,"key":"Pocketwatch"},{"floor":9.0,"key":"Bottled Flame"},{"floor":10.0,"key":"Odd Mushroom"},{"floor":12.0,"key":"Strawberry"},{"floor":24,"key":"Shuriken"},{"floor":24,"key":"Pear"},{"floor":26,"key":"Gremlin Horn"}],"event_choices":[{"damage_healed":0.0,"max_hp_gain":0.0,"max_hp_loss":0.0,"gold_gain":0.0,"event_name":"Big Fish","player_choice":"Box","floor":4.0,"gold_loss":0.0,"damage_taken":0.0,"relics_obtained":["Kunai"],"cards_obtained":["Regret"]},{"damage_healed":0.0,"max_hp_gain":0.0,"max_hp_loss":0.0,"gold_gain":0.0,"event_name":"Mushrooms","player_choice":"Fought Mushrooms","floor":10.0,"gold_loss":0.0,"damage_taken":0.0},{"damage_healed":0.0,"max_hp_gain":0.0,"max_hp_loss":0.0,"gold_gain":175.0,"event_name":"Liars Game","player_choice":"AGREE","floor":14.0,"gold_loss":0.0,"damage_taken":0.0,"cards_obtained":["Doubt"]},{"damage_healed":0.0,"max_hp_gain":0.0,"max_hp_loss":0.0,"gold_gain":0.0,"event_name":"The Mausoleum","player_choice":"Opened","floor":20.0,"gold_loss":0.0,"damage_taken":0.0,"relics_obtained":["Pantograph"],"cards_obtained":["Writhe"]},{"damage_healed":0.0,"max_hp_gain":0.0,"max_hp_loss":0.0,"gold_gain":0.0,"event_name":"The Woman in Blue","player_choice":"Bought 1 Potion","floor":21.0,"gold_loss":0.0,"damage_taken":0.0}],"is_beta":false,"boss_relics":[{"not_picked":["Empty Cage","Coffee Dripper"],"picked":"Black Star"}],"items_purged_floors":[13],"is_endless":false,"potions_floor_spawned":[1,3,5,12,18,22],"killed_by":"Book of Stabbing","ascension_level":7}