{"gold_per_floor":[109,109,122,122,137,137,171,46,70,86,119,131,306,306,306,405,405,419,432,432,228,228,254,254,254,278,307,318,331,331,331,331,432,432,444,464,464,464,277,277,277,277,277,277,294,129,129,148,148,148],"floor_reached":51,"playtime":1879,"items_purged":["Defend_R","Defend_R"],"score":1074,"play_id":"9836612c-dabf-4f9f-943b-03c74052ad32","local_time":"20191020190756","is_ascension_mode":true,"campfire_choices":[{"data":"Perfected Strike","floor":6.0,"key":"SMITH"},{"data":"Bash","floor":15.0,"key":"SMITH"},{"data":"Perfected Strike","floor":24.0,"key":"SMITH"},{"floor":30.0,"key":"REST"},{"floor":32.0,"key":"REST"},{"data":"Trip","floor":40.0,"key":"SMITH"},{"data":"Bludgeon","floor":41.0,"key":"SMITH"},{"data":"Pommel Strike","floor":42.0,"key":"SMITH"},{"data":"Pommel Strike","floor":49.0,"key":"SMITH"}],"neow_cost":"NONE","seed_source_timestamp":20658534407001,"circlet_count":0,"master_deck":["AscendersBane","Strike_R+1","Strike_R+1","Strike_R+1","Strike_R+1","Strike_R+1","Defend_R+1","Defend_R+1","Bash+1","True Grit","Perfected Strike+1","Thunderclap","Pommel Strike+1","Carnage","Bludgeon+1","Pommel Strike+1","Perfected Strike+1","Double Tap","Dropkick+1","Fiend Fire","Clothesline+1","Trip+1","True Grit","Pommel Strike+1","Parasite","True Grit+1"],"special_seed":0,"relics":["Burning Blood","NeowsBlessing","Lantern","Eternal Feather","PreservedInsect","Bronze Scales","Juzu Bracelet","Mark of Pain","Membership Card","Strawberry","Enchiridion","Toy Ornithopter","Bottled Lightning","Velvet Choker","WingedGreaves","Happy Flower","Anchor","Dodecahedron"],"potions_floor_usage":[50,50,50],"damage_taken":[{"damage":0.0,"enemies":"2 Louse","floor":1.0,"turns":1.0},{"damage":0.0,"enemies":"Cultist","floor":3.0,"turns":1.0},{"damage":0.0,"enemies":"Small Slimes","floor":5.0,"turns":1.0},{"damage":28.0,"enemies":"3 Sentries","floor":7.0,"turns":11.0},{"damage":0.0,"enemies":"Gremlin Gang","floor":10.0,"turns":4.0},{"damage":0.0,"enemies":"Gremlin Nob","floor":11.0,"turns":2.0},{"damage":0.0,"enemies":"2 Fungi Beasts","floor":12.0,"turns":3.0},{"damage":66.0,"enemies":"Hexaghost","floor":16.0,"turns":9.0},{"damage":22.0,"enemies":"Spheric Guardian","floor":18.0,"turns":4.0},{"damage":22.0,"enemies":"2 Thieves","floor":19.0,"turns":2.0},{"damage":14.0,"enemies":"Book of Stabbing","floor":23.0,"turns":2.0},{"damage":28.0,"enemies":"Slavers","floor":27.0,"turns":2.0},{"damage":1.0,"enemies":"Snake Plant","floor":28.0,"turns":2.0},{"damage":20.0,"enemies":"Shelled Parasite and Fungi","floor":29.0,"turns":3.0},{"damage":67.0,"enemies":"Champ","floor":33.0,"turns":6.0},{"damage":16.0,"enemies":"Orb Walker","floor":35.0,"turns":2.0},{"damage":14.0,"enemies":"3 Darklings","floor":36.0,"turns":4.0},{"damage":8.0,"enemies":"Spire Growth","floor":45.0,"turns":3.0},{"damage":5.0,"enemies":"Writhing Mass","floor":48.0,"turns":4.0},{"damage":147,"enemies":"Awakened One","floor":50,"turns":11}],"seed_played":"6848179626838420358","potions_obtained":[{"floor":3.0,"key":"LiquidMemories"},{"floor":7.0,"key":"SkillPotion"},{"floor":11.0,"key":"SmokeBomb"},{"floor":12.0,"key":"Ancient Potion"},{"floor":19.0,"key":"GamblersBrew"},{"floor":20.0,"key":"Fruit Juice"},{"floor":20.0,"key":"CultistPotion"},{"floor":20.0,"key":"LiquidMemories"},{"floor":27.0,"key":"Swift Potion"},{"floor":28.0,"key":"GamblersBrew"},{"floor":29.0,"key":"Dexterity Potion"}],"is_trial":false,"path_per_floor":["M","?","M","?","M","R","E","$","T","M","E","M","?","?","R","B",null,"M","M","?","$","?","E","R","?","T","E","M","M","R","?","R","B",null,"M","M","?","?","$","R","R","R","T","?","M","$","T","M","R","B",null],"character_chosen":"IRONCLAD","items_purchased":["Pommel Strike","Membership Card","True Grit","WingedGreaves","BloodPotion","Anchor","Fruit Juice","Regen Potion"],"campfire_rested":2,"item_purchase_floors":[8,21,39,39,39,46,46,46],"current_hp_per_floor":[78,78,80,80,80,80,58,58,58,64,70,76,76,76,80,20,65,49,33,38,38,38,37,46,30,30,8,18,9,48,30,71,15,77,67,59,59,59,59,71,83,95,95,95,93,102,102,102,102,11],"gold":148,"neow_bonus":"THREE_ENEMY_KILL","is_prod":false,"is_daily":false,"chose_seed":false,"campfire_upgraded":7,"win_rate":0,"timestamp":1571566076,"path_taken":["M","?","?","?","M","R","E","$","T","M","E","M","?","?","R","BOSS","M","M","?","$","?","E","R","?","T","E","M","M","R","?","R","BOSS","M","M","?","?","$","R","R","R","T","?","M","$","?","M","R","BOSS"],"build_version":"2019-10-18","purchased_purges":2,"victory":true,"max_hp_per_floor":[80,80,80,80,80,80,80,80,80,80,80,80,80,80,80,80,80,80,80,85,85,85,92,92,92,92,92,92,92,92,97,97,97,97,97,97,97,97,97,97,97,97,97,97,97,102,102,102,102,102],"card_choices":[{"not_picked":["Sword Boomerang","Reckless Charge"],"picked":"True Grit","floor":1.0},{"not_picked":["Evolve","Metallicize"],"picked":"Clash","floor":3.0},{"not_picked":["Rampage","Twin Strike"],"picked":"Perfected Strike","floor":5.0},{"not_picked":["Berserk","Flex"],"picked":"Thunderclap","floor":7.0},{"not_picked":["Havoc","Disarm","Cleave"],"picked":"SKIP","floor":10.0},{"not_picked":["Headbutt","Shrug It Off"],"picked":"Infernal Blade","floor":11.0},{"not_picked":["Combust","Armaments"],"picked":"Carnage","floor":12.0},{"not_picked":["Offering","Reaper"],"picked":"Bludgeon","floor":16.0},{"not_picked":["Sword Boomerang","Wild Strike"],"picked":"Pommel Strike+1","floor":18.0},{"not_picked":["Flex","Feel No Pain"],"picked":"Perfected Strike","floor":19.0},{"not_picked":["True Grit+1","Anger+1"],"picked":"Double Tap","floor":23.0},{"not_picked":["Bloodletting","Rampage","Pummel"],"picked":"SKIP","floor":27.0},{"not_picked":["Shrug It Off","Inflame"],"picked":"Dropkick+1","floor":28.0},{"not_picked":["Exhume","Clash+1","Armaments"],"picked":"SKIP","floor":29.0},{"not_picked":["Demon Form","Reaper"],"picked":"Fiend Fire","floor":33.0},{"not_picked":["Shrug It Off","Havoc+1","Armaments"],"picked":"SKIP","floor":35.0},{"not_picked":["Sword Boomerang","Rage"],"picked":"Clothesline+1","floor":36.0},{"not_picked":["Discovery","Deep Breath"],"picked":"Trip","floor":37.0},{"not_picked":["Sword Boomerang+1","Clothesline+1"],"picked":"Pommel Strike","floor":45.0},{"not_picked":["Second Wind","Inflame+1"],"picked":"True Grit+1","floor":48.0}],"player_experience":610732,"relics_obtained":[{"floor":2.0,"key":"Lantern"},{"floor":7.0,"key":"PreservedInsect"},{"floor":9.0,"key":"Bronze Scales"},{"floor":11.0,"key":"Juzu Bracelet"},{"floor":23.0,"key":"Strawberry"},{"floor":25.0,"key":"Enchiridion"},{"floor":26.0,"key":"Toy Ornithopter"},{"floor":27.0,"key":"Bottled Lightning"},{"floor":43.0,"key":"Happy Flower"},{"floor":47.0,"key":"Dodecahedron"}],"event_choices":[{"damage_healed":0.0,"max_hp_gain":0.0,"max_hp_loss":0.0,"gold_gain":0.0,"event_name":"Wheel of Change","player_choice":"Relic","floor":2.0,"gold_loss":0.0,"damage_taken":0.0},{"cards_removed":["Clash"],"damage_healed":0.0,"max_hp_gain":0.0,"max_hp_loss":0.0,"gold_gain":0.0,"event_name":"WeMeetAgain","player_choice":"Gave Card","floor":4.0,"gold_loss":0.0,"damage_taken":0.0,"relics_obtained":["Eternal Feather"]},{"damage_healed":0.0,"max_hp_gain":0.0,"max_hp_loss":0.0,"gold_gain":175.0,"event_name":"Liars Game","player_choice":"AGREE","floor":13.0,"gold_loss":0.0,"damage_taken":0.0,"cards_obtained":["Doubt"]},{"cards_removed":["Doubt"],"damage_healed":0.0,"max_hp_gain":0.0,"max_hp_loss":0.0,"gold_gain":0.0,"event_name":"Purifier","player_choice":"Purged","floor":14.0,"gold_loss":0.0,"damage_taken":0.0},{"damage_healed":0.0,"max_hp_gain":0.0,"max_hp_loss":0.0,"gold_gain":0.0,"event_name":"Lab","player_choice":"Got Potions","floor":20.0,"gold_loss":0.0,"damage_taken":0.0},{"damage_healed":0.0,"max_hp_gain":0.0,"max_hp_loss":0.0,"gold_gain":0.0,"event_name":"Back to Basics","player_choice":"Simplicity","floor":22.0,"gold_loss":0.0,"damage_taken":0.0,"cards_upgraded":["Strike_R","Strike_R","Strike_R","Strike_R","Strike_R","Defend_R","Defend_R"]},{"damage_healed":0.0,"max_hp_gain":0.0,"max_hp_loss":0.0,"gold_gain":0.0,"event_name":"Cursed Tome","player_choice":"Obtained Book","floor":25.0,"gold_loss":0.0,"damage_taken":16.0},{"damage_healed":0.0,"max_hp_gain":5.0,"max_hp_loss":0.0,"gold_gain":0.0,"event_name":"Forgotten Altar","player_choice":"Shed Blood","floor":31.0,"gold_loss":0.0,"damage_taken":23.0},{"damage_healed":0.0,"max_hp_gain":0.0,"max_hp_loss":0.0,"gold_gain":0.0,"event_name":"SensoryStone","player_choice":"Memory 1","floor":37.0,"gold_loss":0.0,"damage_taken":0.0},{"cards_removed":["Infernal Blade"],"damage_healed":0.0,"max_hp_gain":0.0,"max_hp_loss":0.0,"gold_gain":0.0,"event_name":"Purifier","player_choice":"Purged","floor":38.0,"gold_loss":0.0,"damage_taken":0.0},{"damage_healed":0.0,"max_hp_gain":0.0,"max_hp_loss":0.0,"gold_gain":0.0,"event_name":"Transmorgrifier","player_choice":"Ignored","floor":44.0,"gold_loss":0.0,"damage_taken":0.0}],"is_beta":true,"boss_relics":[{"not_picked":["Tiny House","Fusion Hammer"],"picked":"Mark of Pain"},{"not_picked":["Coffee Dripper","Cursed Key"],"picked":"Velvet Choker"}],"items_purged_floors":[8,21],"is_endless":false,"potions_floor_spawned":[3,7,11,12,19,27,28,29],"ascension_level":10}