{"gold_per_floor":[116,133,149,168,185,185,185,212,266,266,277,307,307,307,307,386,386,403,417,431,41,41,41,1,1,25,25,25],"floor_reached":28,"playtime":979,"items_purged":["Pain"],"score":456,"play_id":"34298c94-4ef3-4712-9fb7-48f7309ceb1a","local_time":"20181130181648","is_ascension_mode":true,"campfire_choices":[{"data":"Streamline","floor":6.0,"key":"SMITH"},{"data":"Streamline","floor":13,"key":"SMITH"},{"floor":15,"key":"REST"},{"floor":23,"key":"REST"}],"neow_cost":"NONE","seed_source_timestamp":1161543916235,"circlet_count":0,"master_deck":["AscendersBane","Strike_B","Strike_B","Strike_B","Defend_B+1","Defend_B","Defend_B","Defend_B","Zap+1","Dualcast","Streamline+1","Melter","Loop","Conserve Battery","Streamline+1","Rip and Tear","Electrodynamics","BootSequence","Sunder","Echo Form","Doubt","Parasite","Leap","Reinforced Body","Leap","Loop","Capacitor","Loop","Defragment","Defragment","Leap"],"special_seed":0,"relics":["Nuclear Battery","PreservedInsect","Strawberry","Tiny Chest","Cables","Boot","Calling Bell","War Paint","The Courier","Prayer Wheel","Regal Pillow","Vajra","Ancient Tea Set","Singing Bowl"],"potions_floor_usage":[8,16,28],"damage_taken":[{"damage":1.0,"enemies":"Cultist","floor":1.0,"turns":4.0},{"damage":9.0,"enemies":"Jaw Worm","floor":2.0,"turns":4.0},{"damage":1.0,"enemies":"2 Louse","floor":3.0,"turns":3.0},{"damage":9.0,"enemies":"Red Slaver","floor":4.0,"turns":3.0},{"damage":2.0,"enemies":"2 Fungi Beasts","floor":5.0,"turns":4.0},{"damage":4,"enemies":"Gremlin Nob","floor":8,"turns":3},{"damage":8,"enemies":"Blue Slaver","floor":11,"turns":3},{"damage":5,"enemies":"3 Sentries","floor":12,"turns":4},{"damage":17,"enemies":"Hexaghost","floor":16,"turns":8},{"damage":17,"enemies":"Shell Parasite","floor":18,"turns":4},{"damage":3,"enemies":"3 Byrds","floor":19,"turns":4},{"damage":26,"enemies":"Snake Plant","floor":20,"turns":5},{"damage":59,"enemies":"Chosen and Byrds","floor":28,"turns":7}],"seed_played":"2596397717813683408","potions_obtained":[{"floor":1.0,"key":"SmokeBomb"},{"floor":2.0,"key":"PowerPotion"},{"floor":4.0,"key":"EssenceOfSteel"},{"floor":8,"key":"Block Potion"},{"floor":19,"key":"Swift Potion"}],"is_trial":false,"path_per_floor":["M","M","M","M","M","R","?","E","T","T","M","E","R","?","R","B",null,"M","M","M","$","T","R","$","?","T","T","M"],"character_chosen":"DEFECT","items_purchased":["Capacitor","Regal Pillow","Loop","Defragment","Defragment","Leap"],"campfire_rested":2,"item_purchase_floors":[21,21,21,21,21,24],"current_hp_per_floor":[63,54,53,44,42,42,24,27,27,27,19,14,14,14,37,20,64,47,44,18,18,18,56,56,56,56,56,0],"gold":25,"neow_bonus":"BOSS_RELIC","is_prod":false,"is_daily":false,"chose_seed":false,"campfire_upgraded":2,"win_rate":0,"timestamp":1543598208,"path_taken":["M","?","M","M","M","R","?","E","T","?","M","E","R","?","R","BOSS","M","M","M","$","?","R","$","?","T","?","M"],"build_version":"2018-11-15","purchased_purges":1,"victory":false,"max_hp_per_floor":[71,71,71,71,71,71,71,78,78,78,78,78,78,78,78,78,78,78,78,78,78,78,78,78,78,78,78,78],"card_choices":[{"not_picked":["Auto Shields","Coolheaded"],"picked":"Streamline","floor":1.0},{"not_picked":["Undo","Redo"],"picked":"Melter","floor":2.0},{"not_picked":["Stack","Turbo"],"picked":"Loop","floor":3.0},{"not_picked":["Chill","Steam Power"],"picked":"Conserve Battery","floor":4.0},{"not_picked":["Redo","Chill"],"picked":"Streamline","floor":5.0},{"not_picked":["Coolheaded","Chill"],"picked":"Rip and Tear","floor":8},{"not_picked":["Compile Driver","Cold Snap"],"picked":"Electrodynamics","floor":11},{"not_picked":["Reinforced Body","Double Energy"],"picked":"BootSequence","floor":12},{"not_picked":["Rainbow","Meteor Strike"],"picked":"Echo Form","floor":16},{"not_picked":["Scrape","Melter"],"picked":"Leap","floor":18},{"not_picked":["Turbo","Hologram"],"picked":"Reinforced Body","floor":18},{"not_picked":["Gash","Beam Cell+1"],"picked":"Leap","floor":19},{"not_picked":["Barrage","Compile Driver","Rebound+1"],"picked":"SKIP","floor":19},{"not_picked":["Seek","Force Field"],"picked":"Loop","floor":20},{"not_picked":["Compile Driver","Hologram","Stack"],"picked":"SKIP","floor":20}],"player_experience":783796,"relics_obtained":[{"floor":8,"key":"Strawberry"},{"floor":9,"key":"Tiny Chest"},{"floor":10,"key":"Cables"},{"floor":12,"key":"Boot"},{"floor":17,"key":"War Paint"},{"floor":17,"key":"The Courier"},{"floor":17,"key":"Prayer Wheel"},{"floor":22,"key":"Vajra"},{"floor":26,"key":"Ancient Tea Set"},{"floor":27,"key":"Singing Bowl"}],"event_choices":[{"damage_healed":0.0,"max_hp_gain":0.0,"max_hp_loss":0.0,"gold_gain":0.0,"event_name":"Scrap Ooze","player_choice":"Success","floor":7.0,"gold_loss":0.0,"damage_taken":18.0,"relics_obtained":["PreservedInsect"]},{"damage_healed":0,"gold_gain":0,"cards_transformed":["Strike_B"],"player_choice":"Transformed","damage_taken":0,"max_hp_gain":0,"max_hp_loss":0,"event_name":"Transmorgrifier","floor":14,"gold_loss":0,"cards_obtained":["Sunder"]}],"is_beta":true,"boss_relics":[{"not_picked":["Runic Pyramid","Runic Dome"],"picked":"Calling Bell"}],"items_purged_floors":[21],"is_endless":false,"potions_floor_spawned":[1,2,4,8,19,20],"killed_by":"Chosen and Byrds","ascension_level":20}