{"gold_per_floor":[14,25,25,41,55,55,66,66,66,85,96,21,32,46,46,141,141,154,154,168,198,198,198,217,230,308,308,326,326,2,15,15,15],"floor_reached":33,"playtime":1550,"items_purged":["Strike_G","Strike_G"],"score":355,"play_id":"61512ec3-b32b-4de1-831c-f8825af1a337","local_time":"20191013005114","is_ascension_mode":true,"campfire_choices":[{"data":"Neutralize","floor":6.0,"key":"SMITH"},{"data":"Deadly Poison","floor":8.0,"key":"SMITH"},{"data":"Noxious Fumes","floor":15.0,"key":"SMITH"},{"data":"Corpse Explosion","floor":23.0,"key":"SMITH"},{"data":"Deadly Poison","floor":27,"key":"SMITH"},{"data":"Dodge and Roll","floor":29,"key":"SMITH"},{"data":"Deflect","floor":32,"key":"SMITH"}],"neow_cost":"NO_GOLD","seed_source_timestamp":9229254415756,"circlet_count":0,"master_deck":["Defend_G","Defend_G","Defend_G","Defend_G","Survivor","Neutralize+1","Dodge and Roll+1","Deadly Poison+1","Noxious Fumes+1","Masterful Stab","Deadly Poison+1","Dagger Spray","Bane","Corpse Explosion+1","Sucker Punch+1","Deflect+1","Quick Slash+1","Deadly Poison+1","Deflect"],"special_seed":0,"relics":["Ring of the Snake","Ice Cream","Empty Cage","Red Mask","The Courier","TheAbacus","Strawberry"],"potions_floor_usage":[28,33],"damage_taken":[{"damage":0.0,"enemies":"Small Slimes","floor":1.0,"turns":3.0},{"damage":2.0,"enemies":"Cultist","floor":2.0,"turns":4.0},{"damage":3.0,"enemies":"Jaw Worm","floor":4.0,"turns":4.0},{"damage":10.0,"enemies":"Large Slime","floor":5.0,"turns":8.0},{"damage":3.0,"enemies":"Exordium Thugs","floor":7.0,"turns":6.0},{"damage":1.0,"enemies":"2 Fungi Beasts","floor":10.0,"turns":3.0},{"damage":1.0,"enemies":"Large Slime","floor":11.0,"turns":5.0},{"damage":0.0,"enemies":"Blue Slaver","floor":13.0,"turns":4.0},{"damage":0.0,"enemies":"Looter","floor":14.0,"turns":2.0},{"damage":12.0,"enemies":"The Guardian","floor":16.0,"turns":8.0},{"damage":4.0,"enemies":"Spheric Guardian","floor":18.0,"turns":3.0},{"damage":0.0,"enemies":"Shell Parasite","floor":20.0,"turns":7.0},{"damage":12.0,"enemies":"Masked Bandits","floor":21.0,"turns":2.0},{"damage":11,"enemies":"Sentry and Sphere","floor":24,"turns":5},{"damage":0,"enemies":"3 Cultists","floor":25,"turns":2},{"damage":16,"enemies":"Shelled Parasite and Fungi","floor":28,"turns":4},{"damage":9,"enemies":"Snake Plant","floor":31,"turns":4},{"damage":43,"enemies":"Collector","floor":33,"turns":5}],"seed_played":"4293776946567678298","potions_obtained":[{"floor":2.0,"key":"Swift Potion"},{"floor":11.0,"key":"Energy Potion"},{"floor":13.0,"key":"FearPotion"},{"floor":16.0,"key":"Poison Potion"},{"floor":18.0,"key":"Swift Potion"},{"floor":19.0,"key":"Fruit Juice"},{"floor":19.0,"key":"SpeedPotion"},{"floor":25,"key":"Swift Potion"}],"is_trial":false,"path_per_floor":["M","M","?","M","M","R","M","R","T","M","M","$","M","M","R","B",null,"M","?","M","?","?","R","M","M","T","R","M","R","$","M","R","B"],"character_chosen":"THE_SILENT","items_purchased":["TheAbacus","Strawberry"],"campfire_rested":0,"item_purchase_floors":[30,30],"current_hp_per_floor":[63,61,61,58,48,48,45,45,45,44,43,43,43,43,43,31,60,56,61,61,49,49,49,38,38,38,38,22,22,29,20,20,0],"gold":15,"neow_bonus":"REMOVE_TWO","is_prod":false,"is_daily":false,"chose_seed":false,"campfire_upgraded":7,"win_rate":0,"timestamp":1570895474,"path_taken":["M","M","?","M","M","R","?","R","T","M","M","?","?","?","R","BOSS","M","?","?","?","?","R","M","M","T","R","M","R","$","?","R","BOSS"],"build_version":"2019-10-11","purchased_purges":2,"victory":false,"max_hp_per_floor":[70,70,70,70,70,70,70,70,70,70,70,70,70,70,70,70,70,70,75,75,75,75,75,75,75,75,75,75,75,82,82,82,82],"card_choices":[{"not_picked":["Outmaneuver","Slice"],"picked":"Dodge and Roll","floor":1.0},{"not_picked":["Backflip","PiercingWail"],"picked":"Deadly Poison","floor":2.0},{"not_picked":["Die Die Die","Slice"],"picked":"Noxious Fumes","floor":4.0},{"not_picked":["Slice","Accuracy"],"picked":"Masterful Stab","floor":5.0},{"not_picked":["Dagger Throw","Prepared"],"picked":"Deadly Poison","floor":7.0},{"not_picked":["Flying Knee","Underhanded Strike","Infinite Blades"],"picked":"SKIP","floor":10.0},{"not_picked":["Prepared","Poisoned Stab"],"picked":"Dagger Spray","floor":11.0},{"not_picked":["Dagger Throw","Outmaneuver","Underhanded Strike"],"picked":"SKIP","floor":13.0},{"not_picked":["Calculated Gamble","Sucker Punch"],"picked":"Bane","floor":14.0},{"not_picked":["Adrenaline","Envenom"],"picked":"Corpse Explosion","floor":16.0},{"not_picked":["Acrobatics","Caltrops"],"picked":"Sucker Punch+1","floor":18.0},{"not_picked":["Caltrops","Bane","Concentrate"],"picked":"SKIP","floor":20.0},{"not_picked":["Calculated Gamble","Sucker Punch"],"picked":"Deflect","floor":21.0},{"not_picked":["PiercingWail","Cloak And Dagger"],"picked":"Quick Slash+1","floor":24},{"not_picked":["Endless Agony+1","Flying Knee"],"picked":"Deadly Poison","floor":25},{"not_picked":["Sucker Punch","Blade Dance","Acrobatics"],"picked":"SKIP","floor":28},{"not_picked":["Deadly Poison","Endless Agony"],"picked":"Deflect","floor":31}],"player_experience":591124,"relics_obtained":[{"floor":9.0,"key":"Ice Cream"},{"floor":21.0,"key":"Red Mask"},{"floor":26,"key":"The Courier"}],"event_choices":[{"damage_healed":0.0,"max_hp_gain":0.0,"max_hp_loss":0.0,"gold_gain":0.0,"event_name":"Accursed Blacksmith","player_choice":"Forge","floor":3.0,"gold_loss":0.0,"damage_taken":0.0,"cards_upgraded":["Deadly Poison"]},{"damage_healed":0.0,"max_hp_gain":0.0,"max_hp_loss":0.0,"gold_gain":0.0,"event_name":"Lab","player_choice":"Got Potions","floor":19.0,"gold_loss":0.0,"damage_taken":0.0},{"damage_healed":0.0,"max_hp_gain":0.0,"max_hp_loss":0.0,"gold_gain":0.0,"event_name":"Masked Bandits","player_choice":"Fought Bandits","floor":21.0,"gold_loss":0.0,"damage_taken":0.0},{"damage_healed":0.0,"max_hp_gain":0.0,"max_hp_loss":0.0,"gold_gain":0.0,"event_name":"The Woman in Blue","player_choice":"Bought 0 Potions","floor":22.0,"gold_loss":0.0,"damage_taken":0.0}],"is_beta":true,"boss_relics":[{"not_picked":["Ectoplasm","Coffee Dripper"],"picked":"Empty Cage"}],"items_purged_floors":[12,30],"is_endless":false,"potions_floor_spawned":[2,11,13,16,18,25],"killed_by":"Collector","ascension_level":9}