{"gold_per_floor":[112,112,112,31,31,64,64,64,64,102,102,120,136,19,19,112,112,126,153,153,174,219,219,237,84,133,133,133,173,191,212,212,311,311,332,332,332,30,43,43,67,67,124,0,0,0,13,32,32,32],"floor_reached":51,"playtime":1162,"items_purged":["Strike_R","Writhe"],"score":1233,"play_id":"b5329d15-a30c-483a-aa9c-4c082d165d59","local_time":"20180903231231","is_ascension_mode":true,"campfire_choices":[{"data":"Bash","floor":7.0,"key":"SMITH"},{"data":"Whirlwind","floor":11.0,"key":"SMITH"},{"data":"Inflame","floor":15.0,"key":"SMITH"},{"data":"Heavy Blade","floor":23.0,"key":"SMITH"},{"data":"Offering","floor":28.0,"key":"SMITH"},{"data":"Infernal Blade","floor":32.0,"key":"SMITH"},{"data":"Heavy Blade","floor":40.0,"key":"SMITH"},{"data":"Sword Boomerang","floor":42.0,"key":"SMITH"},{"floor":49.0,"key":"REST"}],"neow_cost":"NONE","seed_source_timestamp":0,"circlet_count":0,"master_deck":["Strike_R","Strike_R","Strike_R","Strike_R","Bash+1","AscendersBane","Twin Strike","Whirlwind+1","Sword Boomerang+1","Clash","Heavy Blade+1","Infernal Blade+1","Inflame+1","Thunderclap","Reaper","Offering+1","Inflame+1","Sword Boomerang","Feed","Berserk","Heavy Blade+1","PanicButton","Trip","Flex+1"],"special_seed":0,"relics":["Burning Blood","NeowsBlessing","Golden Idol","Meat on the Bone","Bronze Scales","Letter Opener","Question Card","Empty Cage","Oddly Smooth Stone","MutagenicStrength","Juzu Bracelet","Pen Nib","Mummified Hand","Orrery","ClockworkSouvenir","Tiny Chest","Red Mask","StoneCalendar"],"potions_floor_usage":[50,50],"damage_taken":[{"damage":0.0,"enemies":"Cultist","floor":1.0,"turns":1.0},{"damage":0.0,"enemies":"Lagavulin","floor":6.0,"turns":1.0},{"damage":0.0,"enemies":"Gremlin Nob","floor":10.0,"turns":1.0},{"damage":12.0,"enemies":"Small Slimes","floor":12.0,"turns":2.0},{"damage":12.0,"enemies":"Jaw Worm","floor":13.0,"turns":2.0},{"damage":49.0,"enemies":"Hexaghost","floor":16.0,"turns":6.0},{"damage":33.0,"enemies":"2 Thieves","floor":18.0,"turns":3.0},{"damage":5.0,"enemies":"Spheric Guardian","floor":21.0,"turns":3.0},{"damage":15.0,"enemies":"Chosen and Byrds","floor":24.0,"turns":4.0},{"damage":28.0,"enemies":"Slavers","floor":29.0,"turns":3.0},{"damage":14.0,"enemies":"Centurion and Healer","floor":30.0,"turns":2.0},{"damage":30.0,"enemies":"Snake Plant","floor":31.0,"turns":2.0},{"damage":47.0,"enemies":"Champ","floor":33.0,"turns":4.0},{"damage":16.0,"enemies":"3 Darklings","floor":35.0,"turns":4.0},{"damage":16.0,"enemies":"Orb Walker","floor":39.0,"turns":2.0},{"damage":22.0,"enemies":"3 Darklings","floor":41.0,"turns":3.0},{"damage":21.0,"enemies":"Reptomancer","floor":47.0,"turns":3.0},{"damage":20.0,"enemies":"Sphere and 2 Shapes","floor":48.0,"turns":2.0},{"damage":47,"enemies":"Time Eater","floor":50,"turns":4}],"seed_played":"7335636731014927656","potions_obtained":[{"floor":1.0,"key":"Fire Potion"},{"floor":6.0,"key":"Ancient Potion"},{"floor":29.0,"key":"Fruit Juice"},{"floor":31.0,"key":"LiquidBronze"},{"floor":47.0,"key":"Swift Potion"}],"is_trial":false,"path_per_floor":["M","?","?","$","?","E","R","T","T","E","R","M","M","$","R","B",null,"M","T","?","M","T","R","M","$","T","?","R","E","M","M","R","B",null,"M","?","?","$","M","R","M","R","T","?","T","?","M","M","R","B"],"character_chosen":"IRONCLAD","items_purchased":["Whirlwind","Inflame","Thunderclap","Inflame","ClockworkSouvenir"],"campfire_rested":1,"item_purchase_floors":[4,14,14,25,38],"current_hp_per_floor":[74,56,56,56,56,62,62,62,62,68,68,62,56,56,56,25,63,48,48,48,53,53,53,44,44,44,44,44,64,56,54,54,40,70,65,55,76,76,66,66,50,50,50,50,50,50,68,78,86,57],"gold":32,"neow_bonus":"THREE_ENEMY_KILL","is_prod":false,"is_daily":false,"chose_seed":false,"campfire_upgraded":8,"win_rate":0,"timestamp":1536009151,"path_taken":["M","?","?","$","?","E","R","?","T","E","R","M","M","$","R","BOSS","M","?","?","M","?","R","M","$","T","?","R","E","M","M","R","BOSS","M","?","?","$","M","R","M","R","T","?","?","?","M","M","R","BOSS"],"build_version":"2018-08-30","purchased_purges":2,"victory":true,"max_hp_per_floor":[75,75,75,75,75,75,75,75,75,75,75,75,75,75,75,75,75,75,75,75,75,75,75,75,75,75,75,75,80,80,80,80,80,80,83,83,83,83,83,83,83,83,83,83,83,83,83,86,86,86],"card_choices":[{"not_picked":["Dual Wield","Sword Boomerang"],"picked":"Twin Strike","floor":1.0},{"not_picked":["Dual Wield","Feel No Pain"],"picked":"Sword Boomerang","floor":6.0},{"not_picked":["Heavy Blade","Dropkick"],"picked":"Clash","floor":10.0},{"not_picked":["Ghostly Armor","Anger","Warcry"],"picked":"Heavy Blade","floor":12.0},{"not_picked":["Pommel Strike","Reckless Charge","Barricade"],"picked":"Infernal Blade","floor":13.0},{"not_picked":["Double Tap","Demon Form","Limit Break"],"picked":"Reaper","floor":16.0},{"not_picked":["Twin Strike","Armaments","Battle Trance+1","Hemokinesis"],"picked":"SKIP","floor":18.0},{"not_picked":["True Grit","Body Slam","Cleave","Warcry"],"picked":"SKIP","floor":21.0},{"not_picked":["Second Wind","Perfected Strike","Wild Strike"],"picked":"Offering","floor":24.0},{"not_picked":["Evolve","Armaments","Twin Strike","Hemokinesis"],"picked":"SKIP","floor":29.0},{"not_picked":["Pommel Strike","Thunderclap","Iron Wave"],"picked":"Sword Boomerang","floor":30.0},{"not_picked":["Disarm","Pommel Strike","Rampage"],"picked":"Feed","floor":31.0},{"not_picked":["Exhume","Dark Embrace","Barricade"],"picked":"Berserk","floor":33.0},{"not_picked":["Whirlwind","Cleave","Body Slam"],"picked":"Heavy Blade","floor":34.0},{"not_picked":["Bloodletting+1","Twin Strike","Carnage","Cleave+1"],"picked":"SKIP","floor":35.0},{"not_picked":["Swift Strike","Enlightenment","Thinking Ahead"],"picked":"PanicButton","floor":36.0},{"not_picked":["Swift Strike","Magnetism","Forethought"],"picked":"Trip","floor":36.0},{"not_picked":["Second Wind","Anger+1","Heavy Blade"],"picked":"Flex+1","floor":39.0},{"not_picked":["True Grit","Warcry","Heavy Blade","Sword Boomerang"],"picked":"SKIP","floor":41.0},{"not_picked":["Anger","Cleave+1","Pummel","True Grit"],"picked":"SKIP","floor":47.0},{"not_picked":["Wild Strike+1","Infernal Blade","Headbutt","Shockwave+1"],"picked":"SKIP","floor":48.0}],"player_experience":634040,"relics_obtained":[{"floor":6.0,"key":"Meat on the Bone"},{"floor":8.0,"key":"Bronze Scales"},{"floor":9.0,"key":"Letter Opener"},{"floor":10.0,"key":"Question Card"},{"floor":19.0,"key":"Oddly Smooth Stone"},{"floor":22.0,"key":"Juzu Bracelet"},{"floor":26.0,"key":"Pen Nib"},{"floor":29.0,"key":"Mummified Hand"},{"floor":43.0,"key":"Tiny Chest"},{"floor":45.0,"key":"StoneCalendar"}],"event_choices":[{"event_name":"Golden Idol","player_choice":"Take Damage","floor":2.0,"damage_taken":0.0},{"event_name":"Purifier","player_choice":"One Purge","floor":3.0,"damage_taken":0.0},{"event_name":"Bonfire Elementals","player_choice":"BASIC","floor":5.0,"damage_taken":0.0},{"event_name":"Drug Dealer","player_choice":"Inject Mutagens","floor":20.0,"damage_taken":0.0},{"event_name":"Accursed Blacksmith","player_choice":"Forge","floor":27.0,"damage_taken":0.0},{"event_name":"SensoryStone","player_choice":"Memory 3","floor":36.0,"damage_taken":0.0},{"event_name":"Winding Halls","player_choice":"Writhe","floor":37.0,"damage_taken":0.0},{"event_name":"Tomb of Lord Red Mask","player_choice":"Paid","floor":44.0,"damage_taken":0.0},{"event_name":"Mysterious Sphere","player_choice":"Ignore","floor":46.0,"damage_taken":0.0}],"is_beta":true,"boss_relics":[{"not_picked":["Snecko Eye","Calling Bell"],"picked":"Empty Cage"},{"not_picked":["Lizard Tail","Pandora\u0027s Box"],"picked":"Orrery"}],"items_purged_floors":[25,38],"is_endless":false,"potions_floor_spawned":[1,6,13,21,29,31,47],"ascension_level":14}