{"gold_per_floor":[117,117,117,117,31,69,69,84,110,128,128,93,93,117,117,212,212,231,256,256,256],"floor_reached":21,"playtime":315,"items_purged":[],"score":404,"play_id":"ed0b6799-9a4e-42c8-a5cd-1e713eaf7789","local_time":"20181120010949","is_ascension_mode":true,"campfire_choices":[{"data":"Zap","floor":7,"key":"SMITH"},{"data":"Static Discharge","floor":11,"key":"SMITH"},{"data":"Dualcast","floor":13,"key":"SMITH"},{"data":"Self Repair","floor":15,"key":"SMITH"}],"neow_cost":"NONE","seed_source_timestamp":48718646626731,"circlet_count":0,"master_deck":["AscendersBane","Strike_B","Strike_B","Strike_B","Strike_B","Defend_B","Defend_B","Defend_B","Defend_B","Zap+1","Dualcast+1","Heatsinks","Self Repair+1","Ball Lightning","Static Discharge+1","Machine Learning","Buffer+1"],"relics":["Cracked Core","NeowsBlessing","Golden Idol","Happy Flower","Smiling Mask","Coffee Dripper"],"potions_floor_usage":[16,16],"damage_taken":[{"damage":0,"enemies":"Cultist","floor":1,"turns":1},{"damage":0,"enemies":"Gremlin Nob","floor":6,"turns":1},{"damage":0,"enemies":"2 Louse","floor":8,"turns":1},{"damage":14,"enemies":"Jaw Worm","floor":10,"turns":3},{"damage":15,"enemies":"Large Slime","floor":14,"turns":3},{"damage":28,"enemies":"Slime Boss","floor":16,"turns":7},{"damage":6,"enemies":"3 Byrds","floor":18,"turns":1},{"damage":36,"enemies":"2 Thieves","floor":19,"turns":3},{"damage":35,"enemies":"Shelled Parasite and Fungi","floor":21,"turns":3}],"seed_played":"897359901107228590","potions_obtained":[{"floor":8,"key":"Fire Potion"},{"floor":10,"key":"SpeedPotion"},{"floor":16,"key":"Energy Potion"}],"is_trial":false,"path_per_floor":["M","?","?","?","$","E","R","M","T","M","R","?","R","M","R","B",null,"M","M","?","M"],"character_chosen":"DEFECT","items_purchased":["Self Repair"],"campfire_rested":0,"item_purchase_floors":[5],"current_hp_per_floor":[64,64,64,40,40,47,47,54,54,47,47,64,64,56,56,38,63,57,31,31,0],"gold":256,"neow_bonus":"THREE_ENEMY_KILL","is_prod":false,"is_daily":false,"chose_seed":false,"campfire_upgraded":4,"win_rate":0,"timestamp":1542672589,"path_taken":["M","?","?","?","?","E","R","M","T","M","R","?","R","M","R","BOSS","M","M","?","?"],"build_version":"2018-11-15","purchased_purges":0,"victory":false,"max_hp_per_floor":[71,71,71,71,71,71,71,71,71,71,71,71,71,71,71,71,71,71,71,71,71],"card_choices":[{"not_picked":["Leap","Go for the Eyes"],"picked":"Heatsinks","floor":1},{"not_picked":["Go for the Eyes","Turbo"],"picked":"Ball Lightning","floor":6},{"not_picked":["Gash","Lockon","Sweeping Beam"],"picked":"SKIP","floor":8},{"not_picked":["Sunder","Hologram"],"picked":"Static Discharge","floor":10},{"not_picked":["Hologram","Streamline"],"picked":"Machine Learning","floor":14},{"not_picked":["Machine Learning","Meteor Strike"],"picked":"Buffer","floor":16},{"not_picked":["Undo","Barrage","Go for the Eyes"],"picked":"SKIP","floor":18},{"not_picked":["Cold Snap","Barrage","Gash"],"picked":"SKIP","floor":19}],"player_experience":770646,"relics_obtained":[{"floor":6,"key":"Happy Flower"},{"floor":9,"key":"Smiling Mask"}],"event_choices":[{"damage_healed":0,"gold_gain":0,"player_choice":"Ignored","damage_taken":0,"max_hp_gain":0,"max_hp_loss":0,"event_name":"Shining Light","floor":2,"gold_loss":0},{"damage_healed":0,"gold_gain":0,"player_choice":"Ignored","damage_taken":0,"max_hp_gain":0,"max_hp_loss":0,"event_name":"Liars Game","floor":3,"gold_loss":0},{"damage_healed":0,"gold_gain":0,"player_choice":"Take Damage","damage_taken":24,"relics_obtained":["Golden Idol"],"max_hp_gain":0,"max_hp_loss":0,"event_name":"Golden Idol","floor":4,"gold_loss":0},{"damage_healed":17,"gold_gain":0,"player_choice":"Healed","damage_taken":0,"max_hp_gain":0,"max_hp_loss":0,"event_name":"The Cleric","floor":12,"gold_loss":35},{"damage_healed":0,"gold_gain":0,"player_choice":"Upgraded","damage_taken":0,"max_hp_gain":0,"max_hp_loss":0,"event_name":"Upgrade Shrine","floor":20,"gold_loss":0,"cards_upgraded":["Buffer"]}],"is_beta":true,"boss_relics":[{"not_picked":["Black Star","Busted Crown"],"picked":"Coffee Dripper"}],"items_purged_floors":[],"is_endless":false,"potions_floor_spawned":[8,10,16],"killed_by":"Shelled Parasite and Fungi","ascension_level":20}