{"gold_per_floor":[113,113,113,8,8,36,36,71,71,71,90,106,135,149,149,221,221,221,221,221,221,49,49,49,49,49,49,49,49,49,49,49,49,49,49,49,8,8,8,8,8,8,8,8,8,8,8,8,8,8,8],"floor_reached":52,"playtime":1944,"items_purged":["Strike_B"],"score":1881,"play_id":"4473ddf5-dfdd-4a38-8668-85e4fd55419b","local_time":"20181211162448","is_ascension_mode":true,"campfire_choices":[{"data":"Darkness","floor":7.0,"key":"SMITH"},{"data":"Redo","floor":10.0,"key":"SMITH"},{"data":"Streamline","floor":15.0,"key":"SMITH"},{"data":"Seek","floor":23.0,"key":"SMITH"},{"data":"Conserve Battery","floor":25.0,"key":"SMITH"},{"floor":29.0,"key":"REST"},{"data":"Creative AI","floor":32.0,"key":"SMITH"},{"data":"Defragment","floor":40.0,"key":"SMITH"},{"data":"Injury","floor":45.0,"key":"PURGE"},{"data":"Buffer","floor":49.0,"key":"SMITH"}],"neow_cost":"NONE","seed_source_timestamp":17400257641995,"circlet_count":0,"master_deck":["AscendersBane","Defend_B","Defend_B","Defend_B","Defend_B","Zap","Dualcast","Darkness+1","Redo+1","Conserve Battery+1","Cold Snap","Glacier","Electrodynamics","Streamline+1","Seek+1","Defragment+1","Melter","Creative AI+1","Glacier","Meteor Strike","Reinforced Body","Defragment+1","Defragment+1","Seek+1","Buffer+1"],"special_seed":0,"relics":["Cracked Core","NeowsBlessing","Dream Catcher","Letter Opener","Cables","Pear","Ectoplasm","Red Mask","Bag of Preparation","Meat on the Bone","Peace Pipe","Pantograph","Cursed Key","Old Coin","Girya","Anchor"],"potions_floor_usage":[51],"damage_taken":[{"damage":0.0,"enemies":"Jaw Worm","floor":1.0,"turns":1.0},{"damage":0.0,"enemies":"3 Sentries","floor":6.0,"turns":1.0},{"damage":0.0,"enemies":"Gremlin Nob","floor":8.0,"turns":1.0},{"damage":0.0,"enemies":"Small Slimes","floor":11.0,"turns":3.0},{"damage":1.0,"enemies":"2 Louse","floor":12.0,"turns":2.0},{"damage":1.0,"enemies":"3 Sentries","floor":13.0,"turns":4.0},{"damage":0.0,"enemies":"Exordium Thugs","floor":14.0,"turns":3.0},{"damage":11.0,"enemies":"The Guardian","floor":16.0,"turns":6.0},{"damage":1.0,"enemies":"Spheric Guardian","floor":18.0,"turns":3.0},{"damage":15.0,"enemies":"Masked Bandits","floor":19.0,"turns":4.0},{"damage":0.0,"enemies":"Chosen","floor":24.0,"turns":4.0},{"damage":41.0,"enemies":"Book of Stabbing","floor":28.0,"turns":6.0},{"damage":12.0,"enemies":"Automaton","floor":33.0,"turns":10.0},{"damage":0.0,"enemies":"3 Shapes","floor":35.0,"turns":3.0},{"damage":29.0,"enemies":"2 Orb Walkers","floor":38.0,"turns":6.0},{"damage":9.0,"enemies":"3 Darklings","floor":41.0,"turns":4.0},{"damage":2.0,"enemies":"Mind Bloom Boss Battle","floor":42.0,"turns":7.0},{"damage":8.0,"enemies":"Transient","floor":47.0,"turns":6.0},{"damage":36,"enemies":"Time Eater","floor":50,"turns":8},{"damage":11,"enemies":"Donu and Deca","floor":51,"turns":8}],"seed_played":"-2901427939454647727","potions_obtained":[{"floor":1.0,"key":"Regen Potion"},{"floor":8.0,"key":"SteroidPotion"},{"floor":16.0,"key":"GamblersBrew"},{"floor":21.0,"key":"EntropicBrew"},{"floor":21.0,"key":"Block Potion"},{"floor":38.0,"key":"PowerPotion"},{"floor":41.0,"key":"SpeedPotion"}],"is_trial":false,"path_per_floor":["M","?","?","$","?","E","R","E","T","R","M","M","E","M","R","B",null,"M","?","?","?","$","R","M","R","T","?","E","R","T","?","R","B",null,"M","?","$","?","$","R","M","?","T","$","R","?","M","$","R","B","B",null],"character_chosen":"DEFECT","items_purchased":["Redo","Bag of Preparation","Defragment"],"campfire_rested":1,"item_purchase_floors":[4,22,37],"current_hp_per_floor":[64,57,57,57,57,57,57,57,57,57,57,56,65,65,65,54,74,73,58,58,58,58,58,58,58,58,58,29,53,53,53,53,66,77,77,77,77,48,48,48,51,74,74,74,74,74,66,66,66,45,59],"gold":8,"neow_bonus":"THREE_ENEMY_KILL","is_prod":false,"is_daily":false,"chose_seed":false,"campfire_upgraded":8,"win_rate":0,"timestamp":1544541888,"path_taken":["M","?","?","$","?","E","R","E","T","R","M","M","E","M","R","BOSS","M","?","?","?","$","R","?","R","T","?","E","R","?","?","R","BOSS","M","?","$","?","?","R","?","?","T","$","R","?","M","$","R","BOSS","BOSS"],"build_version":"2018-12-10","purchased_purges":1,"victory":true,"max_hp_per_floor":[71,71,71,71,71,71,71,71,71,71,71,71,81,81,81,81,81,81,81,81,81,81,81,81,81,81,81,81,81,81,81,81,81,81,81,81,81,81,81,81,81,81,81,81,81,81,81,81,81,81,81],"card_choices":[{"not_picked":["Skim","Coolheaded"],"picked":"Darkness","floor":1.0},{"not_picked":["Steam","Reprogram"],"picked":"Conserve Battery","floor":6.0},{"not_picked":["Beam Cell","Compile Driver"],"picked":"Cold Snap","floor":8.0},{"not_picked":["Genetic Algorithm","Barrage","Go for the Eyes"],"picked":"SKIP","floor":11.0},{"not_picked":["Leap","Sweeping Beam"],"picked":"Glacier","floor":12.0},{"not_picked":["Go for the Eyes","Cold Snap"],"picked":"Electrodynamics","floor":13.0},{"not_picked":["Go for the Eyes","Cold Snap"],"picked":"Streamline","floor":14.0},{"not_picked":["Multi-Cast","Rainbow"],"picked":"Seek","floor":16.0},{"not_picked":["Barrage","Stack"],"picked":"Defragment+1","floor":18.0},{"not_picked":["Hello World","Coolheaded","Aggregate"],"picked":"SKIP","floor":24.0},{"not_picked":["Go for the Eyes","Stack","Sweeping Beam"],"picked":"SKIP","floor":28.0},{"not_picked":["Ball Lightning","FTL"],"picked":"Glacier","floor":29.0},{"not_picked":["Biased Cognition","Thunder Strike"],"picked":"Meteor Strike","floor":33.0},{"not_picked":["Leap","Streamline+1"],"picked":"Reinforced Body","floor":35.0},{"not_picked":["Multi-Cast","Chill","Ball Lightning+1"],"picked":"SKIP","floor":41.0},{"not_picked":["Reinforced Body","Recycle"],"picked":"Defragment+1","floor":42.0},{"not_picked":["Conserve Battery","Cold Snap"],"picked":"Buffer","floor":47.0}],"player_experience":808355,"relics_obtained":[{"floor":6.0,"key":"Dream Catcher"},{"floor":8.0,"key":"Letter Opener"},{"floor":9.0,"key":"Cables"},{"floor":13.0,"key":"Pear"},{"floor":19.0,"key":"Red Mask"},{"floor":26.0,"key":"Meat on the Bone"},{"floor":28.0,"key":"Peace Pipe"},{"floor":30.0,"key":"Pantograph"},{"floor":38.0,"key":"Old Coin"},{"floor":42.0,"key":"Girya"},{"floor":43.0,"key":"Anchor"}],"event_choices":[{"cards_removed":["Strike_B"],"damage_healed":0.0,"max_hp_gain":0.0,"max_hp_loss":0.0,"gold_gain":0.0,"event_name":"Golden Wing","player_choice":"Card Removal","floor":2.0,"gold_loss":0.0,"damage_taken":7.0},{"damage_healed":0.0,"max_hp_gain":0.0,"max_hp_loss":0.0,"gold_gain":0.0,"event_name":"Shining Light","player_choice":"Ignored","floor":3.0,"gold_loss":0.0,"damage_taken":0.0},{"damage_healed":0.0,"max_hp_gain":0.0,"max_hp_loss":0.0,"gold_gain":0.0,"event_name":"Golden Idol","player_choice":"Ignored","floor":5.0,"gold_loss":0.0,"damage_taken":0.0},{"damage_healed":0.0,"max_hp_gain":0.0,"max_hp_loss":0.0,"gold_gain":0.0,"event_name":"Masked Bandits","player_choice":"Fought Bandits","floor":19.0,"gold_loss":0.0,"damage_taken":0.0},{"damage_healed":0.0,"max_hp_gain":0.0,"max_hp_loss":0.0,"gold_gain":0.0,"cards_transformed":["Strike_B","Strike_B"],"event_name":"Drug Dealer","player_choice":"Became Test Subject","floor":20.0,"gold_loss":0.0,"damage_taken":0.0,"cards_obtained":["Melter","Aggregate"]},{"damage_healed":0.0,"max_hp_gain":0.0,"max_hp_loss":0.0,"gold_gain":0.0,"event_name":"Lab","player_choice":"Got Potions","floor":21.0,"gold_loss":0.0,"damage_taken":0.0},{"damage_healed":0.0,"max_hp_gain":0.0,"max_hp_loss":0.0,"gold_gain":0.0,"event_name":"The Library","player_choice":"Read","floor":27.0,"gold_loss":0.0,"damage_taken":0.0,"cards_obtained":["Creative AI"]},{"cards_removed":["Aggregate"],"damage_healed":0.0,"max_hp_gain":0.0,"max_hp_loss":0.0,"gold_gain":0.0,"event_name":"Wheel of Change","player_choice":"Card Removal","floor":31.0,"gold_loss":0.0,"damage_taken":0.0},{"damage_healed":0.0,"max_hp_gain":0.0,"max_hp_loss":0.0,"gold_gain":0.0,"event_name":"Tomb of Lord Red Mask","player_choice":"Ignored","floor":36.0,"gold_loss":0.0,"damage_taken":0.0},{"damage_healed":0.0,"max_hp_gain":0.0,"max_hp_loss":0.0,"gold_gain":0.0,"event_name":"Mysterious Sphere","player_choice":"Fight","floor":38.0,"gold_loss":0.0,"damage_taken":0.0},{"damage_healed":0.0,"max_hp_gain":0.0,"max_hp_loss":0.0,"gold_gain":0.0,"event_name":"MindBloom","player_choice":"Fight","floor":42.0,"gold_loss":0.0,"damage_taken":0.0},{"damage_healed":0.0,"max_hp_gain":0.0,"max_hp_loss":0.0,"gold_gain":0.0,"event_name":"Duplicator","player_choice":"Copied","floor":46.0,"gold_loss":0.0,"damage_taken":0.0,"cards_obtained":["Seek"]}],"is_beta":true,"boss_relics":[{"not_picked":["Empty Cage","Busted Crown"],"picked":"Ectoplasm"},{"not_picked":["Lizard Tail","Pandora\u0027s Box"],"picked":"Cursed Key"}],"items_purged_floors":[4],"is_endless":false,"potions_floor_spawned":[1,8,14,16,19,24,38,41],"ascension_level":20}