{"gold_per_floor":[214,227,101,116,116,116,144,144,170,170,245,26,42,57,57,131,131,147,160,179,104,114,114,149,149,149,75,86,100,100,0,0,78,78,89,89,89,30,48,48,66,81,108,125,144,33,33,33],"floor_reached":48,"playtime":1310,"items_purged":["Strike_R","Defend_R"],"score":863,"play_id":"265cce8b-db18-4364-8326-11f0323c3bb6","local_time":"20181027203405","is_ascension_mode":true,"campfire_choices":[{"data":"Perfected Strike","floor":6.0,"key":"SMITH"},{"data":"Perfected Strike","floor":8.0,"key":"SMITH"},{"data":"Reaper","floor":15.0,"key":"SMITH"},{"data":"Uppercut","floor":23.0,"key":"SMITH"},{"data":"Bash","floor":25.0,"key":"SMITH"},{"floor":32.0,"key":"REST"},{"floor":40,"key":"REST"}],"neow_cost":"NONE","seed_source_timestamp":27213998604759,"circlet_count":0,"master_deck":["Strike_R","Strike_R","Strike_R","Strike_R","Bash+1","AscendersBane","Perfected Strike+1","Perfected Strike+1","Rampage","Reaper+1","Offering","Thunderclap","Uppercut+1","Battle Trance","Demon Form","Wild Strike","Inflame","Heavy Blade","Twin Strike","Swift Strike","Perfected Strike","Flex","Twin Strike+1","Flex","Heavy Blade+1"],"special_seed":0,"relics":["Burning Blood","Boot","Potion Belt","Omamori","Toy Ornithopter","Cursed Key","Red Skull","Bag of Marbles","Empty Cage","Smiling Mask"],"potions_floor_usage":[39,45],"damage_taken":[{"damage":10.0,"enemies":"Small Slimes","floor":1.0,"turns":3.0},{"damage":1.0,"enemies":"Cultist","floor":2.0,"turns":3.0},{"damage":7.0,"enemies":"Jaw Worm","floor":4.0,"turns":3.0},{"damage":25.0,"enemies":"3 Sentries","floor":7.0,"turns":10.0},{"damage":13.0,"enemies":"Large Slime","floor":13.0,"turns":4.0},{"damage":15.0,"enemies":"Gremlin Gang","floor":14.0,"turns":5.0},{"damage":60.0,"enemies":"Slime Boss","floor":16.0,"turns":11.0},{"damage":7.0,"enemies":"Spheric Guardian","floor":18.0,"turns":3.0},{"damage":6.0,"enemies":"Chosen","floor":19.0,"turns":3.0},{"damage":19.0,"enemies":"Snake Plant","floor":20.0,"turns":2.0},{"damage":15.0,"enemies":"Centurion and Healer","floor":22.0,"turns":3.0},{"damage":36.0,"enemies":"Slavers","floor":24.0,"turns":5.0},{"damage":27.0,"enemies":"Shelled Parasite and Fungi","floor":28.0,"turns":3.0},{"damage":13.0,"enemies":"Snake Plant","floor":29.0,"turns":2.0},{"damage":68.0,"enemies":"Champ","floor":33.0,"turns":7.0},{"damage":14.0,"enemies":"Orb Walker","floor":35.0,"turns":2.0},{"damage":61,"enemies":"3 Shapes","floor":39,"turns":4},{"damage":29,"enemies":"Jaw Worm Horde","floor":41,"turns":3},{"damage":29,"enemies":"4 Shapes","floor":42,"turns":4},{"damage":22,"enemies":"Transient","floor":44,"turns":6},{"damage":34,"enemies":"Jaw Worm Horde","floor":45,"turns":3},{"damage":36,"enemies":"Maw","floor":48,"turns":3}],"seed_played":"-540355573567976359","potions_obtained":[{"floor":1.0,"key":"AttackPotion"},{"floor":2.0,"key":"SpeedPotion"},{"floor":7.0,"key":"Regen Potion"},{"floor":10.0,"key":"EntropicBrew"},{"floor":10.0,"key":"SmokeBomb"},{"floor":19.0,"key":"LiquidBronze"},{"floor":22.0,"key":"FearPotion"},{"floor":28.0,"key":"Strength Potion"},{"floor":29.0,"key":"PowerPotion"},{"floor":39,"key":"BloodPotion"},{"floor":41,"key":"Dexterity Potion"}],"is_trial":false,"path_per_floor":["M","M","$","M","?","R","E","R","T","?","?","$","M","M","R","B",null,"M","M","M","?","M","R","E","R","T","$","M","M","?","$","R","B",null,"M","?","?","$","M","R","M","M","T","M","M","$","?"],"character_chosen":"IRONCLAD","items_purchased":["Perfected Strike","Toy Ornithopter","Inflame","Perfected Strike","SteroidPotion","Strength Potion"],"campfire_rested":2,"item_purchase_floors":[3,12,27,38,46,46],"current_hp_per_floor":[64,69,69,68,68,68,49,49,49,49,38,38,31,41,41,12,59,58,65,57,57,62,62,52,52,52,52,41,34,34,34,56,20,61,60,60,60,60,25,47,28,26,26,10,30,30,30,6],"gold":33,"neow_bonus":"HUNDRED_GOLD","is_prod":false,"is_daily":false,"chose_seed":false,"campfire_upgraded":5,"win_rate":0,"timestamp":1540665245,"path_taken":["M","M","$","M","?","R","E","R","T","?","?","$","M","M","R","BOSS","M","?","M","?","M","R","E","R","T","?","M","M","?","?","R","BOSS","M","?","?","$","M","R","M","M","T","M","M","$","?","M"],"build_version":"2018-10-25v2","purchased_purges":2,"victory":false,"max_hp_per_floor":[75,75,75,75,75,75,75,75,75,75,75,75,75,75,75,75,75,75,75,75,75,75,75,75,75,75,75,75,75,75,75,75,75,75,75,75,75,75,75,75,75,75,75,75,75,75,75,75],"card_choices":[{"not_picked":["Sentinel","Shrug It Off","True Grit"],"picked":"SKIP","floor":1.0},{"not_picked":["Sword Boomerang","Uppercut"],"picked":"Perfected Strike","floor":2.0},{"not_picked":["Sentinel","Warcry"],"picked":"Rampage","floor":4.0},{"not_picked":["Shrug It Off","Combust","Anger"],"picked":"SKIP","floor":7.0},{"not_picked":["Combust","Clothesline","Blood for Blood"],"picked":"SKIP","floor":13.0},{"not_picked":["True Grit","Disarm"],"picked":"Reaper","floor":14.0},{"not_picked":["Brutality","Dark Embrace"],"picked":"Offering","floor":16.0},{"not_picked":["Warcry","Body Slam"],"picked":"Thunderclap","floor":18.0},{"not_picked":["Dropkick","Power Through"],"picked":"Uppercut","floor":19.0},{"not_picked":["Pummel","Shockwave"],"picked":"Battle Trance","floor":20.0},{"not_picked":["Clothesline","Sword Boomerang"],"picked":"Demon Form","floor":22.0},{"not_picked":["Dark Embrace","Carnage+1"],"picked":"Wild Strike","floor":24.0},{"not_picked":["Hemokinesis","Iron Wave"],"picked":"Heavy Blade","floor":28.0},{"not_picked":["Cleave+1","Rupture","Entrench+1"],"picked":"SKIP","floor":29.0},{"not_picked":["Bludgeon","Impervious"],"picked":"Double Tap","floor":33.0},{"not_picked":["Flex","Burning Pact"],"picked":"Twin Strike","floor":35.0},{"not_picked":["Flash of Steel","The Bomb"],"picked":"Swift Strike","floor":36.0},{"not_picked":["Searing Blow","Sword Boomerang","Power Through"],"picked":"SKIP","floor":39},{"not_picked":["Pommel Strike","Evolve"],"picked":"Flex","floor":41},{"not_picked":["Pommel Strike+1","Ghostly Armor"],"picked":"Twin Strike+1","floor":42},{"not_picked":["Clothesline+1","Anger"],"picked":"Flex","floor":44},{"not_picked":["Clash","Flame Barrier"],"picked":"Heavy Blade+1","floor":45}],"player_experience":702476,"relics_obtained":[{"floor":7.0,"key":"Potion Belt"},{"floor":9.0,"key":"Omamori"},{"floor":24.0,"key":"Red Skull"},{"floor":26.0,"key":"Bag of Marbles"},{"floor":43,"key":"Smiling Mask"}],"event_choices":[{"damage_healed":0.0,"max_hp_gain":0.0,"max_hp_loss":0.0,"gold_gain":0.0,"event_name":"WeMeetAgain","player_choice":"Gave Potion","floor":5.0,"gold_loss":0.0,"damage_taken":0.0,"relics_obtained":["Boot"]},{"damage_healed":0.0,"max_hp_gain":0.0,"max_hp_loss":0.0,"gold_gain":0.0,"event_name":"The Lab","player_choice":"Got Potions","floor":10.0,"gold_loss":0.0,"damage_taken":0.0},{"damage_healed":0.0,"max_hp_gain":0.0,"max_hp_loss":0.0,"gold_gain":75.0,"event_name":"World of Goop","player_choice":"Gather Gold","floor":11.0,"gold_loss":0.0,"damage_taken":11.0},{"cards_removed":["Defend_R"],"damage_healed":0.0,"max_hp_gain":0.0,"max_hp_loss":0.0,"gold_gain":0.0,"event_name":"Beggar","player_choice":"Gave Gold","floor":21.0,"gold_loss":75.0,"damage_taken":0.0},{"damage_healed":0.0,"max_hp_gain":0.0,"max_hp_loss":0.0,"gold_gain":0.0,"event_name":"Match and Keep!","player_choice":"0 cards matched","floor":30.0,"gold_loss":0.0,"damage_taken":0.0,"cards_obtained":[]},{"damage_healed":0.0,"max_hp_gain":0.0,"max_hp_loss":0.0,"gold_gain":0.0,"event_name":"SensoryStone","player_choice":"Memory 1","floor":36.0,"gold_loss":0.0,"damage_taken":0.0},{"damage_healed":0.0,"max_hp_gain":0.0,"max_hp_loss":0.0,"gold_gain":0.0,"event_name":"SecretPortal","player_choice":"Ignored","floor":37.0,"gold_loss":0.0,"damage_taken":0.0},{"cards_removed":["Double Tap"],"damage_healed":0,"gold_gain":0,"player_choice":"Removed Skill","damage_taken":0,"max_hp_gain":0,"max_hp_loss":0,"event_name":"Falling","floor":47,"gold_loss":0}],"is_beta":true,"boss_relics":[{"not_picked":["Astrolabe","Orrery"],"picked":"Cursed Key"},{"not_picked":["Black Star","Pandora\u0027s Box"],"picked":"Empty Cage"}],"items_purged_floors":[3,31],"is_endless":false,"potions_floor_spawned":[1,2,7,19,22,28,29,39,41],"killed_by":"Maw","ascension_level":18}