{"gold_per_floor":[115,115,128,145,8,34,34,34,34,46,68,80,121,150,162,272,284,284,269,269,269,269,269,269,269,269,269,269,269,269,269,269,269,269,269,269,269,269,38,38,38,38,38,1,1,1,1,1,1,1],"floor_reached":51,"playtime":2751,"items_purged":[],"score":1058,"play_id":"dcd8ee4c-a5fe-4681-8404-24a936b610a3","local_time":"20180730221911","is_ascension_mode":true,"campfire_choices":[{"data":"Zap","floor":7,"key":"SMITH"},{"data":"Sunder","floor":10,"key":"SMITH"},{"data":"Static Discharge","floor":12,"key":"SMITH"},{"floor":15,"key":"REST"},{"floor":24,"key":"REST"},{"data":"Buffer","floor":27,"key":"SMITH"},{"floor":29,"key":"REST"},{"floor":32,"key":"REST"},{"data":"Defragment","floor":40,"key":"SMITH"},{"data":"Thunder Strike","floor":46,"key":"SMITH"},{"floor":49,"key":"REST"}],"neow_cost":"NONE","seed_source_timestamp":41173840678260,"circlet_count":0,"master_deck":["Strike_B","Strike_B","Strike_B","Strike_B","Defend_B","Defend_B","Defend_B","Defend_B","Zap+1","Dualcast","Sunder+1","Ball Lightning","Static Discharge+1","Melter","Panacea","All For One","Reboot","Capacitor","Fusion","Thunder Strike+1","Cold Snap","Auto Shields","Leap","Buffer+1","Conserve Battery+1","Amplify","Beam Cell+1","Beam Cell+1","Gash+1","All For One+1","Storm+1","Buffer+1","Defragment+1","Force Field+1","Regret","Reinforced Body","White Noise","Gash+1","Go for the Eyes+1"],"relics":["Cracked Core","Vajra","CultistMask","Bottled Lightning","MawBank","Thread and Needle","Ectoplasm","Happy Flower","Shuriken","Mercury Hourglass","Molten Egg 2","Red Mask","Ancient Tea Set","Cursed Key","Ginger","Lee\u0027s Waffle","Pen Nib","Mummified Hand"],"potions_floor_usage":[6,16,19,23,23,23,25,28,28,30,30,33,50,50],"damage_taken":[{"damage":4,"enemies":"Jaw Worm","floor":1,"turns":3},{"damage":0,"enemies":"Cultist","floor":3,"turns":2},{"damage":0,"enemies":"Small Slimes","floor":4,"turns":2},{"damage":8,"enemies":"Gremlin Nob","floor":6,"turns":3},{"damage":2,"enemies":"Exordium Wildlife","floor":11,"turns":3},{"damage":25,"enemies":"Lagavulin","floor":13,"turns":5},{"damage":10,"enemies":"Lots of Slimes","floor":14,"turns":3},{"damage":39,"enemies":"Hexaghost","floor":16,"turns":8},{"damage":7,"enemies":"Shell Parasite","floor":18,"turns":3},{"damage":1,"enemies":"2 Thieves","floor":19,"turns":2},{"damage":4,"enemies":"Sentry and Sphere","floor":21,"turns":3},{"damage":8,"enemies":"Snake Plant","floor":22,"turns":3},{"damage":7,"enemies":"Slavers","floor":23,"turns":5},{"damage":26,"enemies":"Book of Stabbing","floor":25,"turns":4},{"damage":0,"floor":28,"turns":3},{"damage":15,"enemies":"Gremlin Leader","floor":30,"turns":5},{"damage":11,"enemies":"Snecko","floor":31,"turns":3},{"damage":35,"enemies":"Collector","floor":33,"turns":8},{"damage":0,"enemies":"3 Darklings","floor":35,"turns":3},{"damage":14,"floor":37,"turns":5},{"damage":39,"enemies":"2 Orb Walkers","floor":41,"turns":4},{"damage":0,"enemies":"Flame Bruiser 1 Orb","floor":42,"turns":3},{"damage":0,"enemies":"Transient","floor":45,"turns":5},{"damage":0,"enemies":"4 Shapes","floor":47,"turns":4},{"damage":1,"enemies":"Sphere and 2 Shapes","floor":48,"turns":3},{"damage":24,"enemies":"Awakened One","floor":50,"turns":11}],"seed_played":"-5207661103137169866","potions_obtained":[{"floor":1,"key":"PowerPotion"},{"floor":13,"key":"FearPotion"},{"floor":14,"key":"SneckoOil"},{"floor":16,"key":"Fire Potion"},{"floor":21,"key":"PowerPotion"},{"floor":22,"key":"Block Potion"},{"floor":23,"key":"PowerPotion"},{"floor":25,"key":"EntropicBrew"},{"floor":28,"key":"Energy Potion"},{"floor":41,"key":"Weak Potion"},{"floor":42,"key":"EssenceOfSteel"}],"is_trial":false,"path_per_floor":["M","?","M","M","$","E","R","?","T","R","M","R","E","M","R","B",null,"M","M","?","M","M","E","R","E","T","R","?","R","E","M","R","B",null,"M","?","?","?","$","R","E","M","T","$","M","R","M","M","R","B"],"character_chosen":"DEFECT","items_purchased":["Static Discharge","Melter","Defragment","Lee\u0027s Waffle","Reinforced Body"],"campfire_rested":5,"item_purchase_floors":[5,5,39,39,44],"current_hp_per_floor":[64,64,64,64,64,56,56,56,56,56,54,54,29,19,41,2,57,50,49,49,45,37,30,52,26,26,26,26,48,33,22,44,9,59,59,59,45,45,82,82,43,43,43,43,43,43,43,42,66,42],"gold":1,"neow_bonus":"RANDOM_COMMON_RELIC","is_prod":false,"is_daily":false,"chose_seed":false,"campfire_upgraded":6,"win_rate":0,"timestamp":1532981951,"path_taken":["M","?","M","M","$","E","R","?","T","R","M","R","E","M","R","BOSS","M","?","?","M","M","E","R","E","T","R","?","R","E","M","R","BOSS","M","?","?","?","?","R","E","?","T","$","M","R","M","M","R","BOSS"],"build_version":"2018-07-26","purchased_purges":0,"victory":true,"max_hp_per_floor":[75,75,75,75,75,75,75,75,75,75,75,75,75,75,75,75,75,75,75,75,75,75,75,75,75,75,75,75,75,75,75,75,75,75,75,75,75,75,82,82,82,82,82,82,82,82,82,82,82,82],"card_choices":[{"not_picked":["Ball Lightning","FTL"],"picked":"Sunder","floor":1},{"not_picked":["Turbo","Sweeping Beam"],"picked":"Ball Lightning","floor":3},{"not_picked":["Doom and Gloom","Steam","Stack"],"picked":"SKIP","floor":4},{"not_picked":["Redo","Compile Driver","Reprogram"],"picked":"SKIP","floor":6},{"not_picked":["Blizzard","Skim"],"picked":"Reboot","floor":11},{"not_picked":["Steam","Gash"],"picked":"Capacitor","floor":13},{"not_picked":["Redo","BootSequence"],"picked":"Fusion","floor":14},{"not_picked":["Seek","Machine Learning"],"picked":"Thunder Strike","floor":16},{"not_picked":["Sweeping Beam","Rebound+1"],"picked":"Cold Snap","floor":18},{"not_picked":["Scrape","Compile Driver+1"],"picked":"Auto Shields","floor":19},{"not_picked":["Darkness","Stack"],"picked":"Leap","floor":21},{"not_picked":["Rebound","BootSequence"],"picked":"Buffer","floor":22},{"not_picked":["Loop","Sunder+1"],"picked":"Conserve Battery+1","floor":23},{"not_picked":["Undo","Force Field"],"picked":"Amplify","floor":25},{"not_picked":["Scrape+1","Turbo"],"picked":"Beam Cell+1","floor":28},{"not_picked":["Glacier+1","Rebound+1"],"picked":"Beam Cell+1","floor":30},{"not_picked":["Streamline+1","Leap"],"picked":"Gash+1","floor":31},{"not_picked":["Seek","Machine Learning"],"picked":"All For One+1","floor":33},{"not_picked":["Turbo+1","Conserve Battery"],"picked":"Storm+1","floor":35},{"not_picked":["Hologram","Ball Lightning+1"],"picked":"Force Field+1","floor":41},{"not_picked":["Coolheaded+1","Cold Snap+1","Stack+1"],"picked":"SKIP","floor":42},{"not_picked":["Turbo","Ball Lightning+1"],"picked":"White Noise","floor":45},{"not_picked":["Ball Lightning+1","Glacier"],"picked":"Gash+1","floor":47},{"not_picked":["Beam Cell+1","Barrage+1"],"picked":"Go for the Eyes+1","floor":48}],"player_experience":467053,"relics_obtained":[{"floor":6,"key":"Bottled Lightning"},{"floor":9,"key":"MawBank"},{"floor":13,"key":"Thread and Needle"},{"floor":23,"key":"Shuriken"},{"floor":25,"key":"Mercury Hourglass"},{"floor":26,"key":"Molten Egg 2"},{"floor":28,"key":"Red Mask"},{"floor":30,"key":"Ancient Tea Set"},{"floor":37,"key":"Ginger"},{"floor":41,"key":"Pen Nib"},{"floor":43,"key":"Mummified Hand"}],"event_choices":[{"event_name":"FaceTrader","player_choice":"Trade","floor":2,"damage_taken":0},{"event_name":"Match and Keep!","player_choice":"2 cards matched","floor":8,"damage_taken":0},{"event_name":"The Mausoleum","player_choice":"Yes","floor":20,"damage_taken":0},{"event_name":"Golden Shrine","player_choice":"Skipped","floor":36,"damage_taken":0},{"event_name":"MindBloom","player_choice":"Fight","floor":37,"damage_taken":0},{"event_name":"Duplicator","player_choice":"One dupe","floor":38,"damage_taken":0}],"is_beta":true,"boss_relics":[{"not_picked":["Runic Dome","Pandora\u0027s Box"],"picked":"Ectoplasm"},{"not_picked":["Orrery","Runic Pyramid"],"picked":"Cursed Key"}],"items_purged_floors":[],"is_endless":false,"potions_floor_spawned":[1,13,14,16,21,22,23,25,28,41,42],"ascension_level":9}