{"gold_per_floor":[112,262,187,187,203,235,235,160,160,194,214,214],"floor_reached":12,"playtime":197,"items_purged":["Strike_R"],"score":222,"play_id":"26bd5369-2f66-40a1-b173-e592a7423c98","local_time":"20181028180556","is_ascension_mode":true,"campfire_choices":[{"data":"Body Slam","floor":7,"key":"SMITH"}],"neow_cost":"NONE","seed_source_timestamp":29264251896969,"circlet_count":0,"master_deck":["Strike_R+1","Strike_R","Strike_R","Strike_R","Defend_R","Defend_R","Defend_R","Defend_R","Bash+1","AscendersBane","Shrug It Off","Body Slam+1","Body Slam","Impervious"],"relics":["Burning Blood","NeowsBlessing","Boot","Paper Frog","Sundial"],"potions_floor_usage":[10],"damage_taken":[{"damage":0,"enemies":"2 Louse","floor":1,"turns":1},{"damage":0,"enemies":"Small Slimes","floor":5,"turns":1},{"damage":0,"enemies":"3 Sentries","floor":6,"turns":2},{"damage":19,"enemies":"Gremlin Nob","floor":10,"turns":4},{"damage":4,"enemies":"Jaw Worm","floor":11,"turns":3},{"damage":49,"enemies":"3 Sentries","floor":12,"turns":8}],"seed_played":"181974736170987145","potions_obtained":[{"floor":1,"key":"Ancient Potion"},{"floor":6,"key":"Ancient Potion"}],"is_trial":false,"path_per_floor":["M","?","?","?","M","E","R","$","T","E","M"],"character_chosen":"IRONCLAD","items_purchased":[],"campfire_rested":0,"item_purchase_floors":[],"current_hp_per_floor":[74,74,74,51,57,63,63,63,63,50,52,3],"gold":214,"neow_bonus":"THREE_ENEMY_KILL","is_prod":false,"is_daily":false,"chose_seed":false,"campfire_upgraded":1,"win_rate":0,"timestamp":1540746356,"path_taken":["M","?","?","?","M","E","R","$","T","E","?","E"],"build_version":"2018-10-25v2","purchased_purges":1,"victory":false,"max_hp_per_floor":[75,75,75,75,75,75,75,75,75,75,75,75],"card_choices":[{"not_picked":["Battle Trance","Heavy Blade"],"picked":"Shrug It Off","floor":1},{"not_picked":["Iron Wave","Pommel Strike","Cleave"],"picked":"SKIP","floor":5},{"not_picked":["Pommel Strike","Hemokinesis"],"picked":"Body Slam","floor":6},{"not_picked":["Flex","Headbutt"],"picked":"Body Slam","floor":10},{"not_picked":["Sword Boomerang","Warcry"],"picked":"Impervious","floor":11}],"player_experience":712834,"relics_obtained":[{"floor":6,"key":"Boot"},{"floor":9,"key":"Paper Frog"},{"floor":10,"key":"Sundial"}],"event_choices":[{"damage_healed":0,"gold_gain":150,"player_choice":"AGREE","damage_taken":0,"max_hp_gain":0,"max_hp_loss":0,"event_name":"Liars Game","floor":2,"gold_loss":0,"cards_obtained":["Doubt"]},{"cards_removed":["Doubt"],"damage_healed":0,"gold_gain":0,"player_choice":"Card Removal","damage_taken":0,"max_hp_gain":0,"max_hp_loss":0,"event_name":"The Cleric","floor":3,"gold_loss":75},{"damage_healed":0,"gold_gain":0,"player_choice":"Entered Light","damage_taken":23,"max_hp_gain":0,"max_hp_loss":0,"event_name":"Shining Light","floor":4,"gold_loss":0,"cards_upgraded":["Strike_R","Bash"]}],"is_beta":true,"boss_relics":[],"items_purged_floors":[8],"is_endless":false,"potions_floor_spawned":[1,6],"killed_by":"3 Sentries","ascension_level":20}