{"gold_per_floor":[114,128,138,313,7,7,23,48,75,75,93,110,144,164,164,268,268,268,268,268,268,268,268,248,248,248,248,248,248,68,68,68,68,68,68,68,68,68,68,68,68,68,68,68,68,68,20,20,20,20,20,20,20,20,20],"floor_reached":56,"playtime":2005,"items_purged":["Doubt","Writhe"],"score":1256,"play_id":"5e1d1f17-3bb9-48e6-91f9-539ff335b4b9","local_time":"20181105221447","is_ascension_mode":false,"campfire_choices":[{"data":"Fission","floor":6.0,"key":"SMITH"},{"data":"Capacitor","floor":10.0,"key":"SMITH"},{"data":"Consume","floor":15.0,"key":"SMITH"},{"data":"Buffer","floor":29.0,"key":"SMITH"},{"data":"Loop","floor":32.0,"key":"SMITH"},{"floor":40.0,"key":"RECALL"},{"data":"Buffer","floor":42.0,"key":"SMITH"},{"data":"Redo","floor":44.0,"key":"SMITH"},{"data":"Zap","floor":49.0,"key":"SMITH"},{"data":"Glacier","floor":52.0,"key":"SMITH"}],"neow_cost":"NONE","seed_source_timestamp":213430206114265,"circlet_count":0,"master_deck":["Strike_B","Strike_B","Strike_B","Defend_B","Defend_B","Defend_B","Defend_B","Zap+1","Dualcast","Echo Form","Redo+1","Fission+1","Self Repair","Glacier+1","Capacitor+1","Consume+1","Electrodynamics","Ball Lightning","Buffer+1","Heatsinks+1","Loop+1","Buffer+1","Ball Lightning"],"special_seed":0,"relics":["Cracked Core","Odd Mushroom","Regal Pillow","Ectoplasm","Nloth\u0027s Gift","Meat on the Bone","Singing Bowl","Busted Crown","CultistMask","Ginger","Ornamental Fan","Calipers"],"potions_floor_usage":[55,55,55],"damage_taken":[{"damage":0.0,"enemies":"Cultist","floor":1.0,"turns":3.0},{"damage":0.0,"enemies":"2 Louse","floor":2.0,"turns":1.0},{"damage":0.0,"enemies":"Small Slimes","floor":3.0,"turns":3.0},{"damage":14.0,"enemies":"3 Louse","floor":7.0,"turns":4.0},{"damage":7.0,"enemies":"The Mushroom Lair","floor":8.0,"turns":5.0},{"damage":20.0,"enemies":"Gremlin Gang","floor":11.0,"turns":6.0},{"damage":16.0,"enemies":"2 Fungi Beasts","floor":12.0,"turns":6.0},{"damage":34.0,"enemies":"Gremlin Nob","floor":13.0,"turns":5.0},{"damage":8.0,"enemies":"Red Slaver","floor":14.0,"turns":5.0},{"damage":13.0,"enemies":"The Guardian","floor":16.0,"turns":9.0},{"damage":6.0,"enemies":"Chosen","floor":18.0,"turns":6.0},{"damage":10.0,"enemies":"3 Byrds","floor":19.0,"turns":3.0},{"damage":0.0,"enemies":"Snecko","floor":22.0,"turns":6.0},{"damage":10.0,"enemies":"Book of Stabbing","floor":23.0,"turns":5.0},{"damage":0.0,"enemies":"Sentry and Sphere","floor":25.0,"turns":4.0},{"damage":35.0,"enemies":"Snake Plant","floor":28.0,"turns":4.0},{"damage":7.0,"enemies":"Centurion and Healer","floor":31.0,"turns":4.0},{"damage":14.0,"enemies":"Collector","floor":33.0,"turns":8.0},{"damage":25.0,"enemies":"Orb Walker","floor":35.0,"turns":5.0},{"damage":0.0,"enemies":"3 Shapes","floor":37.0,"turns":5.0},{"damage":32.0,"enemies":"3 Darklings","floor":39.0,"turns":4.0},{"damage":0.0,"enemies":"Giant Head","floor":45.0,"turns":8.0},{"damage":0.0,"enemies":"Maw","floor":46.0,"turns":9.0},{"damage":10.0,"enemies":"Writhing Mass","floor":48.0,"turns":5.0},{"damage":52.0,"enemies":"Awakened One","floor":50.0,"turns":10.0},{"damage":20.0,"enemies":"Shield and Spear","floor":54.0,"turns":5.0},{"damage":44,"enemies":"The Heart","floor":55,"turns":13}],"seed_played":"2144085105490236429","potions_obtained":[{"floor":3.0,"key":"Weak Potion"},{"floor":7.0,"key":"Block Potion"},{"floor":11.0,"key":"FocusPotion"},{"floor":13.0,"key":"LiquidBronze"},{"floor":14.0,"key":"SteroidPotion"},{"floor":18.0,"key":"SkillPotion"},{"floor":19.0,"key":"GamblersBrew"},{"floor":22.0,"key":"Fire Potion"},{"floor":24.0,"key":"Poison Potion"},{"floor":33.0,"key":"GamblersBrew"},{"floor":35.0,"key":"Fire Potion"},{"floor":54.0,"key":"Dexterity Potion"}],"is_trial":false,"path_per_floor":["M","M","M","?","$","R","M","?","T","R","M","M","E","M","R","B",null,"M","M","?","?","M","E","?","M","T","?","M","R","$","M","R","B",null,"M","?","M","?","M","R","?","R","T","R","E","M","$","M","R","B",null,"R","$","E","B",null],"character_chosen":"DEFECT","items_purchased":["Fission","Self Repair","Loop","Ball Lightning"],"campfire_rested":0,"item_purchase_floors":[5,5,30,47],"current_hp_per_floor":[75,75,75,75,75,75,75,75,75,75,69,67,33,32,32,33,75,75,72,72,72,75,65,65,65,65,65,44,44,44,51,51,56,79,63,63,79,71,53,53,53,53,53,53,62,71,71,70,70,37,91,91,91,73,48],"gold":20,"neow_bonus":"ONE_RANDOM_RARE_CARD","is_prod":false,"is_daily":false,"chose_seed":false,"campfire_upgraded":9,"win_rate":0,"timestamp":1541452487,"path_taken":["M","M","?","?","$","R","M","?","T","R","M","M","E","M","R","BOSS","M","M","?","?","?","E","?","?","T","?","M","R","$","M","R","BOSS","M","?","M","?","?","R","?","R","T","R","E","M","$","M","R","BOSS","R","$","E","BOSS"],"build_version":"2018-11-02","purchased_purges":2,"victory":true,"max_hp_per_floor":[75,75,75,75,75,75,75,75,75,75,75,75,75,75,75,75,75,75,75,75,75,75,75,75,75,75,75,77,77,77,79,79,79,79,81,81,83,83,85,85,85,85,85,85,87,89,89,91,91,91,91,91,91,93,93],"card_choices":[{"not_picked":["Gash","Barrage","Reprogram"],"picked":"SKIP","floor":1.0},{"not_picked":["Steam","Beam Cell"],"picked":"Redo","floor":2.0},{"not_picked":["Undo","Gash","Beam Cell"],"picked":"SKIP","floor":3.0},{"not_picked":["Sweeping Beam","Scrape"],"picked":"Glacier","floor":7.0},{"not_picked":["Beam Cell","Coolheaded"],"picked":"Capacitor","floor":8.0},{"not_picked":["Turbo","Chill"],"picked":"Consume","floor":11.0},{"not_picked":["Reinforced Body","Redo","Aggregate"],"picked":"SKIP","floor":12.0},{"not_picked":["Loop","Go for the Eyes"],"picked":"Electrodynamics","floor":13.0},{"not_picked":["Compile Driver","Rebound"],"picked":"Ball Lightning","floor":14.0},{"not_picked":["Electrodynamics","Reboot"],"picked":"Buffer","floor":16.0},{"not_picked":["Turbo+1","Go for the Eyes+1","Stack+1"],"picked":"SKIP","floor":18.0},{"not_picked":["Heatsinks+1","Stack","Genetic Algorithm+1"],"picked":"SKIP","floor":19.0},{"not_picked":["Stack","Genetic Algorithm+1"],"picked":"Heatsinks+1","floor":19.0},{"not_picked":["Turbo+1","Chill","Streamline+1"],"picked":"SKIP","floor":22.0},{"not_picked":["Compile Driver","BootSequence","Gash"],"picked":"SKIP","floor":23.0},{"not_picked":["Ball Lightning","Fission","Beam Cell"],"picked":"SKIP","floor":25.0},{"not_picked":["Go for the Eyes+1","Barrage","Lockon"],"picked":"Singing Bowl","floor":28.0},{"not_picked":["Go for the Eyes","Beam Cell","Turbo"],"picked":"Singing Bowl","floor":31.0},{"not_picked":["Amplify","Fission"],"picked":"Buffer","floor":33.0},{"not_picked":["Fusion"],"picked":"Singing Bowl","floor":35.0},{"not_picked":["Barrage"],"picked":"Singing Bowl","floor":37.0},{"not_picked":["Fusion"],"picked":"Singing Bowl","floor":39.0},{"not_picked":["Reboot"],"picked":"Singing Bowl","floor":45.0},{"not_picked":["Genetic Algorithm+1"],"picked":"Singing Bowl","floor":46.0},{"not_picked":["Rebound"],"picked":"Singing Bowl","floor":48.0},{"not_picked":["Electrodynamics"],"picked":"Singing Bowl","floor":54.0}],"player_experience":746698,"relics_obtained":[{"floor":8.0,"key":"Odd Mushroom"},{"floor":9.0,"key":"Regal Pillow"},{"floor":13.0,"key":"Potion Belt"},{"floor":23.0,"key":"Meat on the Bone"},{"floor":43.0,"key":"Ginger"},{"floor":45.0,"key":"Ornamental Fan"},{"floor":54.0,"key":"Calipers"}],"event_choices":[{"damage_healed":0.0,"max_hp_gain":0.0,"max_hp_loss":0.0,"gold_gain":175.0,"event_name":"Liars Game","player_choice":"AGREE","floor":4.0,"gold_loss":0.0,"damage_taken":0.0,"cards_obtained":["Doubt"]},{"damage_healed":0.0,"max_hp_gain":0.0,"max_hp_loss":0.0,"gold_gain":0.0,"event_name":"Mushrooms","player_choice":"Fought Mushrooms","floor":8.0,"gold_loss":0.0,"damage_taken":0.0},{"damage_healed":0.0,"max_hp_gain":0.0,"max_hp_loss":0.0,"gold_gain":0.0,"event_name":"Vampires","player_choice":"Ignored","floor":20.0,"gold_loss":0.0,"damage_taken":0.0},{"damage_healed":0.0,"max_hp_gain":0.0,"max_hp_loss":0.0,"gold_gain":0.0,"event_name":"N\u0027loth","player_choice":"Traded Relic","floor":21.0,"relics_lost":["Potion Belt"],"gold_loss":0.0,"damage_taken":0.0,"relics_obtained":["Nloth\u0027s Gift"]},{"damage_healed":0.0,"max_hp_gain":0.0,"max_hp_loss":0.0,"gold_gain":0.0,"event_name":"The Woman in Blue","player_choice":"Bought 1 Potion","floor":24.0,"gold_loss":0.0,"damage_taken":0.0},{"damage_healed":0.0,"max_hp_gain":0.0,"max_hp_loss":0.0,"gold_gain":0.0,"event_name":"The Mausoleum","player_choice":"Opened","floor":27.0,"gold_loss":0.0,"damage_taken":0.0,"relics_obtained":["Singing Bowl"],"cards_obtained":["Writhe"]},{"cards_removed":["Strike_B"],"damage_healed":0.0,"max_hp_gain":0.0,"max_hp_loss":0.0,"gold_gain":0.0,"event_name":"Falling","player_choice":"Removed Attack","floor":36.0,"gold_loss":0.0,"damage_taken":0.0},{"damage_healed":0.0,"max_hp_gain":0.0,"max_hp_loss":0.0,"gold_gain":0.0,"event_name":"Wheel of Change","player_choice":"Damaged","floor":38.0,"gold_loss":0.0,"damage_taken":8.0},{"damage_healed":0.0,"max_hp_gain":0.0,"max_hp_loss":0.0,"gold_gain":0.0,"event_name":"FaceTrader","player_choice":"Trade","floor":41.0,"gold_loss":0.0,"damage_taken":0.0,"relics_obtained":["CultistMask"]}],"is_beta":true,"boss_relics":[{"not_picked":["Eternal Feather","Philosopher\u0027s Stone"],"picked":"Ectoplasm"},{"not_picked":["White Beast Statue","Velvet Choker"],"picked":"Busted Crown"}],"items_purged_floors":[5,30],"is_endless":false,"potions_floor_spawned":[3,7,11,13,14,18,19,22,33,35,54],"ascension_level":0}