{"gold_per_floor":[116,129,129,129,145,172,208,208,234,265,291,303,327,359,371,383],"floor_reached":16,"playtime":1027,"items_purged":[],"score":106,"play_id":"143a8dfd-82ea-4fbb-ba41-d4fe1a85ec1d","local_time":"20190915233447","is_ascension_mode":false,"campfire_choices":[{"floor":8,"key":"REST"},{"floor":12,"key":"REST"},{"data":"Adaptation","floor":15,"key":"SMITH"}],"neow_cost":"NONE","seed_source_timestamp":5092304154205,"circlet_count":0,"master_deck":["Strike_P","Strike_P","Strike_P","Strike_P","Defend_P","Defend_P","Defend_P","Eruption","Vigilance","Collect","ForeignInfluence","SignatureMove","CrushJoints","PathToVictory","CarveReality","ForeignInfluence","FearNoEvil","Adaptation+1"],"special_seed":0,"relics":["PureWater","Lantern","Dream Catcher","MawBank"],"potions_floor_usage":[6,16,16,16],"damage_taken":[{"damage":0.0,"enemies":"Small Slimes","floor":1.0,"turns":4.0},{"damage":0.0,"enemies":"2 Louse","floor":2.0,"turns":3.0},{"damage":0.0,"enemies":"Cultist","floor":5.0,"turns":4.0},{"damage":32,"enemies":"Gremlin Nob","floor":6,"turns":3},{"damage":1,"enemies":"2 Fungi Beasts","floor":7,"turns":2},{"damage":7,"enemies":"Red Slaver","floor":10,"turns":3},{"damage":11,"enemies":"Lots of Slimes","floor":11,"turns":4},{"damage":8,"enemies":"Large Slime","floor":13,"turns":4},{"damage":3,"enemies":"Red Slaver","floor":14,"turns":2},{"damage":20,"enemies":"Hexaghost","floor":16,"turns":6}],"seed_played":"-8075751642417308375","potions_obtained":[{"floor":1.0,"key":"StancePotion"},{"floor":2.0,"key":"FearPotion"},{"floor":7,"key":"Swift Potion"},{"floor":13,"key":"SkillPotion"}],"is_trial":false,"path_per_floor":["M","M","?","?","M","E","M","R","T","M","M","R","M","M","R","B"],"character_chosen":"WATCHER","items_purchased":[],"campfire_rested":2,"item_purchase_floors":[],"current_hp_per_floor":[71,71,64,39,39,7,6,27,27,20,9,30,22,19,19,0],"gold":383,"neow_bonus":"TEN_PERCENT_HP_BONUS","is_prod":false,"is_daily":false,"chose_seed":false,"campfire_upgraded":1,"win_rate":0.0,"timestamp":1568558087,"path_taken":["M","M","?","?","M","E","M","R","T","M","M","R","M","M","R","BOSS"],"build_version":"2019-09-12","purchased_purges":0,"victory":false,"max_hp_per_floor":[71,71,71,71,71,71,71,71,71,71,71,71,71,71,71,71],"card_choices":[{"not_picked":["Protect","EmptyBody"],"picked":"Collect","floor":1.0},{"not_picked":["InnerPeace","Sanctity","Establishment"],"picked":"SKIP","floor":2.0},{"not_picked":["EmptyMind","EmptyFist"],"picked":"ForeignInfluence","floor":5.0},{"not_picked":["CutThroughFate","Consecrate"],"picked":"SignatureMove","floor":6},{"not_picked":["Evaluate","EmptyMind"],"picked":"CrushJoints","floor":7},{"not_picked":["Crescendo","BowlingBash"],"picked":"PathToVictory","floor":8},{"not_picked":["Crescendo","JustLucky"],"picked":"CarveReality","floor":10},{"not_picked":["Sanctity","JustLucky"],"picked":"ForeignInfluence","floor":11},{"not_picked":["Weave","Halt"],"picked":"FearNoEvil","floor":12},{"not_picked":["Establishment","Ragnarok","CarveReality"],"picked":"SKIP","floor":13},{"not_picked":["Tantrum","BowlingBash"],"picked":"Adaptation","floor":14}],"player_experience":483905,"relics_obtained":[{"floor":6,"key":"Dream Catcher"},{"floor":9,"key":"MawBank"}],"event_choices":[{"cards_removed":["Defend_P"],"damage_healed":0.0,"max_hp_gain":0.0,"max_hp_loss":0.0,"gold_gain":0.0,"event_name":"Golden Wing","player_choice":"Card Removal","floor":3.0,"gold_loss":0.0,"damage_taken":7.0},{"damage_healed":0.0,"max_hp_gain":0.0,"max_hp_loss":0.0,"gold_gain":0.0,"event_name":"Scrap Ooze","player_choice":"Success","floor":4.0,"gold_loss":0.0,"damage_taken":25.0,"relics_obtained":["Lantern"]}],"is_beta":true,"boss_relics":[],"items_purged_floors":[],"is_endless":false,"potions_floor_spawned":[1,2,7,13],"killed_by":"Hexaghost","ascension_level":0}