{"gold_per_floor":[110,260,185,54,129,129,156,24,24,24,58,69,69,88,88,167,167,183,3,3,3,10,10],"floor_reached":23,"playtime":495,"items_purged":["Strike_B","Strike_B"],"score":490,"play_id":"e41d7f9f-42a0-42e2-85fe-fe0448bd4063","local_time":"20181209133704","is_ascension_mode":true,"campfire_choices":[{"data":"Zap","floor":6,"key":"SMITH"},{"data":"Streamline","floor":15,"key":"SMITH"}],"neow_cost":"NONE","seed_source_timestamp":327666661200034,"circlet_count":0,"master_deck":["AscendersBane","Strike_B","Strike_B","Defend_B","Defend_B","Defend_B","Defend_B","Zap+1","Dualcast","Coolheaded","Steam","Cold Snap","Loop","Coolheaded","Streamline+1","Go for the Eyes","Conserve Battery","Creative AI","Conserve Battery","Self Repair","Creative AI"],"relics":["Cracked Core","NeowsBlessing","Anchor","Bottled Flame","Unceasing Top","StoneCalendar","Cursed Key"],"potions_floor_usage":[16,16,23],"damage_taken":[{"damage":0,"enemies":"Jaw Worm","floor":1,"turns":1},{"damage":0,"enemies":"3 Sentries","floor":7,"turns":1},{"damage":0,"enemies":"Gremlin Nob","floor":11,"turns":1},{"damage":3,"enemies":"Small Slimes","floor":12,"turns":4},{"damage":0,"enemies":"2 Louse","floor":14,"turns":2},{"damage":36,"enemies":"Hexaghost","floor":16,"turns":13},{"damage":16,"enemies":"Chosen","floor":18,"turns":7},{"damage":16,"enemies":"2 Thieves","floor":22,"turns":5},{"damage":48,"enemies":"Cultist and Chosen","floor":23,"turns":5}],"seed_played":"6971963478566011569","potions_obtained":[{"floor":1,"key":"PowerPotion"},{"floor":14,"key":"Weak Potion"},{"floor":22,"key":"EssenceOfSteel"}],"is_trial":false,"path_per_floor":["M","?","?","$","?","R","E","$","T","?","E","M","T","M","R","B",null,"M","$","$","?","M","M"],"character_chosen":"DEFECT","items_purchased":["Steam","Loop","Coolheaded","Self Repair"],"campfire_rested":0,"item_purchase_floors":[4,8,8,19],"current_hp_per_floor":[64,64,64,64,53,53,53,53,53,58,58,55,55,55,55,19,62,46,46,46,46,37,0],"gold":10,"neow_bonus":"THREE_ENEMY_KILL","is_prod":false,"is_daily":false,"chose_seed":false,"campfire_upgraded":2,"win_rate":0,"timestamp":1544359024,"path_taken":["M","?","?","$","?","R","E","$","T","?","E","M","?","?","R","BOSS","M","?","$","?","M","M"],"build_version":"2018-12-06","purchased_purges":2,"victory":false,"max_hp_per_floor":[71,71,71,71,71,71,71,71,71,76,76,76,76,76,76,76,76,76,76,76,76,76,76],"card_choices":[{"not_picked":["Genetic Algorithm","Force Field"],"picked":"Coolheaded","floor":1},{"not_picked":["Turbo","Barrage"],"picked":"Cold Snap","floor":7},{"not_picked":["Hologram","Stack"],"picked":"Streamline","floor":11},{"not_picked":["Fusion","Coolheaded"],"picked":"Go for the Eyes","floor":12},{"not_picked":["Turbo","Go for the Eyes"],"picked":"Conserve Battery","floor":14},{"not_picked":["All For One","Biased Cognition"],"picked":"Creative AI","floor":16},{"not_picked":["Undo","Coolheaded"],"picked":"Conserve Battery","floor":18},{"not_picked":["Go for the Eyes","Redo","Coolheaded"],"picked":"SKIP","floor":22}],"player_experience":803820,"relics_obtained":[{"floor":7,"key":"Anchor"},{"floor":9,"key":"Bottled Flame"},{"floor":11,"key":"Unceasing Top"},{"floor":13,"key":"StoneCalendar"}],"event_choices":[{"damage_healed":0,"gold_gain":150,"player_choice":"AGREE","damage_taken":0,"max_hp_gain":0,"max_hp_loss":0,"event_name":"Liars Game","floor":2,"gold_loss":0,"cards_obtained":["Doubt"]},{"cards_removed":["Doubt"],"damage_healed":0,"gold_gain":0,"player_choice":"Card Removal","damage_taken":0,"max_hp_gain":0,"max_hp_loss":0,"event_name":"The Cleric","floor":3,"gold_loss":75},{"damage_healed":0,"gold_gain":75,"player_choice":"Gather Gold","damage_taken":11,"max_hp_gain":0,"max_hp_loss":0,"event_name":"World of Goop","floor":5,"gold_loss":0},{"damage_healed":0,"gold_gain":0,"player_choice":"Donut","damage_taken":0,"max_hp_gain":5,"max_hp_loss":0,"event_name":"Big Fish","floor":10,"gold_loss":0},{"damage_healed":0,"gold_gain":0,"player_choice":"Copied","damage_taken":0,"max_hp_gain":0,"max_hp_loss":0,"event_name":"Duplicator","floor":21,"gold_loss":0,"cards_obtained":["Creative AI"]}],"is_beta":true,"boss_relics":[{"not_picked":["Snecko Eye","Coffee Dripper"],"picked":"Cursed Key"}],"items_purged_floors":[4,19],"is_endless":false,"potions_floor_spawned":[1,14,22],"killed_by":"Cultist and Chosen","ascension_level":20}