{"gold_per_floor":[113,132,132,143,143,143,161,161,210,89,105,132,132,158,158,233,233,246,264,189,169,85,85,85],"floor_reached":24,"playtime":691,"items_purged":["Defend_R"],"score":435,"play_id":"f52c8f7b-77e1-415a-ae46-f9250453f591","local_time":"20181016190607","is_ascension_mode":true,"campfire_choices":[{"data":"Bash","floor":6,"key":"SMITH"},{"data":"Inflame","floor":8,"key":"SMITH"},{"data":"Heavy Blade","floor":13,"key":"SMITH"},{"data":"Sword Boomerang","floor":15,"key":"SMITH"},{"floor":23,"key":"REST"}],"neow_cost":"NONE","seed_source_timestamp":26841684132643,"circlet_count":0,"master_deck":["Strike_R","Strike_R","Strike_R","Strike_R","Strike_R","Bash+1","AscendersBane","Berserk+1","Sword Boomerang+1","Inflame+1","Pummel","Heavy Blade+1","Carnage","Bludgeon","Limit Break+1","Hemokinesis+1","Flex","Feed"],"relics":["Burning Blood","Meat on the Bone","Strawberry","Bottled Flame","Ornamental Fan","Astrolabe"],"potions_floor_usage":[14,19,24],"damage_taken":[{"damage":17,"enemies":"Jaw Worm","floor":1,"turns":4},{"damage":6,"enemies":"Small Slimes","floor":2,"turns":3},{"damage":6,"enemies":"Cultist","floor":4,"turns":3},{"damage":8,"enemies":"Large Slime","floor":7,"turns":7},{"damage":22,"enemies":"3 Louse","floor":11,"turns":3},{"damage":10,"enemies":"Lagavulin","floor":12,"turns":5},{"damage":0,"enemies":"Gremlin Nob","floor":14,"turns":2},{"damage":57,"enemies":"Hexaghost","floor":16,"turns":7},{"damage":13,"enemies":"Spheric Guardian","floor":18,"turns":3},{"damage":33,"enemies":"2 Thieves","floor":19,"turns":3},{"damage":51,"enemies":"Book of Stabbing","floor":24,"turns":3}],"seed_played":"-1757856344155424720","potions_obtained":[{"floor":2,"key":"GamblersBrew"},{"floor":7,"key":"LiquidBronze"},{"floor":11,"key":"Explosive Potion"},{"floor":16,"key":"Swift Potion"},{"floor":18,"key":"FearPotion"},{"floor":21,"key":"Swift Potion"}],"is_trial":false,"path_per_floor":["M","M","?","M","T","R","M","R","T","$","M","E","R","E","R","B",null,"M","M","?","?","$","R"],"character_chosen":"IRONCLAD","items_purchased":["Pummel","Feed"],"campfire_rested":1,"item_purchase_floors":[10,22],"current_hp_per_floor":[57,57,57,57,57,57,55,55,62,62,58,54,54,60,60,21,67,60,45,45,45,45,69,18],"gold":85,"neow_bonus":"ONE_RANDOM_RARE_CARD","is_prod":false,"is_daily":false,"chose_seed":false,"campfire_upgraded":4,"win_rate":0,"timestamp":1539709567,"path_taken":["M","M","?","M","?","R","M","R","T","$","M","E","R","E","R","BOSS","M","?","?","?","$","R","E"],"build_version":"2018-10-15v2","purchased_purges":1,"victory":false,"max_hp_per_floor":[75,75,75,75,75,75,75,75,82,82,82,82,82,82,82,82,82,82,82,82,82,82,82,82],"card_choices":[{"not_picked":["Shrug It Off","Clash"],"picked":"Sword Boomerang","floor":1},{"not_picked":["Reckless Charge","Fire Breathing","Havoc"],"picked":"SKIP","floor":2},{"not_picked":["Shrug It Off","Ghostly Armor","Metallicize"],"picked":"SKIP","floor":4},{"not_picked":["Thunderclap","Entrench"],"picked":"Inflame","floor":7},{"not_picked":["Perfected Strike","Battle Trance","Warcry"],"picked":"SKIP","floor":11},{"not_picked":["Immolate","Fire Breathing"],"picked":"Heavy Blade","floor":12},{"not_picked":["Reckless Charge","Headbutt"],"picked":"Carnage","floor":14},{"not_picked":["Berserk","Barricade"],"picked":"Bludgeon","floor":16},{"not_picked":["Corruption","Evolve","Power Through"],"picked":"SKIP","floor":18},{"not_picked":["Perfected Strike","Sword Boomerang"],"picked":"Flex","floor":19}],"player_experience":691301,"relics_obtained":[{"floor":5,"key":"Meat on the Bone"},{"floor":9,"key":"Strawberry"},{"floor":12,"key":"Bottled Flame"},{"floor":14,"key":"Ornamental Fan"}],"event_choices":[{"event_name":"Living Wall","player_choice":"Grow","floor":3,"damage_taken":0},{"event_name":"Beggar","player_choice":"Gave Gold","floor":20,"damage_taken":0},{"event_name":"The Woman in Blue","player_choice":"Bought 1 Potion","floor":21,"damage_taken":0}],"is_beta":true,"boss_relics":[{"not_picked":["Pandora\u0027s Box","White Beast Statue"],"picked":"Astrolabe"}],"items_purged_floors":[10],"is_endless":false,"potions_floor_spawned":[2,7,11,16,18],"killed_by":"Book of Stabbing","ascension_level":18}