{"gold_per_floor":[109,109,57,73,73,73,102,117,117,117,117,133,151,22,22,22],"floor_reached":16,"playtime":267,"items_purged":["Strike_R"],"score":250,"play_id":"9a10a258-c6c8-476f-8f31-f15a1d84830a","local_time":"20190504220235","is_ascension_mode":true,"campfire_choices":[{"data":"True Grit","floor":6,"key":"SMITH"},{"data":"Defend_R","floor":11,"key":"SMITH"},{"data":"Bash","floor":15,"key":"SMITH"}],"neow_cost":"NONE","seed_source_timestamp":298917612963776,"circlet_count":0,"master_deck":["AscendersBane","Strike_R+1","Strike_R","Strike_R","Strike_R","Defend_R+1","Defend_R","Defend_R","Defend_R","Bash+1","Flame Barrier+1","True Grit+1","Shrug It Off","Shrug It Off"],"relics":["Burning Blood","NeowsBlessing","Mummified Hand","Singing Bowl"],"potions_floor_usage":[16,16,16,16],"damage_taken":[{"damage":0,"enemies":"Small Slimes","floor":1,"turns":1},{"damage":0,"enemies":"Cultist","floor":4,"turns":1},{"damage":0,"enemies":"3 Sentries","floor":7,"turns":1},{"damage":0,"enemies":"2 Louse","floor":8,"turns":3},{"damage":3,"enemies":"Looter","floor":12,"turns":4},{"damage":1,"enemies":"Exordium Wildlife","floor":13,"turns":4},{"damage":86,"enemies":"Hexaghost","floor":16,"turns":14}],"seed_played":"-1491641288805436032","potions_obtained":[{"floor":1,"key":"AttackPotion"},{"floor":7,"key":"PowerPotion"},{"floor":10,"key":"EntropicBrew"}],"is_trial":false,"path_per_floor":["M","?","$","M","$","R","E","M","T","?","R","M","M","$","R","B"],"character_chosen":"IRONCLAD","items_purchased":["True Grit","Shrug It Off"],"campfire_rested":0,"item_purchase_floors":[3,14],"current_hp_per_floor":[74,51,51,57,57,57,63,69,69,69,69,74,77,77,77,0],"gold":22,"neow_bonus":"THREE_ENEMY_KILL","is_prod":false,"is_daily":false,"chose_seed":false,"campfire_upgraded":3,"win_rate":0,"timestamp":1557000155,"path_taken":["M","?","$","M","$","R","E","M","T","?","R","?","M","$","R","BOSS"],"build_version":"2019-01-23","purchased_purges":1,"victory":false,"max_hp_per_floor":[75,75,75,75,75,75,75,75,75,75,75,77,77,77,77,77],"card_choices":[{"not_picked":["Reckless Charge","Heavy Blade"],"picked":"Flame Barrier","floor":1},{"not_picked":["Dropkick","Fire Breathing","Carnage"],"picked":"SKIP","floor":4},{"not_picked":["Dark Embrace","Feel No Pain","Iron Wave"],"picked":"SKIP","floor":7},{"not_picked":["Pommel Strike","Twin Strike","Intimidate"],"picked":"SKIP","floor":8},{"not_picked":["Metallicize","Havoc","True Grit"],"picked":"Singing Bowl","floor":12},{"not_picked":["Wild Strike","Evolve"],"picked":"Shrug It Off","floor":13}],"player_experience":860819,"relics_obtained":[{"floor":7,"key":"Mummified Hand"},{"floor":9,"key":"Singing Bowl"}],"event_choices":[{"damage_healed":0,"gold_gain":0,"player_choice":"Entered Light","damage_taken":23,"max_hp_gain":0,"max_hp_loss":0,"event_name":"Shining Light","floor":2,"gold_loss":0,"cards_upgraded":["Strike_R","Flame Barrier"]},{"damage_healed":0,"gold_gain":0,"player_choice":"Got Potions","damage_taken":0,"max_hp_gain":0,"max_hp_loss":0,"event_name":"Lab","floor":10,"gold_loss":0}],"is_beta":false,"boss_relics":[],"items_purged_floors":[14],"is_endless":false,"potions_floor_spawned":[1,7,12],"killed_by":"Hexaghost","ascension_level":20}