{"gold_per_floor":[119,137,157,157,60,92,92,121,151,151,185,200,200,224,224,320,320,335,345,345,65,165,165,197,197,221,235,235,110,137,153,153,254,254,269,92,92,20,35,35,45,45,45,45,45,74,122,0,0,0],"floor_reached":51,"playtime":2731,"items_purged":["Defend_R","Strike_R","Strike_R","Strike_R"],"score":930,"play_id":"1b125657-eea3-4476-863f-ccaa253b0840","local_time":"20181028201237","is_ascension_mode":true,"campfire_choices":[{"data":"Anger","floor":15.0,"key":"SMITH"},{"data":"Fiend Fire","floor":23.0,"key":"SMITH"},{"floor":32.0,"key":"REST"},{"data":"Pommel Strike","floor":40,"key":"SMITH"},{"floor":42,"key":"REST"},{"data":"Panache","floor":49,"key":"SMITH"}],"neow_cost":"NONE","seed_source_timestamp":994065033885,"circlet_count":0,"master_deck":["Defend_R","Defend_R","Defend_R","Bash","Pommel Strike+1","Rage","Anger+1","True Grit","Juggernaut","Immolate","Anger+1","Fiend Fire+1","Clash+1","Feel No Pain","Panache+1","Thunderclap+1","Clothesline","Cleave","Ghostly Armor","Immolate","Anger+1","Shrug It Off","Dark Shackles","Evolve","Hemokinesis","Seeing Red+1"],"special_seed":0,"relics":["Burning Blood","NeowsBlessing","Centennial Puzzle","Mercury Hourglass","Tiny Chest","Self Forming Clay","Omamori","Ancient Tea Set","Runic Cube","Necronomicon","Gambling Chip","Dodecahedron","Calipers","Mummified Hand","Happy Flower","Pen Nib","Philosopher\u0027s Stone","Pear","Bottled Tornado","Frozen Egg 2","Incense Burner","Red Mask"],"potions_floor_usage":[50,50],"damage_taken":[{"damage":0.0,"enemies":"Cultist","floor":1.0,"turns":1.0},{"damage":0.0,"enemies":"Small Slimes","floor":2.0,"turns":1.0},{"damage":0.0,"enemies":"2 Louse","floor":3.0,"turns":1.0},{"damage":15.0,"enemies":"Gremlin Nob","floor":6.0,"turns":4.0},{"damage":18.0,"enemies":"Lagavulin","floor":8.0,"turns":6.0},{"damage":12.0,"enemies":"Gremlin Nob","floor":11.0,"turns":3.0},{"damage":2.0,"enemies":"Exordium Thugs","floor":12.0,"turns":4.0},{"damage":16.0,"enemies":"The Guardian","floor":16.0,"turns":7.0},{"damage":7.0,"enemies":"Chosen","floor":18.0,"turns":3.0},{"damage":1.0,"enemies":"3 Byrds","floor":19.0,"turns":3.0},{"damage":16.0,"enemies":"Colosseum Slavers","floor":22.0,"turns":3.0},{"damage":5.0,"enemies":"Colosseum Nobs","floor":22.0,"turns":3.0},{"damage":25.0,"enemies":"Gremlin Leader","floor":24.0,"turns":3.0},{"damage":0.0,"enemies":"Snecko","floor":27.0,"turns":2.0},{"damage":10.0,"enemies":"Book of Stabbing","floor":30.0,"turns":3.0},{"damage":19.0,"enemies":"Snake Plant","floor":31.0,"turns":2.0},{"damage":7.0,"enemies":"Collector","floor":33.0,"turns":5.0},{"damage":6.0,"enemies":"3 Shapes","floor":35.0,"turns":1.0},{"damage":13,"enemies":"Orb Walker","floor":39,"turns":2},{"damage":23,"enemies":"Spire Growth","floor":41,"turns":3},{"damage":5,"enemies":"Giant Head","floor":46,"turns":5},{"damage":19,"enemies":"2 Orb Walkers","floor":47,"turns":2},{"damage":83,"enemies":"Time Eater","floor":50,"turns":8}],"seed_played":"1510332862789075219","potions_obtained":[{"floor":1.0,"key":"Swift Potion"},{"floor":3.0,"key":"Ancient Potion"},{"floor":11.0,"key":"SkillPotion"},{"floor":22.0,"key":"Strength Potion"},{"floor":24.0,"key":"Energy Potion"},{"floor":31.0,"key":"BloodPotion"},{"floor":39,"key":"Energy Potion"},{"floor":47,"key":"BloodPotion"}],"is_trial":false,"path_per_floor":["M","M","M","?","$","E","?","E","T","T","E","M","?","T","R","B",null,"M","M","?","$","?","R","E","T","T","M","?","$","E","M","R","B",null,"M","$","?","$","M","R","M","R","T","$","T","E","?","?","R","B"],"character_chosen":"IRONCLAD","items_purchased":["True Grit","Panache","Shrug It Off","Evolve"],"campfire_rested":2,"item_purchase_floors":[5,21,36,38],"current_hp_per_floor":[78,80,80,80,80,71,71,59,59,59,53,57,57,57,57,47,72,71,76,60,60,51,51,32,32,32,38,38,38,34,21,45,44,71,71,71,71,71,64,64,47,71,81,81,81,82,69,69,69,10],"gold":0,"neow_bonus":"THREE_ENEMY_KILL","is_prod":false,"is_daily":false,"chose_seed":false,"campfire_upgraded":4,"win_rate":0,"timestamp":1540728757,"path_taken":["M","?","M","?","$","E","?","E","T","?","E","?","?","?","R","BOSS","M","M","?","$","?","R","E","?","T","M","?","?","E","?","R","BOSS","M","?","?","$","?","R","M","R","T","?","?","E","?","?","R","BOSS"],"build_version":"2018-10-25v2","purchased_purges":4,"victory":true,"max_hp_per_floor":[80,80,80,80,80,80,80,80,80,80,80,80,80,80,80,80,80,80,80,80,80,80,80,80,80,80,80,80,80,80,80,80,80,80,80,80,80,80,80,80,80,80,90,90,90,90,90,90,90,90],"card_choices":[{"not_picked":["Hemokinesis","Twin Strike"],"picked":"Pommel Strike","floor":1.0},{"not_picked":["Sever Soul","Warcry"],"picked":"Rage","floor":2.0},{"not_picked":["Warcry","Second Wind"],"picked":"Anger","floor":3.0},{"not_picked":["Hemokinesis","Armaments","Juggernaut"],"picked":"SKIP","floor":6.0},{"not_picked":["Hemokinesis","Armaments"],"picked":"Juggernaut","floor":6.0},{"not_picked":["True Grit","Wild Strike","Heavy Blade"],"picked":"SKIP","floor":8.0},{"not_picked":["Blood for Blood","Sword Boomerang"],"picked":"Immolate","floor":11.0},{"not_picked":["True Grit","Sword Boomerang"],"picked":"Anger","floor":12.0},{"not_picked":["Exhume","Offering"],"picked":"Fiend Fire","floor":16.0},{"not_picked":["Cleave","Warcry"],"picked":"Clash+1","floor":18.0},{"not_picked":["Body Slam+1","Armaments"],"picked":"Feel No Pain","floor":19.0},{"not_picked":["True Grit","Havoc"],"picked":"Thunderclap+1","floor":22.0},{"not_picked":["Searing Blow","Sentinel"],"picked":"Clothesline","floor":24.0},{"not_picked":["Spot Weakness","Corruption"],"picked":"Cleave","floor":27.0},{"not_picked":["Burning Pact","Warcry","Perfected Strike"],"picked":"SKIP","floor":30.0},{"not_picked":["Clothesline","Thunderclap"],"picked":"Ghostly Armor","floor":31.0},{"not_picked":["Dark Embrace","Barricade"],"picked":"Immolate","floor":33.0},{"not_picked":["Wild Strike+1","Ghostly Armor"],"picked":"Anger+1","floor":35.0},{"not_picked":["Forethought","Madness"],"picked":"Dark Shackles","floor":37.0},{"not_picked":["Wild Strike","Heavy Blade","Warcry"],"picked":"SKIP","floor":39},{"not_picked":["Pommel Strike","Warcry"],"picked":"Hemokinesis","floor":41},{"not_picked":["Thunderclap","Body Slam","Corruption+1"],"picked":"SKIP","floor":46},{"not_picked":["Clothesline+1","Double Tap"],"picked":"Seeing Red+1","floor":47}],"player_experience":363606,"relics_obtained":[{"floor":6.0,"key":"Centennial Puzzle"},{"floor":8.0,"key":"Mercury Hourglass"},{"floor":9.0,"key":"Tiny Chest"},{"floor":10.0,"key":"Self Forming Clay"},{"floor":11.0,"key":"Omamori"},{"floor":14.0,"key":"Ancient Tea Set"},{"floor":20.0,"key":"Necronomicon"},{"floor":22.0,"key":"Gambling Chip"},{"floor":22.0,"key":"Dodecahedron"},{"floor":24.0,"key":"Calipers"},{"floor":25.0,"key":"Mummified Hand"},{"floor":26.0,"key":"Happy Flower"},{"floor":30.0,"key":"Pen Nib"},{"floor":43,"key":"Pear"},{"floor":45,"key":"Bottled Tornado"},{"floor":46,"key":"Frozen Egg 2"},{"floor":47,"key":"Incense Burner"}],"event_choices":[{"cards_removed":["Strike_R"],"damage_healed":0.0,"max_hp_gain":0.0,"max_hp_loss":0.0,"gold_gain":0.0,"event_name":"Bonfire Elementals","player_choice":"Offered Basic","floor":4.0,"gold_loss":0.0,"damage_taken":0.0},{"damage_healed":0.0,"max_hp_gain":0.0,"max_hp_loss":0.0,"gold_gain":0.0,"event_name":"Upgrade Shrine","player_choice":"Upgraded","floor":7.0,"gold_loss":0.0,"damage_taken":0.0,"cards_upgraded":["Anger"]},{"cards_removed":["Strike_R"],"damage_healed":0.0,"max_hp_gain":0.0,"max_hp_loss":0.0,"gold_gain":0.0,"event_name":"Living Wall","player_choice":"Forget","floor":13.0,"gold_loss":0.0,"damage_taken":0.0},{"damage_healed":0.0,"max_hp_gain":0.0,"max_hp_loss":0.0,"gold_gain":0.0,"event_name":"Cursed Tome","player_choice":"Obtained Book","floor":20.0,"gold_loss":0.0,"damage_taken":16.0},{"damage_healed":0.0,"max_hp_gain":0.0,"max_hp_loss":0.0,"gold_gain":0.0,"event_name":"Colosseum","player_choice":"Fight","floor":22.0,"gold_loss":0.0,"damage_taken":0.0},{"damage_healed":0.0,"max_hp_gain":0.0,"max_hp_loss":0.0,"gold_gain":0.0,"event_name":"Colosseum","player_choice":"Fought Nobs","floor":22.0,"gold_loss":0.0,"damage_taken":0.0},{"damage_healed":0.0,"max_hp_gain":0.0,"max_hp_loss":0.0,"gold_gain":0.0,"event_name":"Forgotten Altar","player_choice":"Smashed Altar","floor":28.0,"gold_loss":0.0,"damage_taken":0.0,"cards_obtained":["Decay"]},{"damage_healed":0.0,"max_hp_gain":0.0,"max_hp_loss":0.0,"gold_gain":0.0,"event_name":"SensoryStone","player_choice":"Memory 1","floor":37.0,"gold_loss":0.0,"damage_taken":0.0},{"damage_healed":0,"gold_gain":0,"player_choice":"Fight","damage_taken":0,"max_hp_gain":0,"max_hp_loss":0,"event_name":"Mysterious Sphere","floor":47,"gold_loss":0},{"damage_healed":0,"gold_gain":0,"player_choice":"Paid","damage_taken":0,"relics_obtained":["Red Mask"],"max_hp_gain":0,"max_hp_loss":0,"event_name":"Tomb of Lord Red Mask","floor":48,"gold_loss":122}],"is_beta":false,"boss_relics":[{"not_picked":["Lizard Tail","Orrery"],"picked":"Runic Cube"},{"not_picked":["Astrolabe","Black Star"],"picked":"Philosopher\u0027s Stone"}],"items_purged_floors":[5,21,29,36],"is_endless":false,"potions_floor_spawned":[1,3,11,22,24,31,39,47],"ascension_level":6}