{"gold_per_floor":[111,130,143,143,63,107,32,32,32,32,32,32,32,50,50,178,178,203,128,128,147,170,208,86,86,134,175,175,198,236,236,236,362,362,376,392,725,825,842,842,872,263,263,279,297,331,331,348,348,348,348,348,140,174,174],"floor_reached":56,"playtime":1466,"items_purged":["Defend_R","Defend_R","Strike_R"],"score":1343,"play_id":"ef2f6f1a-eb09-432f-bc26-586530b53562","local_time":"20181105143726","is_ascension_mode":false,"campfire_choices":[{"floor":8.0,"key":"RECALL"},{"data":"Flex","floor":10.0,"key":"SMITH"},{"data":"Inflame","floor":12.0,"key":"SMITH"},{"data":"Bash","floor":15.0,"key":"SMITH"},{"floor":25.0,"key":"REST"},{"data":"Limit Break","floor":28.0,"key":"SMITH"},{"floor":32,"key":"REST"},{"data":"Limit Break","floor":40,"key":"SMITH"},{"data":"Flex","floor":47,"key":"SMITH"},{"data":"Flex","floor":49,"key":"SMITH"},{"data":"Inflame","floor":52,"key":"SMITH"}],"neow_cost":"NONE","seed_source_timestamp":186719701487838,"circlet_count":0,"master_deck":["Strike_R","Strike_R+1","Strike_R","Strike_R","Bash+1","Twin Strike+1","Twin Strike","Reaper","Inflame+1","Flex+1","Limit Break+1","Flex+1","Flex+1","Flex+1","Flex+1","Uppercut+1","Thunderclap","Limit Break+1","Inflame+1","Decay"],"special_seed":0,"relics":["Burning Blood","Happy Flower","Du-Vu Doll","Charon\u0027s Ashes","Cursed Key","Turnip","Whetstone","Incense Burner","Oddly Smooth Stone","Sozu","Magic Flower","Blood Vial","Bottled Lightning","Dream Catcher","Dodecahedron","Paper Frog","ClockworkSouvenir","Gambling Chip"],"potions_floor_usage":[30,55],"damage_taken":[{"damage":2.0,"enemies":"2 Louse","floor":1.0,"turns":4.0},{"damage":11.0,"enemies":"Jaw Worm","floor":2.0,"turns":2.0},{"damage":0.0,"enemies":"Small Slimes","floor":3.0,"turns":2.0},{"damage":35.0,"enemies":"3 Sentries","floor":6.0,"turns":7.0},{"damage":11.0,"enemies":"2 Fungi Beasts","floor":14.0,"turns":3.0},{"damage":37.0,"enemies":"Hexaghost","floor":16.0,"turns":6.0},{"damage":20.0,"enemies":"Shell Parasite","floor":18.0,"turns":3.0},{"damage":0.0,"enemies":"Spheric Guardian","floor":21.0,"turns":2.0},{"damage":25.0,"enemies":"Snecko","floor":22.0,"turns":4.0},{"damage":25.0,"enemies":"Book of Stabbing","floor":23.0,"turns":3.0},{"damage":40.0,"enemies":"Slavers","floor":27.0,"turns":4.0},{"damage":21.0,"enemies":"Snake Plant","floor":29.0,"turns":2.0},{"damage":12,"enemies":"Book of Stabbing","floor":30,"turns":2},{"damage":17,"enemies":"Automaton","floor":33,"turns":6},{"damage":10,"enemies":"Orb Walker","floor":35,"turns":2},{"damage":37,"enemies":"3 Shapes","floor":36,"turns":3},{"damage":0,"enemies":"Mind Bloom Boss Battle","floor":38,"turns":5},{"damage":18,"enemies":"Sphere and 2 Shapes","floor":39,"turns":3},{"damage":48,"enemies":"Giant Head","floor":41,"turns":6},{"damage":30,"enemies":"Maw","floor":44,"turns":4},{"damage":29,"enemies":"4 Shapes","floor":45,"turns":3},{"damage":12,"enemies":"Nemesis","floor":46,"turns":3},{"damage":2,"enemies":"Transient","floor":48,"turns":5},{"damage":107,"enemies":"Donu and Deca","floor":50,"turns":7},{"damage":43,"enemies":"Shield and Spear","floor":54,"turns":6},{"damage":44,"enemies":"The Heart","floor":55,"turns":4}],"seed_played":"-7835697930221586234","potions_obtained":[{"floor":2.0,"key":"SteroidPotion"},{"floor":3.0,"key":"BloodPotion"},{"floor":14.0,"key":"EssenceOfSteel"},{"floor":21.0,"key":"PowerPotion"},{"floor":22.0,"key":"SteroidPotion"},{"floor":27.0,"key":"Swift Potion"},{"floor":33,"key":"Poison Potion"}],"is_trial":false,"path_per_floor":["M","M","M","?","$","E","$","R","T","R","T","R","?","M","R","B",null,"M","?","?","M","M","E","$","R","T","E","R","M","M","E","?","R","B",null,"M","M","?","?","M","R","E","$","T","M","M","E","R","M","R","B",null,"R","$","E","B",null],"character_chosen":"IRONCLAD","items_purchased":["Inflame","Flex","Bottled Lightning","Inflame","Dream Catcher","ClockworkSouvenir"],"campfire_rested":2,"item_purchase_floors":[5,24,42,42,42,53],"current_hp_per_floor":[80,75,80,60,60,43,43,43,43,43,43,43,43,51,51,20,80,66,66,66,72,60,51,51,75,75,65,65,50,57,57,80,80,80,80,49,49,73,71,71,50,50,50,80,60,60,60,80,80,28,80,80,80,80,79],"gold":174,"neow_bonus":"RANDOM_COMMON_RELIC","is_prod":false,"is_daily":false,"chose_seed":false,"campfire_upgraded":8,"win_rate":0,"timestamp":1541425046,"path_taken":["M","M","M","?","$","E","$","R","T","R","?","R","?","M","R","BOSS","M","?","?","?","M","E","$","R","T","E","R","M","E","?","R","BOSS","M","?","?","?","M","R","E","$","T","M","M","E","R","M","R","BOSS","R","$","E","BOSS"],"build_version":"2018-11-02","purchased_purges":3,"victory":true,"max_hp_per_floor":[80,80,80,80,80,80,80,80,80,80,80,80,80,80,80,80,80,80,80,80,80,80,80,80,80,80,80,80,80,80,80,80,80,80,80,80,80,80,80,80,80,80,80,80,80,80,80,80,80,80,80,80,80,80,80],"card_choices":[{"not_picked":["Metallicize","Blood for Blood"],"picked":"Twin Strike","floor":1.0},{"not_picked":["Sentinel","Anger"],"picked":"Twin Strike","floor":2.0},{"not_picked":["Body Slam","Intimidate"],"picked":"Reaper","floor":3.0},{"not_picked":["Twin Strike","Thunderclap"],"picked":"Flex","floor":6.0},{"not_picked":["Perfected Strike","Shrug It Off","Sword Boomerang"],"picked":"SKIP","floor":14.0},{"not_picked":["Impervious","Berserk"],"picked":"Limit Break","floor":16.0},{"not_picked":["True Grit","Intimidate"],"picked":"Flex+1","floor":18.0},{"not_picked":["Heavy Blade","True Grit"],"picked":"Flex+1","floor":21.0},{"not_picked":["Corruption+1","Intimidate","Power Through"],"picked":"SKIP","floor":22.0},{"not_picked":["Impervious","Reckless Charge"],"picked":"Flex","floor":23.0},{"not_picked":["Brutality","Battle Trance","Anger"],"picked":"SKIP","floor":27.0},{"not_picked":["Rupture","Second Wind"],"picked":"Uppercut+1","floor":29},{"not_picked":["Twin Strike","True Grit"],"picked":"Thunderclap","floor":30},{"not_picked":["Offering","Immolate"],"picked":"Limit Break","floor":33},{"not_picked":["Clothesline+1","Iron Wave+1","Havoc+1"],"picked":"SKIP","floor":35},{"not_picked":["Blood for Blood","Body Slam","True Grit+1"],"picked":"SKIP","floor":36},{"not_picked":["Havoc","Clothesline+1","Warcry+1"],"picked":"SKIP","floor":39},{"not_picked":["Flame Barrier+1","Warcry","Power Through"],"picked":"SKIP","floor":41},{"not_picked":["Blood for Blood","True Grit","Cleave+1"],"picked":"SKIP","floor":44},{"not_picked":["Clash+1","Dual Wield","Body Slam"],"picked":"SKIP","floor":45},{"not_picked":["Thunderclap+1","Perfected Strike","Cleave"],"picked":"SKIP","floor":46},{"not_picked":["Clash+1","Body Slam","Anger+1"],"picked":"SKIP","floor":48},{"not_picked":["Barricade","Seeing Red","Flame Barrier+1"],"picked":"SKIP","floor":54}],"player_experience":743866,"relics_obtained":[{"floor":6.0,"key":"Du-Vu Doll"},{"floor":11.0,"key":"Charon\u0027s Ashes"},{"floor":23.0,"key":"Turnip"},{"floor":26.0,"key":"Whetstone"},{"floor":27.0,"key":"Incense Burner"},{"floor":30,"key":"Oddly Smooth Stone"},{"floor":38,"key":"Magic Flower"},{"floor":41,"key":"Blood Vial"},{"floor":43,"key":"Dodecahedron"},{"floor":46,"key":"Paper Frog"},{"floor":54,"key":"Gambling Chip"}],"event_choices":[{"damage_healed":0.0,"max_hp_gain":0.0,"max_hp_loss":0.0,"gold_gain":0.0,"event_name":"Golden Idol","player_choice":"Take Damage","floor":4.0,"gold_loss":0.0,"damage_taken":20.0,"relics_obtained":["Golden Idol"]},{"damage_healed":0.0,"max_hp_gain":0.0,"max_hp_loss":0.0,"gold_gain":0.0,"event_name":"The Cleric","player_choice":"Leave","floor":13.0,"gold_loss":0.0,"damage_taken":0.0},{"cards_removed":["Defend_R"],"damage_healed":0.0,"max_hp_gain":0.0,"max_hp_loss":0.0,"gold_gain":0.0,"event_name":"Beggar","player_choice":"Gave Gold","floor":19.0,"gold_loss":75.0,"damage_taken":0.0},{"cards_removed":["Defend_R"],"damage_healed":0.0,"max_hp_gain":0.0,"max_hp_loss":0.0,"gold_gain":0.0,"event_name":"Purifier","player_choice":"Purged","floor":20.0,"gold_loss":0.0,"damage_taken":0.0},{"cards_removed":["Shame"],"damage_healed":0,"gold_gain":0,"player_choice":"Removed Curses","damage_taken":0,"max_hp_gain":0,"max_hp_loss":0,"event_name":"Fountain of Cleansing","floor":31,"gold_loss":0},{"damage_healed":0,"gold_gain":333,"player_choice":"Gave Idol","damage_taken":0,"max_hp_gain":0,"max_hp_loss":0,"event_name":"The Moai Head","floor":37,"relics_lost":["Golden Idol"],"gold_loss":0},{"damage_healed":0,"gold_gain":0,"player_choice":"Fight","damage_taken":0,"max_hp_gain":0,"max_hp_loss":0,"event_name":"MindBloom","floor":38,"gold_loss":0}],"is_beta":true,"boss_relics":[{"not_picked":["Astrolabe","Runic Cube"],"picked":"Cursed Key"},{"not_picked":["Snecko Eye","Empty Cage"],"picked":"Sozu"}],"items_purged_floors":[7,24,42],"is_endless":false,"potions_floor_spawned":[2,3,14,21,22,27,33,35,36,39,46],"ascension_level":0}