{"gold_per_floor":[109,59,59,77,23,48,63,63,89,108,108,127,127,153,153,252,252,266,266,266,266,191,222,239,239,312,106,106,106,118,118,118,215,215,225,225,325,325,21,21,38,38,38,16,16,30,43,62,62,62,62,62,12,46,46],"floor_reached":55,"playtime":3197,"items_purged":["Strike_B","Strike_B","Defend_B"],"score":666,"play_id":"c4cc9a30-1725-4c0b-a07c-d10710b78ec2","local_time":"20190921170942","is_ascension_mode":false,"campfire_choices":[{"data":"Zap","floor":8.0,"key":"SMITH"},{"data":"Echo Form","floor":11.0,"key":"SMITH"},{"data":"Dualcast","floor":13.0,"key":"SMITH"},{"data":"Sunder","floor":15.0,"key":"SMITH"},{"data":"Fission","floor":25.0,"key":"SMITH"},{"data":"Hologram","floor":28.0,"key":"SMITH"},{"data":"Barrage","floor":32.0,"key":"SMITH"},{"data":"Coolheaded","floor":40.0,"key":"SMITH"},{"data":"Cold Snap","floor":42.0,"key":"SMITH"},{"floor":45.0,"key":"RECALL"},{"floor":49.0,"key":"REST"},{"data":"Redo","floor":52.0,"key":"SMITH"}],"neow_cost":"TEN_PERCENT_HP_LOSS","seed_source_timestamp":8380663787692,"circlet_count":0,"master_deck":["Defend_B+1","Defend_B+1","Defend_B","Zap+1","Dualcast+1","Barrage+1","Compile Driver","Cold Snap+1","Rebound","Echo Form+1","Ball Lightning","Coolheaded+1","Sunder+1","Core Surge","Cold Snap","Fission+1","Hologram+1","Stack+1","Meteor Strike","Chaos+1","Madness","Madness","Meteor Strike","Redo+1","Redo+1"],"special_seed":0,"relics":["Cracked Core","WingedGreaves","Anchor","Ancient Tea Set","Dead Branch","SlaversCollar","MutagenicStrength","Smiling Mask","Pantograph","Bronze Scales","Ornamental Fan","Runic Dome","StoneCalendar","Letter Opener","War Paint"],"potions_floor_usage":[55,55],"damage_taken":[{"damage":0.0,"enemies":"Small Slimes","floor":1.0,"turns":3.0},{"damage":2.0,"enemies":"2 Louse","floor":4.0,"turns":2.0},{"damage":24.0,"enemies":"Gremlin Nob","floor":6.0,"turns":5.0},{"damage":0.0,"enemies":"Cultist","floor":7.0,"turns":2.0},{"damage":0.0,"enemies":"3 Louse","floor":10.0,"turns":3.0},{"damage":0.0,"enemies":"2 Fungi Beasts","floor":12.0,"turns":2.0},{"damage":15.0,"enemies":"Lagavulin","floor":14.0,"turns":4.0},{"damage":15.0,"enemies":"Hexaghost","floor":16.0,"turns":7.0},{"damage":13.0,"enemies":"2 Thieves","floor":18.0,"turns":4.0},{"damage":8.0,"enemies":"Book of Stabbing","floor":23.0,"turns":5.0},{"damage":0.0,"enemies":"3 Byrds","floor":24.0,"turns":3.0},{"damage":3.0,"enemies":"Shelled Parasite and Fungi","floor":30.0,"turns":2.0},{"damage":12.0,"enemies":"Collector","floor":33.0,"turns":10.0},{"damage":0.0,"enemies":"3 Darklings","floor":35.0,"turns":3.0},{"damage":14.0,"enemies":"Mind Bloom Boss Battle","floor":37.0,"turns":6.0},{"damage":0.0,"enemies":"Orb Walker","floor":41.0,"turns":2.0},{"damage":0.0,"enemies":"Sphere and 2 Shapes","floor":46.0,"turns":2.0},{"damage":7.0,"enemies":"3 Darklings","floor":47.0,"turns":4.0},{"damage":33.0,"enemies":"Maw","floor":48.0,"turns":6.0},{"damage":41.0,"enemies":"Time Eater","floor":50.0,"turns":7.0},{"damage":23.0,"enemies":"Shield and Spear","floor":54.0,"turns":5.0},{"damage":75,"enemies":"The Heart","floor":55,"turns":3}],"seed_played":"8340260502087099129","potions_obtained":[{"floor":3.0,"key":"SteroidPotion"},{"floor":3.0,"key":"FocusPotion"},{"floor":3.0,"key":"Swift Potion"},{"floor":4.0,"key":"Explosive Potion"},{"floor":6.0,"key":"Regen Potion"},{"floor":16.0,"key":"EssenceOfSteel"},{"floor":23.0,"key":"Fire Potion"},{"floor":35.0,"key":"SteroidPotion"},{"floor":41.0,"key":"PowerPotion"},{"floor":47.0,"key":"Swift Potion"},{"floor":54.0,"key":"PotionOfCapacity"}],"is_trial":false,"path_per_floor":["M","?","?","M","$","E","M","R","T","M","R","M","R","E","R","B",null,"M","?","?","?","?","E","M","R","T","$","R","T","M","?","R","B",null,"M","?","?","?","$","R","M","R","T","$","R","M","M","M","R","B",null,"R","$","E","B"],"character_chosen":"DEFECT","items_purchased":["Cold Snap","Bronze Scales","Letter Opener","Redo"],"campfire_rested":1,"item_purchase_floors":[5,27,39,44],"current_hp_per_floor":[68,68,68,66,66,42,42,42,42,42,42,42,42,27,27,12,68,55,43,67,67,67,59,59,59,59,59,59,59,56,56,56,61,73,73,64,59,59,59,59,59,59,59,59,59,59,52,19,40,24,73,73,73,50,0],"gold":46,"neow_bonus":"ONE_RARE_RELIC","is_prod":false,"is_daily":false,"chose_seed":false,"campfire_upgraded":10,"win_rate":0,"timestamp":1569053382,"path_taken":["M","?","?","?","$","E","M","R","T","M","R","M","R","E","R","BOSS","M","?","?","?","?","E","M","R","T","?","R","?","?","?","R","BOSS","M","?","?","?","$","R","M","R","T","?","R","M","?","M","R","BOSS","R","$","E","BOSS"],"build_version":"2019-09-20","purchased_purges":3,"victory":false,"max_hp_per_floor":[68,68,68,68,68,68,68,68,68,68,68,68,68,68,68,68,68,68,73,73,73,73,73,73,73,73,73,73,73,73,73,73,73,73,73,73,73,73,73,73,73,73,73,73,73,73,73,73,73,73,73,73,73,73,73],"card_choices":[{"not_picked":["Hologram","Heatsinks"],"picked":"Barrage","floor":1.0},{"not_picked":["Gash","Beam Cell"],"picked":"Compile Driver","floor":4.0},{"not_picked":["Skim","Genetic Algorithm"],"picked":"Rebound","floor":6.0},{"not_picked":["Coolheaded","Reinforced Body"],"picked":"Echo Form","floor":7.0},{"not_picked":["Doom and Gloom","Hologram"],"picked":"Ball Lightning","floor":10.0},{"not_picked":["Compile Driver","Beam Cell"],"picked":"Coolheaded","floor":12.0},{"not_picked":["Leap","Fusion"],"picked":"Sunder","floor":14.0},{"not_picked":["Seek","Reboot"],"picked":"Core Surge","floor":16.0},{"not_picked":["Chaos","Conserve Battery"],"picked":"Cold Snap","floor":18.0},{"not_picked":["Buffer","Rebound"],"picked":"Fission","floor":23.0},{"not_picked":["Compile Driver","Aggregate"],"picked":"Hologram","floor":24.0},{"not_picked":["Rebound+1","Streamline+1"],"picked":"Stack+1","floor":30.0},{"not_picked":["Amplify","Buffer"],"picked":"Meteor Strike","floor":33.0},{"not_picked":["Melter+1","Go for the Eyes+1"],"picked":"Chaos+1","floor":35.0},{"not_picked":["Self Repair","Ball Lightning+1"],"picked":"Meteor Strike","floor":41.0},{"not_picked":["Leap+1","Consume"],"picked":"Redo+1","floor":46.0},{"not_picked":["Beam Cell","Leap","Steam+1"],"picked":"SKIP","floor":47.0},{"not_picked":["Stack","Turbo","Rebound+1"],"picked":"SKIP","floor":48.0},{"not_picked":["Rebound+1","Ball Lightning","Compile Driver"],"picked":"SKIP","floor":54.0}],"player_experience":507152,"relics_obtained":[{"floor":6.0,"key":"Anchor"},{"floor":9.0,"key":"Ancient Tea Set"},{"floor":14.0,"key":"Dead Branch"},{"floor":23.0,"key":"Smiling Mask"},{"floor":26.0,"key":"Pantograph"},{"floor":29.0,"key":"Ornamental Fan"},{"floor":37.0,"key":"StoneCalendar"},{"floor":54.0,"key":"War Paint"}],"event_choices":[{"cards_removed":["Strike_B"],"damage_healed":0.0,"max_hp_gain":0.0,"max_hp_loss":0.0,"gold_gain":0.0,"event_name":"The Cleric","player_choice":"Card Removal","floor":2.0,"gold_loss":50.0,"damage_taken":0.0},{"damage_healed":0.0,"max_hp_gain":0.0,"max_hp_loss":0.0,"gold_gain":0.0,"event_name":"Lab","player_choice":"Got Potions","floor":3.0,"gold_loss":0.0,"damage_taken":0.0},{"damage_healed":0.0,"max_hp_gain":5.0,"max_hp_loss":0.0,"gold_gain":0.0,"event_name":"Forgotten Altar","player_choice":"Shed Blood","floor":19.0,"gold_loss":0.0,"damage_taken":17.0},{"damage_healed":24.0,"max_hp_gain":0.0,"max_hp_loss":0.0,"gold_gain":0.0,"event_name":"The Library","player_choice":"Heal","floor":20.0,"gold_loss":0.0,"damage_taken":0.0},{"damage_healed":0.0,"max_hp_gain":0.0,"max_hp_loss":0.0,"gold_gain":0.0,"event_name":"Drug Dealer","player_choice":"Inject Mutagens","floor":21.0,"gold_loss":0.0,"damage_taken":0.0,"relics_obtained":["MutagenicStrength"]},{"cards_removed":["Strike_B"],"damage_healed":0.0,"max_hp_gain":0.0,"max_hp_loss":0.0,"gold_gain":0.0,"event_name":"Beggar","player_choice":"Gave Gold","floor":22.0,"gold_loss":75.0,"damage_taken":0.0},{"damage_healed":0.0,"max_hp_gain":0.0,"max_hp_loss":0.0,"gold_gain":0.0,"event_name":"Vampires","player_choice":"Ignored","floor":31.0,"gold_loss":0.0,"damage_taken":0.0},{"damage_healed":0.0,"max_hp_gain":0.0,"max_hp_loss":0.0,"gold_gain":0.0,"event_name":"Winding Halls","player_choice":"Embrace Madness","floor":36.0,"gold_loss":0.0,"damage_taken":9.0,"cards_obtained":["Madness","Madness"]},{"damage_healed":0.0,"max_hp_gain":0.0,"max_hp_loss":0.0,"gold_gain":0.0,"event_name":"MindBloom","player_choice":"Fight","floor":37.0,"gold_loss":0.0,"damage_taken":0.0},{"damage_healed":0.0,"max_hp_gain":0.0,"max_hp_loss":0.0,"gold_gain":0.0,"event_name":"SensoryStone","player_choice":"Memory 1","floor":38.0,"gold_loss":0.0,"damage_taken":0.0}],"is_beta":true,"boss_relics":[{"not_picked":["Fusion Hammer","Runic Pyramid"],"picked":"SlaversCollar"},{"not_picked":["Black Star","Nuclear Battery"],"picked":"Runic Dome"}],"items_purged_floors":[27,39,53],"is_endless":false,"potions_floor_spawned":[4,6,7,16,23,30,35,41,47,54],"killed_by":"The Heart","ascension_level":0}