{"gold_per_floor":[110,36,36,36,51,51,80,99,122,122,132,150,167,53,53,127,127,141,141,141,141],"floor_reached":21,"playtime":486,"items_purged":["Strike_G"],"score":408,"play_id":"37400c45-774f-4b32-98a9-ea1717d8609b","local_time":"20190914184533","is_ascension_mode":true,"campfire_choices":[{"data":"Backflip","floor":6.0,"key":"SMITH"},{"data":"Night Terror","floor":15,"key":"SMITH"}],"neow_cost":"NONE","seed_source_timestamp":26862608615711,"circlet_count":0,"master_deck":["AscendersBane","Strike_G","Strike_G","Strike_G","Strike_G","Defend_G","Defend_G","Defend_G","Defend_G","Defend_G","Survivor","Neutralize","Deadly Poison+1","Well Laid Plans","Backflip+1","Blur","Night Terror+1","Noxious Fumes"],"special_seed":0,"relics":["Ring of the Snake","NeowsBlessing","Juzu Bracelet","Regal Pillow","Busted Crown","FaceOfCleric"],"potions_floor_usage":[11,11,13,16],"damage_taken":[{"damage":0.0,"enemies":"Cultist","floor":1.0,"turns":1.0},{"damage":0.0,"enemies":"Jaw Worm","floor":5.0,"turns":1.0},{"damage":0.0,"enemies":"3 Sentries","floor":7.0,"turns":2.0},{"damage":1.0,"enemies":"Small Slimes","floor":8.0,"turns":3.0},{"damage":5,"enemies":"Gremlin Gang","floor":11,"turns":6},{"damage":0,"enemies":"Blue Slaver","floor":12,"turns":5},{"damage":16,"enemies":"Exordium Thugs","floor":13,"turns":7},{"damage":15,"enemies":"Hexaghost","floor":16,"turns":9},{"damage":32,"enemies":"3 Byrds","floor":18,"turns":6},{"damage":0,"enemies":"Shell Parasite","floor":21,"turns":1}],"seed_played":"3859509117963738563","potions_obtained":[{"floor":5.0,"key":"FearPotion"},{"floor":8.0,"key":"SteroidPotion"},{"floor":12,"key":"SkillPotion"},{"floor":13,"key":"Strength Potion"},{"floor":16,"key":"Poison Potion"},{"floor":18,"key":"Block Potion"}],"is_trial":false,"path_per_floor":["M","$","?","?","M","R","E","M","T","?","M","M","M","$","R","B",null,"M","?","?","M"],"character_chosen":"THE_SILENT","items_purchased":["Well Laid Plans","Noxious Fumes"],"campfire_rested":0,"item_purchase_floors":[2,14],"current_hp_per_floor":[59,59,59,59,59,59,59,58,58,58,53,53,37,37,37,22,55,23,23,23,23],"gold":141,"neow_bonus":"THREE_ENEMY_KILL","is_prod":false,"is_daily":false,"chose_seed":false,"campfire_upgraded":2,"win_rate":0,"timestamp":1568479533,"path_taken":["M","?","?","?","?","R","E","M","T","?","M","M","M","$","R","BOSS","M","?","?","M"],"build_version":"2019-09-12","purchased_purges":1,"victory":false,"max_hp_per_floor":[66,66,66,66,66,66,66,66,66,66,66,66,66,66,66,66,66,66,66,66,66],"card_choices":[{"not_picked":["Cloak And Dagger","Bane"],"picked":"Deadly Poison","floor":1.0},{"not_picked":["Expertise","Cloak And Dagger"],"picked":"Backflip","floor":5.0},{"not_picked":["Prepared","Finisher"],"picked":"Blur","floor":7.0},{"not_picked":["Eviscerate","Heel Hook"],"picked":"Night Terror","floor":8.0},{"not_picked":["Quick Slash","Acrobatics","Dagger Spray"],"picked":"SKIP","floor":11},{"not_picked":["Dagger Spray","Underhanded Strike","Riddle With Holes"],"picked":"SKIP","floor":12},{"not_picked":["PiercingWail","Blade Dance","Deflect"],"picked":"SKIP","floor":13},{"not_picked":["Underhanded Strike"],"picked":"SKIP","floor":18}],"player_experience":823944,"relics_obtained":[{"floor":7.0,"key":"Juzu Bracelet"},{"floor":9.0,"key":"Regal Pillow"}],"event_choices":[{"damage_healed":0.0,"max_hp_gain":0.0,"max_hp_loss":0.0,"gold_gain":0.0,"event_name":"Shining Light","player_choice":"Ignored","floor":3.0,"gold_loss":0.0,"damage_taken":0.0},{"damage_healed":0.0,"max_hp_gain":0.0,"max_hp_loss":0.0,"gold_gain":0.0,"event_name":"Living Wall","player_choice":"Grow","floor":4.0,"gold_loss":0.0,"damage_taken":0.0,"cards_upgraded":["Deadly Poison"]},{"damage_healed":0.0,"max_hp_gain":0.0,"max_hp_loss":0.0,"gold_gain":0.0,"event_name":"Liars Game","player_choice":"Ignored","floor":10.0,"gold_loss":0.0,"damage_taken":0.0},{"damage_healed":0,"gold_gain":0,"player_choice":"Trade","damage_taken":0,"relics_obtained":["FaceOfCleric"],"max_hp_gain":0,"max_hp_loss":0,"event_name":"FaceTrader","floor":19,"gold_loss":0},{"damage_healed":0,"gold_gain":0,"player_choice":"0 cards matched","damage_taken":0,"max_hp_gain":0,"max_hp_loss":0,"event_name":"Match and Keep!","floor":20,"gold_loss":0,"cards_obtained":[]}],"is_beta":true,"boss_relics":[{"not_picked":["Fusion Hammer","SacredBark"],"picked":"Busted Crown"}],"items_purged_floors":[14],"is_endless":false,"potions_floor_spawned":[5,8,12,13,16,18],"killed_by":"Shell Parasite","ascension_level":20}