{"gold_per_floor":[110,35,35,46,46,80,99,114,137,169,183,183,195,213,213,213],"floor_reached":16,"playtime":383,"items_purged":[],"score":278,"play_id":"25b4e8bc-bfec-4de4-b465-87bf881150b3","local_time":"20190518162316","is_ascension_mode":true,"campfire_choices":[{"data":"Deadly Poison","floor":12,"key":"SMITH"},{"floor":15,"key":"REST"}],"neow_cost":"NONE","seed_source_timestamp":20355217423879,"circlet_count":0,"master_deck":["AscendersBane","Defend_G","Defend_G","Defend_G","Defend_G","Defend_G","Strike_G","Strike_G","Strike_G","Survivor","Neutralize","Dagger Throw","Deadly Poison+1","Caltrops","Deadly Poison","Poisoned Stab","Wraith Form v2"],"relics":["Ring of the Snake","NeowsBlessing","Happy Flower","Bag of Preparation","Potion Belt"],"potions_floor_usage":[10,10],"damage_taken":[{"damage":0,"enemies":"2 Louse","floor":1,"turns":1},{"damage":0,"enemies":"Small Slimes","floor":4,"turns":1},{"damage":0,"enemies":"Gremlin Nob","floor":6,"turns":1},{"damage":0,"enemies":"Jaw Worm","floor":7,"turns":4},{"damage":15,"enemies":"Large Slime","floor":8,"turns":7},{"damage":21,"enemies":"Lagavulin","floor":10,"turns":8},{"damage":0,"enemies":"2 Fungi Beasts","floor":11,"turns":4},{"damage":5,"enemies":"Red Slaver","floor":13,"turns":4},{"damage":10,"enemies":"Lots of Slimes","floor":14,"turns":5},{"damage":8,"enemies":"Hexaghost","floor":16,"turns":3}],"seed_played":"5911517837979250222","potions_obtained":[{"floor":4,"key":"PowerPotion"},{"floor":8,"key":"Block Potion"},{"floor":13,"key":"GamblersBrew"}],"is_trial":false,"path_per_floor":["M","?","?","M","$","E","M","M","T","E","M","R","M","M","R","B"],"character_chosen":"THE_SILENT","items_purchased":[],"campfire_rested":1,"item_purchase_floors":[],"current_hp_per_floor":[59,59,59,59,59,59,59,44,44,23,23,23,18,8,27,19],"gold":213,"neow_bonus":"THREE_ENEMY_KILL","is_prod":false,"is_daily":false,"chose_seed":false,"campfire_upgraded":1,"win_rate":0,"timestamp":1558189396,"path_taken":["M","?","?","?","$","E","M","M","T","E","M","R","M","M","R","BOSS"],"build_version":"2019-01-23","purchased_purges":0,"victory":false,"max_hp_per_floor":[66,66,66,66,66,66,66,66,66,66,66,66,66,66,66,66],"card_choices":[{"not_picked":["Sucker Punch","All Out Attack","Eviscerate"],"picked":"SKIP","floor":1},{"not_picked":["Cloak And Dagger","Dagger Spray","Prepared"],"picked":"SKIP","floor":4},{"not_picked":["Reflex","Poisoned Stab"],"picked":"Deadly Poison","floor":6},{"not_picked":["Prepared","Quick Slash","Envenom"],"picked":"SKIP","floor":7},{"not_picked":["Slice","Flying Knee"],"picked":"Caltrops","floor":8},{"not_picked":["Slice","Deflect"],"picked":"Deadly Poison","floor":10},{"not_picked":["Escape Plan","Deflect","Slice"],"picked":"SKIP","floor":11},{"not_picked":["Skewer","Deflect"],"picked":"Poisoned Stab","floor":13},{"not_picked":["Terror","Flying Knee"],"picked":"Wraith Form v2","floor":14}],"player_experience":883488,"relics_obtained":[{"floor":6,"key":"Happy Flower"},{"floor":9,"key":"Bag of Preparation"},{"floor":10,"key":"Potion Belt"}],"event_choices":[{"cards_removed":["Strike_G"],"damage_healed":0,"gold_gain":0,"player_choice":"Card Removal","damage_taken":0,"max_hp_gain":0,"max_hp_loss":0,"event_name":"The Cleric","floor":2,"gold_loss":75},{"damage_healed":0,"gold_gain":0,"cards_transformed":["Strike_G"],"player_choice":"Change","damage_taken":0,"max_hp_gain":0,"max_hp_loss":0,"event_name":"Living Wall","floor":3,"gold_loss":0,"cards_obtained":["Dagger Throw"]}],"is_beta":false,"boss_relics":[],"items_purged_floors":[],"is_endless":false,"potions_floor_spawned":[4,8,13],"killed_by":"Hexaghost","ascension_level":20}