{"gold_per_floor":[117,192,192,192,204,235,235,302,326,326,354,21,37,37,37,109,109,120,120,20,20,20,20,55,55,81,81,94,94,94,39,39,39],"floor_reached":33,"playtime":651,"items_purged":["Strike_G","Strike_G"],"score":605,"play_id":"2c5ddc82-560b-4576-99bf-407c9f0da1fd","local_time":"20181209101655","is_ascension_mode":true,"campfire_choices":[{"data":"Dagger Spray","floor":7,"key":"SMITH"},{"data":"Poisoned Stab","floor":10,"key":"SMITH"},{"floor":15,"key":"REST"},{"data":"Bite","floor":23,"key":"SMITH"},{"data":"Bite","floor":25,"key":"SMITH"},{"data":"Bite","floor":27,"key":"SMITH"},{"data":"Bite","floor":29,"key":"SMITH"},{"data":"Bite","floor":32,"key":"SMITH"}],"neow_cost":"NONE","seed_source_timestamp":315501659943114,"circlet_count":0,"master_deck":["AscendersBane","Defend_G","Defend_G","Defend_G","Defend_G","Defend_G","Survivor","Neutralize","Dagger Spray+1","Poisoned Stab+1","Backstab","Caltrops","After Image","Bane","Bite+1","Bite+1","Bite+1","Bite+1","Bite+1"],"relics":["Ring of the Snake","NeowsBlessing","Pen Nib","Orichalcum","Art of War","Lantern","Juzu Bracelet","Busted Crown","Enchiridion","Pear","PreservedInsect"],"potions_floor_usage":[16,24,33,33],"damage_taken":[{"damage":0,"enemies":"Small Slimes","floor":1,"turns":1},{"damage":0,"enemies":"2 Louse","floor":5,"turns":1},{"damage":0,"enemies":"Gremlin Nob","floor":6,"turns":1},{"damage":25,"enemies":"3 Sentries","floor":11,"turns":8},{"damage":0,"enemies":"Cultist","floor":13,"turns":2},{"damage":24,"enemies":"The Guardian","floor":16,"turns":11},{"damage":12,"enemies":"2 Thieves","floor":18,"turns":5},{"damage":11,"enemies":"Slavers","floor":24,"turns":4},{"damage":13,"enemies":"Spheric Guardian","floor":28,"turns":4},{"damage":83,"enemies":"Collector","floor":33,"turns":7}],"seed_played":"3457887542053608463","potions_obtained":[{"floor":11,"key":"Fire Potion"},{"floor":13,"key":"Energy Potion"},{"floor":18,"key":"GhostInAJar"},{"floor":28,"key":"Ancient Potion"}],"is_trial":false,"path_per_floor":["M","?","?","?","M","E","R","?","T","R","E","$","M","T","R","B",null,"M","?","$","?","$","R","E","R","T","R","M","R","?","$","R","B"],"character_chosen":"THE_SILENT","items_purchased":["Lantern","Caltrops","Strength Potion"],"campfire_rested":1,"item_purchase_floors":[12,12,31],"current_hp_per_floor":[59,48,48,48,48,48,48,48,48,48,23,23,23,23,42,18,54,42,21,21,21,21,21,31,31,31,31,34,34,34,34,34,0],"gold":39,"neow_bonus":"THREE_ENEMY_KILL","is_prod":false,"is_daily":false,"chose_seed":false,"campfire_upgraded":7,"win_rate":0,"timestamp":1544347015,"path_taken":["M","?","?","?","?","E","R","?","T","R","E","?","M","?","R","BOSS","M","?","?","?","$","R","E","R","T","R","M","R","?","$","R","BOSS"],"build_version":"2018-12-06","purchased_purges":2,"victory":false,"max_hp_per_floor":[66,66,66,66,66,66,66,66,66,66,66,66,66,66,66,66,66,66,66,66,46,46,46,56,56,56,56,56,56,56,56,56,56],"card_choices":[{"not_picked":["Flying Knee","Eviscerate"],"picked":"Dagger Spray","floor":1},{"not_picked":["Dagger Spray","Acrobatics"],"picked":"Poisoned Stab","floor":5},{"not_picked":["All Out Attack","Masterful Stab"],"picked":"Backstab","floor":6},{"not_picked":["Dodge and Roll","Distraction","Underhanded Strike"],"picked":"SKIP","floor":11},{"not_picked":["All Out Attack","Cloak And Dagger","Tactician"],"picked":"SKIP","floor":13},{"not_picked":["A Thousand Cuts","Storm of Steel"],"picked":"After Image","floor":16},{"not_picked":[],"picked":"Bane","floor":18},{"not_picked":["PiercingWail+1"],"picked":"SKIP","floor":24},{"not_picked":["Quick Slash"],"picked":"SKIP","floor":28}],"player_experience":803159,"relics_obtained":[{"floor":6,"key":"Pen Nib"},{"floor":9,"key":"Orichalcum"},{"floor":11,"key":"Art of War"},{"floor":14,"key":"Juzu Bracelet"},{"floor":19,"key":"Enchiridion"},{"floor":24,"key":"Pear"},{"floor":26,"key":"PreservedInsect"}],"event_choices":[{"damage_healed":0,"gold_gain":75,"player_choice":"Gather Gold","damage_taken":11,"max_hp_gain":0,"max_hp_loss":0,"event_name":"World of Goop","floor":2,"gold_loss":0},{"damage_healed":0,"gold_gain":0,"player_choice":"Ignored","damage_taken":0,"max_hp_gain":0,"max_hp_loss":0,"event_name":"Shining Light","floor":3,"gold_loss":0},{"cards_removed":["Strike_G"],"damage_healed":0,"gold_gain":0,"player_choice":"Offered Basic","damage_taken":0,"max_hp_gain":0,"max_hp_loss":0,"event_name":"Bonfire Elementals","floor":4,"gold_loss":0},{"damage_healed":0,"gold_gain":67,"player_choice":"Gained Gold","damage_taken":0,"max_hp_gain":0,"max_hp_loss":0,"event_name":"Golden Wing","floor":8,"gold_loss":0},{"damage_healed":0,"gold_gain":0,"player_choice":"Obtained Book","damage_taken":21,"max_hp_gain":0,"max_hp_loss":0,"event_name":"Cursed Tome","floor":19,"gold_loss":0},{"damage_healed":0,"gold_gain":0,"player_choice":"Became a vampire","damage_taken":0,"max_hp_gain":0,"max_hp_loss":20,"event_name":"Vampires","floor":21,"gold_loss":0,"cards_obtained":["Bite","Bite","Bite","Bite","Bite"]},{"damage_healed":0,"gold_gain":0,"player_choice":"Ignored","damage_taken":0,"max_hp_gain":0,"max_hp_loss":0,"event_name":"The Mausoleum","floor":30,"gold_loss":0}],"is_beta":true,"boss_relics":[{"not_picked":["Eternal Feather","White Beast Statue"],"picked":"Busted Crown"}],"items_purged_floors":[12,20],"is_endless":false,"potions_floor_spawned":[11,13,18,28],"killed_by":"Collector","ascension_level":20}