{"gold_per_floor":[113,188,188,64,64,97,117,117,117,217,234,247,247,247],"floor_reached":14,"playtime":421,"items_purged":[],"score":132,"play_id":"7e10c281-f6c5-44ab-a3ae-f244f18397ac","local_time":"20191023212141","is_ascension_mode":true,"campfire_choices":[{"floor":13,"key":"REST"}],"neow_cost":"TEN_PERCENT_HP_LOSS","seed_source_timestamp":8470649883794,"circlet_count":0,"master_deck":["AscendersBane","Strike_B","Strike_B","Strike_B","Strike_B","Defend_B","Defend_B","Defend_B","Zap+1","Dualcast","Meteor Strike","Capacitor","Loop","Coolheaded"],"relics":["Cracked Core","Juzu Bracelet","Shovel","Art of War"],"potions_floor_usage":[6,12],"damage_taken":[{"damage":3,"enemies":"Jaw Worm","floor":1,"turns":4},{"damage":50,"enemies":"3 Sentries","floor":6,"turns":10},{"damage":7,"enemies":"2 Louse","floor":7,"turns":3},{"damage":0,"enemies":"Small Slimes","floor":11,"turns":3},{"damage":0,"enemies":"2 Fungi Beasts","floor":12,"turns":2},{"damage":30,"enemies":"Gremlin Gang","floor":14,"turns":2}],"seed_played":"-8704418375894663415","potions_obtained":[{"floor":1,"key":"Energy Potion"},{"floor":11,"key":"SneckoOil"},{"floor":12,"key":"Weak Potion"}],"is_trial":false,"path_per_floor":["M","?","?","?","?","E","M","?","T","?","M","M","R","M"],"character_chosen":"DEFECT","items_purchased":[],"campfire_rested":1,"item_purchase_floors":[],"current_hp_per_floor":[65,54,54,54,59,9,2,2,2,2,2,2,23,0],"gold":247,"neow_bonus":"THREE_RARE_CARDS","is_prod":false,"is_daily":false,"chose_seed":false,"campfire_upgraded":0,"win_rate":0,"timestamp":1571833301,"path_taken":["M","?","?","?","?","E","M","?","T","?","M","M","R","M"],"build_version":"2019-10-22","purchased_purges":0,"victory":false,"max_hp_per_floor":[68,68,68,68,73,73,73,73,73,73,73,73,73,73],"card_choices":[{"not_picked":["Reboot","Biased Cognition"],"picked":"Meteor Strike","floor":0},{"not_picked":["Steam Power","Beam Cell"],"picked":"Capacitor","floor":1},{"not_picked":["Turbo","Storm"],"picked":"Loop","floor":6},{"not_picked":["Recycle","Steam"],"picked":"Coolheaded","floor":7},{"not_picked":["White Noise","Stack","Leap"],"picked":"SKIP","floor":11},{"not_picked":["Gash","Leap","Go for the Eyes"],"picked":"SKIP","floor":12}],"player_experience":634281,"relics_obtained":[{"floor":6,"key":"Shovel"},{"floor":9,"key":"Art of War"}],"event_choices":[{"damage_healed":0,"gold_gain":75,"player_choice":"Gather Gold","damage_taken":11,"max_hp_gain":0,"max_hp_loss":0,"event_name":"World of Goop","floor":2,"gold_loss":0},{"damage_healed":0,"gold_gain":0,"player_choice":"Grow","damage_taken":0,"max_hp_gain":0,"max_hp_loss":0,"event_name":"Living Wall","floor":3,"gold_loss":0,"cards_upgraded":["Zap"]},{"damage_healed":0,"gold_gain":0,"player_choice":"Paid Gold","damage_taken":0,"relics_obtained":["Juzu Bracelet"],"max_hp_gain":0,"max_hp_loss":0,"event_name":"WeMeetAgain","floor":4,"gold_loss":124},{"damage_healed":0,"gold_gain":0,"player_choice":"Donut","damage_taken":0,"max_hp_gain":5,"max_hp_loss":0,"event_name":"Big Fish","floor":5,"gold_loss":0},{"cards_removed":["Defend_B"],"damage_healed":0,"gold_gain":0,"player_choice":"Purged","damage_taken":0,"max_hp_gain":0,"max_hp_loss":0,"event_name":"Purifier","floor":8,"gold_loss":0},{"damage_healed":0,"gold_gain":100,"player_choice":"Pray","damage_taken":0,"max_hp_gain":0,"max_hp_loss":0,"event_name":"Golden Shrine","floor":10,"gold_loss":0}],"is_beta":true,"boss_relics":[],"items_purged_floors":[],"is_endless":false,"potions_floor_spawned":[1,11,12],"killed_by":"Gremlin Gang","ascension_level":10}