{"gold_per_floor":[118,133,152,164,164,190,205,60,60,74,74,74,37,50,50,148,148,165,165,165,177,92,92],"floor_reached":23,"playtime":1365,"items_purged":["Strike_B"],"score":270,"play_id":"51a154bd-7f05-4495-b83a-790e7a555b6f","local_time":"20180715124004","is_ascension_mode":true,"campfire_choices":[{"data":"Defragment","floor":11,"key":"SMITH"},{"floor":15,"key":"REST"}],"neow_cost":"","seed_source_timestamp":177234156545146,"circlet_count":0,"master_deck":["Strike_B+1","Strike_B+1","Strike_B+1","Defend_B+1","Defend_B+1","Defend_B+1","Defend_B+1","Zap+1","Dualcast","Go for the Eyes","Storm","Consume","Buffer","Conserve Battery","Defragment+1","Consume","Capacitor","Self Repair","Machine Learning","Glacier","Parasite","Go for the Eyes+1"],"relics":["Cracked Core","Juzu Bracelet","Shuriken","Question Card","Cursed Key","Letter Opener","Frozen Egg 2"],"potions_floor_usage":[6,16,16,23],"damage_taken":[{"damage":0,"enemies":"Small Slimes","floor":1,"turns":3},{"damage":2,"enemies":"Jaw Worm","floor":2,"turns":3},{"damage":0,"enemies":"Cultist","floor":3,"turns":4},{"damage":13,"enemies":"Red Slaver","floor":4,"turns":4},{"damage":25,"enemies":"3 Sentries","floor":6,"turns":7},{"damage":0,"enemies":"2 Fungi Beasts","floor":7,"turns":3},{"damage":7,"enemies":"Exordium Thugs","floor":10,"turns":4},{"damage":5,"enemies":"Exordium Wildlife","floor":14,"turns":4},{"damage":35,"enemies":"The Guardian","floor":16,"turns":9},{"damage":51,"enemies":"3 Byrds","floor":18,"turns":5},{"damage":0,"enemies":"Spheric Guardian","floor":21,"turns":4},{"damage":22,"enemies":"Slavers","floor":23,"turns":3}],"seed_played":"1454570178445346381","potions_obtained":[{"floor":3,"key":"AttackPotion"},{"floor":4,"key":"Ancient Potion"},{"floor":7,"key":"Energy Potion"},{"floor":10,"key":"EssenceOfSteel"},{"floor":16,"key":"FearPotion"},{"floor":21,"key":"Dexterity Potion"}],"is_trial":false,"path_per_floor":["M","M","M","M","?","E","M","$","T","M","R","?","$","M","R","B",null,"M","?","T","M","?"],"character_chosen":"DEFECT","items_purchased":["Defragment","Capacitor"],"campfire_rested":1,"item_purchase_floors":[8,13],"current_hp_per_floor":[68,66,66,53,53,28,28,28,28,21,21,21,21,16,38,10,59,15,15,15,22,22,0],"gold":92,"neow_bonus":"","is_prod":false,"is_daily":false,"chose_seed":false,"campfire_upgraded":1,"win_rate":0,"timestamp":1531651204,"path_taken":["M","M","M","M","?","E","M","$","T","M","R","?","$","M","R","BOSS","M","?","?","M","?","E"],"build_version":"2018-07-13","purchased_purges":1,"victory":false,"max_hp_per_floor":[75,75,75,75,75,75,75,75,75,75,75,75,75,75,75,75,75,75,75,75,75,75,75],"card_choices":[{"not_picked":["Beam Cell","Barrage"],"picked":"Go for the Eyes","floor":1},{"not_picked":["Coolheaded","Genetic Algorithm"],"picked":"Storm","floor":2},{"not_picked":["Go for the Eyes","Stack"],"picked":"Consume","floor":3},{"not_picked":["Blizzard","Redo","Tempest"],"picked":"SKIP","floor":4},{"not_picked":["Rainbow","Stack"],"picked":"Buffer","floor":6},{"not_picked":["Cold Snap","Melter"],"picked":"Conserve Battery","floor":7},{"not_picked":["Barrage","Redo"],"picked":"Consume","floor":10},{"not_picked":["Chill","Steam Power","Creative AI"],"picked":"Self Repair","floor":14},{"not_picked":["Amplify","Seek","Rainbow"],"picked":"Machine Learning","floor":16},{"not_picked":["Rip and Tear+1","Leap+1","Stack"],"picked":"Glacier","floor":18},{"not_picked":["Turbo","Hologram","Ball Lightning+1"],"picked":"Go for the Eyes+1","floor":21}],"player_experience":397942,"relics_obtained":[{"floor":6,"key":"Juzu Bracelet"},{"floor":9,"key":"Shuriken"},{"floor":20,"key":"Letter Opener"}],"event_choices":[{"event_name":"Living Wall","player_choice":"Grow","floor":5,"damage_taken":0},{"event_name":"Wheel of Change","player_choice":"Relic","floor":12,"damage_taken":0},{"event_name":"Back to Basics","player_choice":"Simplicity","floor":19,"damage_taken":0},{"event_name":"Addict","player_choice":"Obtained Relic","floor":22,"damage_taken":0}],"boss_relics":[{"not_picked":["Tiny House","Nuclear Battery"],"picked":"Cursed Key"}],"items_purged_floors":[8],"is_endless":false,"potions_floor_spawned":[3,4,7,10,16,21],"killed_by":"Slavers","ascension_level":8}