{"gold_per_floor":[219,219,234,234,159,159,188,200,212,239,251,286,313,225,225,225],"floor_reached":16,"playtime":768,"items_purged":["Defend_G","Defend_G"],"score":118,"play_id":"3372c189-f9b9-43fb-bbc9-5b2179c0af41","local_time":"20180813172915","is_ascension_mode":true,"campfire_choices":[{"data":"Calculated Gamble","floor":6,"key":"SMITH"},{"floor":8,"key":"REST"},{"data":"Reflex","floor":11,"key":"SMITH"},{"data":"Neutralize","floor":15,"key":"SMITH"}],"neow_cost":"NONE","seed_source_timestamp":1237408531002,"circlet_count":0,"master_deck":["Defend_G","Defend_G","Defend_G","Strike_G","Strike_G","Strike_G","Strike_G","Strike_G","Survivor","Neutralize","Prepared+1","Calculated Gamble+1","Neutralize+1","Backflip","Reflex+1","Dagger Throw"],"relics":["Ring of the Snake","MawBank","Matryoshka","Bag of Marbles","Bag of Preparation"],"potions_floor_usage":[],"damage_taken":[{"damage":3,"enemies":"Small Slimes","floor":1,"turns":5},{"damage":2,"enemies":"Cultist","floor":3,"turns":4},{"damage":45,"enemies":"Gremlin Nob","floor":7,"turns":6},{"damage":0,"enemies":"Jaw Worm","floor":10,"turns":4},{"damage":1,"enemies":"Blue Slaver","floor":13,"turns":3},{"damage":63,"enemies":"The Guardian","floor":16,"turns":12}],"seed_played":"3013721587912403417","potions_obtained":[{"floor":10,"key":"LiquidBronze"},{"floor":13,"key":"Ancient Potion"}],"is_trial":false,"path_per_floor":["M","?","M","?","$","R","E","R","T","M","R","T","M","$","R"],"character_chosen":"THE_SILENT","items_purchased":[],"campfire_rested":1,"item_purchase_floors":[],"current_hp_per_floor":[67,67,65,65,65,65,20,41,41,41,41,41,40,40,40,0],"gold":225,"neow_bonus":"HUNDRED_GOLD","is_prod":false,"is_daily":false,"chose_seed":false,"campfire_upgraded":3,"win_rate":0,"timestamp":1534152555,"path_taken":["M","?","M","?","$","R","E","R","T","M","R","?","M","$","R","BOSS"],"build_version":"2018-08-09","purchased_purges":2,"victory":false,"max_hp_per_floor":[70,70,70,70,70,70,70,70,70,70,70,70,70,70,70,70],"card_choices":[{"not_picked":["Concentrate","Deflect"],"picked":"Prepared","floor":1},{"not_picked":["Bane","Cloak And Dagger"],"picked":"Backflip","floor":3},{"not_picked":["Night Terror","Skewer","Bane"],"picked":"SKIP","floor":7},{"not_picked":["Prepared","Endless Agony"],"picked":"Reflex","floor":10},{"not_picked":["Masterful Stab","Well Laid Plans"],"picked":"Dagger Throw","floor":13}],"player_experience":268346,"relics_obtained":[{"floor":7,"key":"MawBank"},{"floor":9,"key":"Matryoshka"},{"floor":12,"key":"Bag of Marbles"},{"floor":12,"key":"Bag of Preparation"}],"event_choices":[{"event_name":"Match and Keep!","player_choice":"2 cards matched","floor":2,"damage_taken":0},{"event_name":"Accursed Blacksmith","player_choice":"Forge","floor":4,"damage_taken":0}],"is_beta":false,"boss_relics":[],"items_purged_floors":[5,14],"is_endless":false,"potions_floor_spawned":[10,13],"killed_by":"The Guardian","ascension_level":4}