{"gold_per_floor":[118,136,148,163,163,163,178,212,212,222,232,38,38],"floor_reached":13,"playtime":467,"items_purged":["Regret"],"score":134,"play_id":"d3d0cffb-bcec-4576-9fde-bc820e89b628","local_time":"20180804165948","is_ascension_mode":true,"campfire_choices":[{"data":"Zap","floor":6,"key":"SMITH"}],"neow_cost":"NONE","seed_source_timestamp":87719603712718,"circlet_count":0,"master_deck":["Strike_B","Strike_B","Strike_B","Strike_B","Defend_B","Defend_B","Defend_B","Defend_B","Zap+1","Dualcast","AscendersBane","Coolheaded","Ball Lightning","Tempest","Darkness","Consume","Machine Learning","Double Energy","Self Repair","Cold Snap"],"relics":["Cracked Core","Boot","Symbiotic Virus","Pantograph","Letter Opener"],"potions_floor_usage":[7,11],"damage_taken":[{"damage":1,"enemies":"Cultist","floor":1,"turns":3},{"damage":0,"enemies":"2 Louse","floor":2,"turns":3},{"damage":5,"enemies":"Small Slimes","floor":3,"turns":3},{"damage":8,"enemies":"Red Slaver","floor":4,"turns":3},{"damage":0,"enemies":"3 Louse","floor":7,"turns":1},{"damage":44,"enemies":"Gremlin Nob","floor":8,"turns":4},{"damage":3,"enemies":"Large Slime","floor":10,"turns":4},{"damage":1,"enemies":"2 Fungi Beasts","floor":11,"turns":2},{"damage":14,"enemies":"3 Sentries","floor":13,"turns":2}],"seed_played":"1864870767784445115","potions_obtained":[{"floor":4,"key":"Explosive Potion"},{"floor":8,"key":"Poison Potion"}],"is_trial":false,"path_per_floor":["M","M","M","M","?","R","M","E","T","M","M","$"],"character_chosen":"DEFECT","items_purchased":["Self Repair","Cold Snap"],"campfire_rested":0,"item_purchase_floors":[12,12],"current_hp_per_floor":[67,67,62,54,54,54,54,10,10,7,6,6,0],"gold":38,"neow_bonus":"RANDOM_COMMON_RELIC","is_prod":false,"is_daily":false,"chose_seed":false,"campfire_upgraded":1,"win_rate":0,"timestamp":1533394788,"path_taken":["M","?","M","M","?","R","M","E","T","M","?","$","E"],"build_version":"2018-08-01","purchased_purges":1,"victory":false,"max_hp_per_floor":[75,75,75,75,75,75,75,75,75,75,75,75,75],"card_choices":[{"not_picked":["Leap","Cold Snap"],"picked":"Coolheaded","floor":1},{"not_picked":["Reinforced Body","Stack"],"picked":"Ball Lightning","floor":2},{"not_picked":["Redo","Turbo"],"picked":"Tempest","floor":3},{"not_picked":["Go for the Eyes","Redo"],"picked":"Darkness","floor":4},{"not_picked":["Gash","Sweeping Beam"],"picked":"Consume","floor":7},{"not_picked":["Redo","Go for the Eyes"],"picked":"Machine Learning","floor":8},{"not_picked":["Genetic Algorithm","Stack","Gash"],"picked":"SKIP","floor":10},{"not_picked":["Hologram","Conserve Battery"],"picked":"Double Energy","floor":11}],"player_experience":488818,"relics_obtained":[{"floor":8,"key":"Pantograph"},{"floor":9,"key":"Letter Opener"}],"event_choices":[{"event_name":"Big Fish","player_choice":"Box","floor":5,"damage_taken":0}],"is_beta":true,"boss_relics":[],"items_purged_floors":[12],"is_endless":false,"potions_floor_spawned":[4,8],"killed_by":"3 Sentries","ascension_level":10}