{"gold_per_floor":[114,189,114,114,129,129,29,29,81,94,94,119,141,163,175,288,300,329,358,293,305,146,146,180,180,204,239,256,256,283,301,301,399,399,413,413,432,432,132,167,167,182,264,298,309,309,329,341,341,341],"floor_reached":51,"playtime":2298,"items_purged":["Doubt","Strike_R","Defend_R","Strike_R"],"score":1005,"play_id":"b06cbf73-ad06-4efd-abe0-a4352f65235d","local_time":"20180720235928","is_ascension_mode":true,"campfire_choices":[{"data":"Whirlwind","floor":6.0,"key":"SMITH"},{"data":"Limit Break","floor":8.0,"key":"SMITH"},{"floor":15.0,"key":"REST"},{"data":"Flex","floor":23.0,"key":"SMITH"},{"data":"Whirlwind","floor":25.0,"key":"SMITH"},{"data":"Thunderclap","floor":29.0,"key":"SMITH"},{"floor":32.0,"key":"REST"},{"floor":49,"key":"REST"}],"neow_cost":"CURSE","seed_source_timestamp":8487351499602,"circlet_count":0,"master_deck":["Strike_R","Strike_R","Strike_R","Defend_R","Defend_R","Defend_R","Bash","Limit Break+1","Whirlwind+1","Limit Break","Double Tap","Whirlwind+1","J.A.X.","Flex+1","Thunderclap+1","Havoc+1","Madness","Madness","Flex+1","Heavy Blade+1","Flex"],"special_seed":0,"relics":["Burning Blood","Bronze Scales","Red Skull","MawBank","White Beast Statue","Singing Bowl","Anchor","Du-Vu Doll","Sundial","Runic Cube","Pen Nib","Dream Catcher","Frozen Egg 2","Boot"],"potions_floor_usage":[50,50],"damage_taken":[{"damage":10.0,"enemies":"Small Slimes","floor":1.0,"turns":4.0},{"damage":14.0,"enemies":"2 Louse","floor":5.0,"turns":3.0},{"damage":7.0,"enemies":"Jaw Worm","floor":10.0,"turns":3.0},{"damage":35.0,"enemies":"Lagavulin","floor":12.0,"turns":5.0},{"damage":2.0,"enemies":"3 Louse","floor":13.0,"turns":2.0},{"damage":11.0,"enemies":"Exordium Thugs","floor":14.0,"turns":2.0},{"damage":23.0,"enemies":"The Guardian","floor":16.0,"turns":13.0},{"damage":44.0,"enemies":"2 Thieves","floor":18.0,"turns":4.0},{"damage":1.0,"enemies":"3 Byrds","floor":19.0,"turns":5.0},{"damage":3.0,"enemies":"Gremlin Leader","floor":24.0,"turns":4.0},{"damage":22.0,"enemies":"Slavers","floor":27.0,"turns":2.0},{"damage":7.0,"enemies":"Centurion and Healer","floor":28.0,"turns":2.0},{"damage":2.0,"enemies":"Gremlin Leader","floor":30.0,"turns":3.0},{"damage":29.0,"enemies":"Slaver and Parasite","floor":31.0,"turns":3.0},{"damage":37.0,"enemies":"Automaton","floor":33.0,"turns":6.0},{"damage":23.0,"enemies":"Orb Walker","floor":35.0,"turns":3.0},{"damage":3.0,"enemies":"Flame Bruiser 1 Orb","floor":37.0,"turns":3.0},{"damage":43.0,"enemies":"2 Orb Walkers","floor":40.0,"turns":3.0},{"damage":12.0,"enemies":"Transient","floor":42.0,"turns":5.0},{"damage":38.0,"enemies":"Nemesis","floor":44.0,"turns":3.0},{"damage":0.0,"enemies":"Spire Growth","floor":45.0,"turns":2.0},{"damage":0.0,"enemies":"Flame Bruiser 2 Orb","floor":47.0,"turns":3.0},{"damage":8,"enemies":"Maw","floor":48,"turns":4},{"damage":31,"enemies":"Awakened One","floor":50,"turns":4}],"seed_played":"-7879126931923098125","potions_obtained":[{"floor":1.0,"key":"Strength Potion"},{"floor":13.0,"key":"Poison Potion"},{"floor":14.0,"key":"SteroidPotion"},{"floor":18.0,"key":"Dexterity Potion"},{"floor":19.0,"key":"SteroidPotion"},{"floor":24.0,"key":"SneckoOil"},{"floor":27.0,"key":"GamblersBrew"},{"floor":28.0,"key":"Weak Potion"},{"floor":30.0,"key":"SkillPotion"},{"floor":31.0,"key":"Fruit Juice"},{"floor":33.0,"key":"Energy Potion"},{"floor":35.0,"key":"Poison Potion"},{"floor":37.0,"key":"Fruit Juice"},{"floor":40.0,"key":"SteroidPotion"},{"floor":42.0,"key":"BloodPotion"},{"floor":44.0,"key":"SkillPotion"},{"floor":45.0,"key":"Fruit Juice"},{"floor":47.0,"key":"Weak Potion"},{"floor":48,"key":"Strength Potion"}],"is_trial":false,"path_per_floor":["M","?","$","?","M","R","$","R","T","M","?","E","M","M","R","B",null,"M","M","?","?","$","R","E","R","T","E","M","R","E","M","R","B",null,"M","?","M","?","$","E","$","M","T","E","M","?","M","M","R","B"],"character_chosen":"IRONCLAD","items_purchased":["Flex","Pen Nib"],"campfire_rested":3,"item_purchase_floors":[22,39],"current_hp_per_floor":[76,65,65,58,50,50,50,50,50,49,49,20,24,19,43,26,80,42,47,47,47,47,47,52,52,52,36,37,37,43,20,45,19,91,79,79,84,72,72,40,40,36,36,16,22,22,33,33,69,44],"gold":341,"neow_bonus":"THREE_RARE_CARDS","is_prod":false,"is_daily":false,"chose_seed":false,"campfire_upgraded":5,"win_rate":0,"timestamp":1532102368,"path_taken":["M","?","$","?","M","R","$","R","T","M","?","E","?","M","R","BOSS","M","M","?","?","$","R","E","R","T","E","?","R","E","M","R","BOSS","M","?","M","?","?","E","$","?","T","E","M","?","M","M","R","BOSS"],"build_version":"2018-07-19v2","purchased_purges":4,"victory":true,"max_hp_per_floor":[80,80,80,80,80,80,80,80,80,80,80,80,80,80,80,80,80,80,80,80,80,80,80,82,82,82,82,84,84,86,86,86,91,91,96,96,98,98,98,103,103,105,105,107,107,107,112,114,116,116],"card_choices":[{"not_picked":["Double Tap","Juggernaut"],"picked":"Limit Break","floor":0.0},{"not_picked":["True Grit","Perfected Strike","Shockwave"],"picked":"SKIP","floor":1.0},{"not_picked":["Flex","Pummel"],"picked":"Whirlwind","floor":5.0},{"not_picked":["Combust","Armaments","True Grit"],"picked":"SKIP","floor":10.0},{"not_picked":["Armaments","Wild Strike","Shockwave"],"picked":"SKIP","floor":12.0},{"not_picked":["True Grit","Power Through","Demon Form"],"picked":"SKIP","floor":13.0},{"not_picked":["Anger","Cleave","Twin Strike"],"picked":"SKIP","floor":14.0},{"not_picked":["Barricade","Juggernaut"],"picked":"Double Tap","floor":16.0},{"not_picked":["Second Wind+1","Burning Pact"],"picked":"Whirlwind","floor":18.0},{"not_picked":["Cleave","Warcry","Perfected Strike"],"picked":"SKIP","floor":19.0},{"not_picked":["Warcry","Headbutt","Armaments"],"picked":"Singing Bowl","floor":24.0},{"not_picked":["Rampage","Dropkick"],"picked":"Thunderclap","floor":27.0},{"not_picked":["Bloodletting","Wild Strike","Sword Boomerang"],"picked":"Singing Bowl","floor":28.0},{"not_picked":["Anger","Pommel Strike","Fire Breathing"],"picked":"Singing Bowl","floor":30.0},{"not_picked":["Clothesline","Sever Soul"],"picked":"Havoc+1","floor":31.0},{"not_picked":["Impervious","Immolate"],"picked":"Feed","floor":33.0},{"not_picked":["Shrug It Off+1","Wild Strike+1","Rampage"],"picked":"Singing Bowl","floor":35.0},{"not_picked":["Rampage+1","Anger","Clash"],"picked":"Singing Bowl","floor":37.0},{"not_picked":["Dark Embrace","Sentinel"],"picked":"Flex+1","floor":40.0},{"not_picked":["Perfected Strike+1","Headbutt","Warcry"],"picked":"Singing Bowl","floor":42.0},{"not_picked":["Twin Strike","Body Slam","Ghostly Armor"],"picked":"Singing Bowl","floor":44.0},{"not_picked":["Armaments","Shockwave"],"picked":"Heavy Blade+1","floor":45.0},{"not_picked":["Perfected Strike+1","Entrench"],"picked":"Flex","floor":47.0},{"not_picked":["Perfected Strike","Fiend Fire","Blood for Blood"],"picked":"Singing Bowl","floor":48},{"not_picked":["Wild Strike","Cleave","Carnage+1"],"picked":"Singing Bowl","floor":49}],"player_experience":170916,"relics_obtained":[{"floor":9.0,"key":"Red Skull"},{"floor":12.0,"key":"MawBank"},{"floor":24.0,"key":"Singing Bowl"},{"floor":26.0,"key":"Anchor"},{"floor":27.0,"key":"Du-Vu Doll"},{"floor":30.0,"key":"Sundial"},{"floor":40.0,"key":"Dream Catcher"},{"floor":43.0,"key":"Frozen Egg 2"},{"floor":44.0,"key":"Boot"}],"event_choices":[{"event_name":"World of Goop","player_choice":"Gather Gold","floor":2.0,"damage_taken":0.0},{"event_name":"Scrap Ooze","player_choice":"success","floor":4.0,"damage_taken":7.0},{"event_name":"Match and Keep!","player_choice":"1 cards matched","floor":11.0,"damage_taken":0.0},{"event_name":"Drug Dealer","player_choice":"Got JAXXED","floor":20.0,"damage_taken":0.0},{"event_name":"Vampires","player_choice":"Ignored","floor":21.0,"damage_taken":0.0},{"event_name":"Tomb of Lord Red Mask","player_choice":"Ignored","floor":36.0,"damage_taken":0.0},{"event_name":"Winding Halls","player_choice":"Embrace Madness","floor":38.0,"damage_taken":0.0},{"event_name":"Falling","player_choice":"Removed Attack","floor":46.0,"damage_taken":0.0}],"is_beta":false,"boss_relics":[{"not_picked":["Sozu","Mark of Pain"],"picked":"White Beast Statue"},{"not_picked":["Orrery","Calling Bell"],"picked":"Runic Cube"}],"items_purged_floors":[3,7,22,39],"is_endless":false,"potions_floor_spawned":[1,13,14,18,19,24,27,28,30,31,33,35,37,40,42,44,45,47,48],"ascension_level":3}