{"gold_per_floor":[114,114,114,114,114,142,155,166,190,190,56,56,81,91,91,91],"floor_reached":16,"playtime":259,"items_purged":["Strike_R"],"score":266,"play_id":"1938d2a7-85ea-4776-816c-efb0bee0be0e","local_time":"20190511211547","is_ascension_mode":true,"campfire_choices":[{"data":"Flex","floor":10,"key":"SMITH"},{"data":"Immolate","floor":12,"key":"SMITH"},{"data":"Flex","floor":15,"key":"SMITH"}],"neow_cost":"NONE","seed_source_timestamp":35446695838482,"circlet_count":0,"master_deck":["AscendersBane","Strike_R+1","Strike_R","Defend_R","Defend_R+1","Defend_R","Defend_R","Bash","Flex+1","Dropkick","Decay","True Grit","Iron Wave","Immolate+1","Flex+1"],"relics":["Burning Blood","NeowsBlessing","Art of War","Smiling Mask","Lantern"],"potions_floor_usage":[14,16],"damage_taken":[{"damage":0,"enemies":"Cultist","floor":1,"turns":1},{"damage":0,"enemies":"Gremlin Nob","floor":6,"turns":2},{"damage":0,"enemies":"2 Louse","floor":7,"turns":2},{"damage":0,"enemies":"Small Slimes","floor":8,"turns":4},{"damage":22,"enemies":"3 Sentries","floor":13,"turns":8},{"damage":9,"enemies":"Red Slaver","floor":14,"turns":2},{"damage":28,"enemies":"The Guardian","floor":16,"turns":7}],"seed_played":"-8256334535404921431","potions_obtained":[{"floor":1,"key":"Ancient Potion"},{"floor":6,"key":"BloodPotion"}],"is_trial":false,"path_per_floor":["M","?","?","?","?","E","M","M","T","R","$","R","E","M","R","B"],"character_chosen":"IRONCLAD","items_purchased":["Immolate"],"campfire_rested":0,"item_purchase_floors":[11],"current_hp_per_floor":[74,74,67,44,44,50,56,62,62,62,62,62,46,50,50,22],"gold":91,"neow_bonus":"THREE_ENEMY_KILL","is_prod":false,"is_daily":false,"chose_seed":false,"campfire_upgraded":3,"win_rate":0,"timestamp":1557602147,"path_taken":["M","?","?","?","?","E","M","?","T","R","$","R","E","M","R","BOSS"],"build_version":"2019-01-23","purchased_purges":1,"victory":false,"max_hp_per_floor":[75,75,75,75,75,75,75,75,75,75,75,75,75,75,75,75],"card_choices":[{"not_picked":["Havoc","Reckless Charge"],"picked":"Flex","floor":1},{"not_picked":["Searing Blow","Heavy Blade"],"picked":"True Grit","floor":6},{"not_picked":["Clash","Clothesline","Cleave"],"picked":"SKIP","floor":7},{"not_picked":["Heavy Blade","Spot Weakness"],"picked":"Iron Wave","floor":8},{"not_picked":["Headbutt","Brutality"],"picked":"Flex","floor":13},{"not_picked":["Blood for Blood","Pommel Strike","Corruption"],"picked":"SKIP","floor":14}],"player_experience":878227,"relics_obtained":[{"floor":6,"key":"Art of War"},{"floor":9,"key":"Smiling Mask"},{"floor":13,"key":"Lantern"}],"event_choices":[{"damage_healed":0,"gold_gain":0,"cards_transformed":["Strike_R"],"player_choice":"Change","damage_taken":0,"max_hp_gain":0,"max_hp_loss":0,"event_name":"Living Wall","floor":2,"gold_loss":0,"cards_obtained":["Dropkick"]},{"cards_removed":["Strike_R"],"damage_healed":0,"gold_gain":0,"player_choice":"Card Removal","damage_taken":7,"max_hp_gain":0,"max_hp_loss":0,"event_name":"Golden Wing","floor":3,"gold_loss":0},{"damage_healed":0,"gold_gain":0,"player_choice":"Entered Light","damage_taken":23,"max_hp_gain":0,"max_hp_loss":0,"event_name":"Shining Light","floor":4,"gold_loss":0,"cards_upgraded":["Strike_R","Defend_R"]},{"damage_healed":0,"gold_gain":0,"player_choice":"Cursed","damage_taken":0,"max_hp_gain":0,"max_hp_loss":0,"event_name":"Wheel of Change","floor":5,"gold_loss":0,"cards_obtained":["Decay"]}],"is_beta":false,"boss_relics":[],"items_purged_floors":[11],"is_endless":false,"potions_floor_spawned":[1,6,13],"killed_by":"The Guardian","ascension_level":20}