{"gold_per_floor":[116,116,41,51,62,62,74,88,140,215,215,36,1,18,18,18],"floor_reached":16,"playtime":377,"items_purged":["Strike_G","Strike_G"],"score":184,"play_id":"870b223e-cb75-47f6-aba4-e087a8de3ec9","local_time":"20181206174611","is_ascension_mode":true,"campfire_choices":[{"data":"Noxious Fumes","floor":6,"key":"SMITH"},{"floor":11,"key":"REST"},{"data":"Neutralize","floor":15,"key":"SMITH"}],"neow_cost":"NONE","seed_source_timestamp":83540866600768,"circlet_count":0,"master_deck":["AscendersBane","Defend_G","Defend_G","Defend_G","Defend_G","Defend_G","Strike_G","Strike_G","Survivor","Neutralize+1","Backstab","Noxious Fumes+1"],"relics":["Velvet Choker","Lantern"],"potions_floor_usage":[14,16],"damage_taken":[{"damage":7,"enemies":"Jaw Worm","floor":1,"turns":6},{"damage":2,"enemies":"Small Slimes","floor":4,"turns":6},{"damage":1,"enemies":"2 Louse","floor":5,"turns":2},{"damage":0,"enemies":"2 Fungi Beasts","floor":7,"turns":5},{"damage":29,"enemies":"Large Slime","floor":8,"turns":7},{"damage":0,"enemies":"3 Louse","floor":14,"turns":6},{"damage":52,"enemies":"Hexaghost","floor":16,"turns":13}],"seed_played":"-3372344767555744644","potions_obtained":[{"floor":1,"key":"Regen Potion"},{"floor":8,"key":"Ancient Potion"},{"floor":14,"key":"AttackPotion"}],"is_trial":false,"path_per_floor":["M","?","$","M","M","R","M","M","T","?","R","$","?","M","R","B"],"character_chosen":"THE_SILENT","items_purchased":["Regen Potion"],"campfire_rested":1,"item_purchase_floors":[12],"current_hp_per_floor":[52,45,45,43,42,42,42,13,13,2,21,21,37,52,52,0],"gold":18,"neow_bonus":"BOSS_RELIC","is_prod":false,"is_daily":false,"chose_seed":false,"campfire_upgraded":2,"win_rate":0,"timestamp":1544114771,"path_taken":["M","?","$","M","M","R","M","M","T","?","R","$","?","M","R","BOSS"],"build_version":"2018-12-06","purchased_purges":2,"victory":false,"max_hp_per_floor":[66,66,66,66,66,66,66,66,66,66,66,66,66,66,66,66],"card_choices":[{"not_picked":["Skewer","Escape Plan","Blade Dance"],"picked":"SKIP","floor":1},{"not_picked":["Masterful Stab","PiercingWail"],"picked":"Backstab","floor":4},{"not_picked":["Prepared","Backflip"],"picked":"Noxious Fumes","floor":5},{"not_picked":["Eviscerate","Accuracy","Escape Plan"],"picked":"SKIP","floor":7},{"not_picked":["Prepared","Escape Plan","PiercingWail"],"picked":"SKIP","floor":8},{"not_picked":["Accuracy","Flechettes","Slice"],"picked":"SKIP","floor":14}],"player_experience":799352,"relics_obtained":[{"floor":9,"key":"Lantern"}],"event_choices":[{"cards_removed":["Strike_G"],"damage_healed":0,"gold_gain":0,"player_choice":"Card Removal","damage_taken":7,"max_hp_gain":0,"max_hp_loss":0,"event_name":"Golden Wing","floor":2,"gold_loss":0},{"damage_healed":0,"gold_gain":75,"player_choice":"Gather Gold","damage_taken":11,"max_hp_gain":0,"max_hp_loss":0,"event_name":"World of Goop","floor":10,"gold_loss":0},{"damage_healed":16,"gold_gain":0,"player_choice":"Healed","damage_taken":0,"max_hp_gain":0,"max_hp_loss":0,"event_name":"The Cleric","floor":13,"gold_loss":35}],"is_beta":true,"boss_relics":[],"items_purged_floors":[3,12],"is_endless":false,"potions_floor_spawned":[1,8,14],"killed_by":"Hexaghost","ascension_level":20}