{"gold_per_floor":[114,114,131,144,18,18,18,47,47,82,82,82,102,114,114,216,216,233,245,145,145,157,188,200,200,200,229,229,229,259,276,276,375,375,385,399,274,374,73,108,9,9,9,23,23,23,33,50,50,50,50,50,2,35,35],"floor_reached":56,"playtime":1651,"items_purged":["Defend_R","Defend_R","Bite"],"score":1220,"play_id":"bf3d1a86-4501-4290-adbb-03f2065cc207","local_time":"20191020190307","is_ascension_mode":false,"campfire_choices":[{"data":"Inflame","floor":7.0,"key":"SMITH"},{"data":"Flex","floor":12.0,"key":"SMITH"},{"floor":15.0,"key":"DIG"},{"floor":25.0,"key":"DIG"},{"floor":29.0,"key":"DIG"},{"data":"Feed","floor":32.0,"key":"SMITH"},{"data":"1","floor":42.0,"key":"LIFT"},{"floor":46.0,"key":"DIG"},{"floor":49.0,"key":"RECALL"},{"data":"2","floor":52.0,"key":"LIFT"}],"neow_cost":"NONE","seed_source_timestamp":286599281115105,"circlet_count":0,"master_deck":["Bash+1","Inflame+1","Flex+1","Reaper","Feed+1","Inflame+1","Bite","Bite","Bite","Evolve+1"],"special_seed":0,"relics":["Burning Blood","Shovel","Frozen Egg 2","Letter Opener","Oddly Smooth Stone","Coffee Dripper","Orichalcum","Juzu Bracelet","Bottled Flame","Dodecahedron","Potion Belt","Strawberry","Empty Cage","Girya","TungstenRod","Akabeko","Bronze Scales","Shuriken"],"potions_floor_usage":[54,54,55,55,55,55,55,55,55,55],"damage_taken":[{"damage":7.0,"enemies":"Small Slimes","floor":1.0,"turns":4.0},{"damage":6.0,"enemies":"Cultist","floor":3.0,"turns":3.0},{"damage":4.0,"enemies":"2 Louse","floor":4.0,"turns":3.0},{"damage":16.0,"enemies":"Gremlin Nob","floor":8.0,"turns":4.0},{"damage":31.0,"enemies":"Lagavulin","floor":10.0,"turns":6.0},{"damage":0.0,"enemies":"Large Slime","floor":13.0,"turns":3.0},{"damage":25.0,"enemies":"3 Louse","floor":14.0,"turns":3.0},{"damage":28.0,"enemies":"Slime Boss","floor":16.0,"turns":11.0},{"damage":18.0,"enemies":"2 Thieves","floor":18.0,"turns":4.0},{"damage":4.0,"enemies":"3 Byrds","floor":19.0,"turns":2.0},{"damage":45.0,"enemies":"Snake Plant","floor":22.0,"turns":4.0},{"damage":31.0,"enemies":"Gremlin Leader","floor":23.0,"turns":4.0},{"damage":12.0,"enemies":"3 Cultists","floor":24.0,"turns":4.0},{"damage":36.0,"enemies":"Book of Stabbing","floor":27.0,"turns":4.0},{"damage":34.0,"enemies":"Slavers","floor":30.0,"turns":5.0},{"damage":8.0,"enemies":"Snecko","floor":31.0,"turns":4.0},{"damage":75.0,"enemies":"Automaton","floor":33.0,"turns":7.0},{"damage":3.0,"enemies":"3 Shapes","floor":35.0,"turns":3.0},{"damage":27.0,"enemies":"3 Darklings","floor":36.0,"turns":4.0},{"damage":34.0,"enemies":"Mind Bloom Boss Battle","floor":38.0,"turns":5.0},{"damage":70.0,"enemies":"Nemesis","floor":40.0,"turns":7.0},{"damage":5.0,"enemies":"Sphere and 2 Shapes","floor":44.0,"turns":3.0},{"damage":21.0,"enemies":"Maw","floor":47.0,"turns":5.0},{"damage":18.0,"enemies":"3 Darklings","floor":48.0,"turns":4.0},{"damage":120.0,"enemies":"Donu and Deca","floor":50.0,"turns":9.0},{"damage":81,"enemies":"Shield and Spear","floor":54,"turns":6},{"damage":102,"enemies":"The Heart","floor":55,"turns":6}],"seed_played":"712663824967059523","potions_obtained":[{"floor":4.0,"key":"Block Potion"},{"floor":13.0,"key":"LiquidBronze"},{"floor":16.0,"key":"Dexterity Potion"},{"floor":18.0,"key":"DuplicationPotion"},{"floor":19.0,"key":"AttackPotion"},{"floor":22.0,"key":"Swift Potion"},{"floor":30.0,"key":"PowerPotion"},{"floor":38.0,"key":"LiquidMemories"},{"floor":40.0,"key":"FearPotion"},{"floor":44.0,"key":"PowerPotion"},{"floor":47.0,"key":"Fire Potion"},{"floor":54,"key":"GamblersBrew"}],"is_trial":false,"path_per_floor":["M","?","M","M","$","?","R","E","T","E","?","R","M","M","R","B",null,"M","M","$","?","M","E","M","R","T","E","?","R","E","M","R","B",null,"M","M","$","?","$","E","$","R","T","M","?","R","M","M","R","B",null,"R","$","E","B",null],"character_chosen":"IRONCLAD","items_purchased":["Flex","TungstenRod","EntropicBrew","AttackPotion"],"campfire_rested":0,"item_purchase_floors":[5,39,41,53],"current_hp_per_floor":[87,87,87,88,88,81,81,71,71,46,46,46,62,55,55,55,88,76,81,81,81,53,40,58,58,58,40,40,40,57,74,74,31,74,78,78,78,78,78,41,41,41,41,82,82,82,86,90,90,38,94,94,94,65,22],"gold":35,"neow_bonus":"TEN_PERCENT_HP_BONUS","is_prod":false,"is_daily":false,"chose_seed":false,"campfire_upgraded":3,"win_rate":0,"timestamp":1571590987,"path_taken":["M","?","M","?","$","?","R","E","T","E","?","R","M","M","R","BOSS","M","M","$","?","M","E","M","R","T","E","?","R","E","M","R","BOSS","M","M","$","?","$","E","$","R","T","M","?","R","M","M","R","BOSS","R","$","E","BOSS"],"build_version":"2019-10-18","purchased_purges":3,"victory":true,"max_hp_per_floor":[88,88,88,88,88,88,88,88,88,88,88,88,88,88,88,88,88,88,91,91,91,94,94,97,97,97,97,67,67,74,74,74,74,74,78,78,78,78,78,78,78,78,78,82,82,82,86,90,90,94,94,94,94,94,94],"card_choices":[{"not_picked":["Shrug It Off","Heavy Blade","Seeing Red"],"picked":"SKIP","floor":1.0},{"not_picked":["Whirlwind","Blood for Blood"],"picked":"Inflame","floor":3.0},{"not_picked":["Power Through","Wild Strike","True Grit"],"picked":"SKIP","floor":4.0},{"not_picked":["Headbutt","Dual Wield","Bloodletting"],"picked":"SKIP","floor":8.0},{"not_picked":["Armaments","Exhume"],"picked":"Reaper","floor":10.0},{"not_picked":["Havoc","Flex","Clothesline"],"picked":"SKIP","floor":13.0},{"not_picked":["Searing Blow","Body Slam","Burning Pact"],"picked":"SKIP","floor":14.0},{"not_picked":["Brutality+1","Exhume"],"picked":"Feed","floor":16.0},{"not_picked":["Shockwave","Flame Barrier","Wild Strike"],"picked":"SKIP","floor":18.0},{"not_picked":["Reckless Charge","Iron Wave+1","Disarm"],"picked":"SKIP","floor":19.0},{"not_picked":["Body Slam","Searing Blow","Flex+1"],"picked":"SKIP","floor":22.0},{"not_picked":["Rupture+1","Bloodletting","Hemokinesis+1"],"picked":"SKIP","floor":23.0},{"not_picked":["Sword Boomerang","Combust+1","Wild Strike"],"picked":"SKIP","floor":24.0},{"not_picked":["Cleave","Shrug It Off","Double Tap"],"picked":"SKIP","floor":27.0},{"not_picked":["Havoc","Seeing Red","Wild Strike+1"],"picked":"SKIP","floor":30.0},{"not_picked":["Warcry+1","Headbutt+1","Twin Strike+1"],"picked":"SKIP","floor":31.0},{"not_picked":["Feel No Pain+1","Anger","Second Wind+1"],"picked":"SKIP","floor":35.0},{"not_picked":["Havoc+1","Iron Wave","Perfected Strike+1"],"picked":"SKIP","floor":36.0},{"not_picked":["Iron Wave","Rampage","Perfected Strike"],"picked":"SKIP","floor":40.0},{"not_picked":["Flex+1","Iron Wave+1","Combust+1"],"picked":"SKIP","floor":44.0},{"not_picked":["Warcry+1","Reckless Charge","Anger+1"],"picked":"SKIP","floor":47.0},{"not_picked":["Brutality+1","Body Slam"],"picked":"Evolve+1","floor":48.0},{"not_picked":["Bloodletting+1","Inflame+1","Havoc"],"picked":"SKIP","floor":54}],"player_experience":865487,"relics_obtained":[{"floor":8.0,"key":"Shovel"},{"floor":9.0,"key":"Frozen Egg 2"},{"floor":10.0,"key":"Letter Opener"},{"floor":15.0,"key":"Oddly Smooth Stone"},{"floor":23.0,"key":"Orichalcum"},{"floor":25.0,"key":"Juzu Bracelet"},{"floor":26.0,"key":"Bottled Flame"},{"floor":27.0,"key":"Dodecahedron"},{"floor":29.0,"key":"Potion Belt"},{"floor":30.0,"key":"Strawberry"},{"floor":38.0,"key":"Girya"},{"floor":40.0,"key":"Akabeko"},{"floor":46.0,"key":"Bronze Scales"},{"floor":54,"key":"Shuriken"}],"event_choices":[{"damage_healed":0.0,"max_hp_gain":0.0,"max_hp_loss":0.0,"gold_gain":0.0,"event_name":"Upgrade Shrine","player_choice":"Upgraded","floor":2.0,"gold_loss":0.0,"damage_taken":0.0,"cards_upgraded":["Bash"]},{"cards_removed":["Defend_R"],"damage_healed":0.0,"max_hp_gain":0.0,"max_hp_loss":0.0,"gold_gain":0.0,"event_name":"Golden Wing","player_choice":"Card Removal","floor":6.0,"gold_loss":0.0,"damage_taken":7.0},{"damage_healed":0.0,"max_hp_gain":0.0,"max_hp_loss":0.0,"gold_gain":0.0,"event_name":"Scrap Ooze","player_choice":"Fled","floor":11.0,"gold_loss":0.0,"damage_taken":0.0},{"damage_healed":0.0,"max_hp_gain":0.0,"max_hp_loss":0.0,"gold_gain":0.0,"cards_transformed":["Strike_R","Defend_R"],"event_name":"Drug Dealer","player_choice":"Became Test Subject","floor":21.0,"gold_loss":0.0,"damage_taken":0.0,"cards_obtained":["Inflame","Bloodletting"]},{"damage_healed":0.0,"max_hp_gain":0.0,"max_hp_loss":30.0,"gold_gain":0.0,"event_name":"Vampires","player_choice":"Became a vampire","floor":28.0,"gold_loss":0.0,"damage_taken":0.0,"cards_obtained":["Bite","Bite","Bite","Bite","Bite"]},{"damage_healed":0.0,"max_hp_gain":0.0,"max_hp_loss":0.0,"gold_gain":0.0,"event_name":"MindBloom","player_choice":"Fight","floor":38.0,"gold_loss":0.0,"damage_taken":0.0},{"damage_healed":0.0,"max_hp_gain":0.0,"max_hp_loss":0.0,"gold_gain":0.0,"event_name":"NoteForYourself","player_choice":"Ignored","floor":45.0,"gold_loss":0.0,"damage_taken":0.0}],"is_beta":true,"boss_relics":[{"not_picked":["Calling Bell","Pandora\u0027s Box"],"picked":"Coffee Dripper"},{"not_picked":["Philosopher\u0027s Stone","Black Star"],"picked":"Empty Cage"}],"items_purged_floors":[5,20,37],"is_endless":false,"potions_floor_spawned":[4,13,16,18,19,22,30,38,40,44,47,54],"ascension_level":0}