{"gold_per_floor":[114,128,143,157,170,170,197,207,207,221,237,312,331,344,344,415,415,427,442,105,121,121,121,121,21,21,21,39,50,50,50,50,50],"floor_reached":33,"playtime":831,"items_purged":["Defend_R","Defend_R"],"score":454,"play_id":"6ac2d5c3-3311-4cc5-bdf6-996b03a239df","local_time":"20180901203838","is_ascension_mode":true,"campfire_choices":[{"data":"Inflame","floor":6.0,"key":"SMITH"},{"floor":15.0,"key":"REST"},{"floor":23.0,"key":"REST"},{"data":"Heavy Blade","floor":27,"key":"SMITH"},{"data":"Heavy Blade","floor":32,"key":"SMITH"}],"neow_cost":"NONE","seed_source_timestamp":559987777933772,"circlet_count":0,"master_deck":["Strike_R+1","Strike_R+1","Strike_R+1","Strike_R+1","Strike_R+1","Defend_R+1","Defend_R+1","Bash+1","AscendersBane","Pommel Strike","Dropkick","Twin Strike","Limit Break","Inflame+1","Thunderclap","Heavy Blade+1","Inflame","Twin Strike","Heavy Blade+1","Heavy Blade","Flex","Flex","Flex","Reaper"],"special_seed":0,"relics":["Burning Blood","Prayer Wheel","Kunai","Busted Crown","Bottled Lightning","Nilry\u0027s Codex","Bag of Marbles","Bottled Flame"],"potions_floor_usage":[33],"damage_taken":[{"damage":7.0,"enemies":"Small Slimes","floor":1.0,"turns":3.0},{"damage":7.0,"enemies":"2 Louse","floor":2.0,"turns":2.0},{"damage":6.0,"enemies":"Cultist","floor":3.0,"turns":4.0},{"damage":9.0,"enemies":"2 Fungi Beasts","floor":4.0,"turns":4.0},{"damage":1.0,"enemies":"3 Louse","floor":5.0,"turns":2.0},{"damage":18.0,"enemies":"Lagavulin","floor":7.0,"turns":6.0},{"damage":21.0,"enemies":"Gremlin Gang","floor":8.0,"turns":3.0},{"damage":10.0,"enemies":"Exordium Thugs","floor":10.0,"turns":3.0},{"damage":12.0,"enemies":"Looter","floor":11.0,"turns":3.0},{"damage":8.0,"enemies":"Large Slime","floor":13.0,"turns":5.0},{"damage":6.0,"enemies":"2 Fungi Beasts","floor":14.0,"turns":2.0},{"damage":23.0,"enemies":"Slime Boss","floor":16.0,"turns":7.0},{"damage":41.0,"enemies":"2 Thieves","floor":18.0,"turns":4.0},{"damage":18.0,"enemies":"Spheric Guardian","floor":19.0,"turns":4.0},{"damage":22.0,"enemies":"3 Cultists","floor":21.0,"turns":4.0},{"damage":0.0,"enemies":"Slavers","floor":24.0,"turns":1.0},{"damage":14,"enemies":"Centurion and Healer","floor":28,"turns":3},{"damage":30,"enemies":"Snecko","floor":29,"turns":4},{"damage":98,"enemies":"Automaton","floor":33,"turns":6}],"seed_played":"-658966602086392230","potions_obtained":[{"floor":3.0,"key":"Explosive Potion"},{"floor":4.0,"key":"EssenceOfSteel"},{"floor":5.0,"key":"EssenceOfSteel"},{"floor":8.0,"key":"Fruit Juice"},{"floor":16.0,"key":"SmokeBomb"},{"floor":18.0,"key":"Poison Potion"}],"is_trial":false,"path_per_floor":["M","M","M","M","M","R","E","M","T","M","M","?","M","M","R","B",null,"M","M","$","M","?","R","E","$","T","R","M","M","?","T","R"],"character_chosen":"IRONCLAD","items_purchased":["Bottled Lightning"],"campfire_rested":2,"item_purchase_floors":[20],"current_hp_per_floor":[71,70,70,67,72,72,60,45,50,46,40,29,27,27,52,35,73,47,35,35,43,27,52,58,58,58,58,62,49,49,49,49,0],"gold":50,"neow_bonus":"UPGRADE_CARD","is_prod":false,"is_daily":false,"chose_seed":false,"campfire_upgraded":3,"win_rate":0,"timestamp":1535827118,"path_taken":["M","M","M","M","M","R","E","M","T","M","M","?","M","M","R","BOSS","M","M","$","M","?","R","E","$","T","R","?","M","?","?","R","BOSS"],"build_version":"2018-08-30","purchased_purges":2,"victory":false,"max_hp_per_floor":[80,80,80,80,80,80,80,80,85,85,85,85,85,85,85,85,85,85,85,85,85,85,85,85,85,85,85,85,85,85,85,85,85],"card_choices":[{"not_picked":["Headbutt","Iron Wave"],"picked":"Pommel Strike","floor":1.0},{"not_picked":["Shrug It Off","Wild Strike"],"picked":"Dropkick","floor":2.0},{"not_picked":["Heavy Blade","True Grit"],"picked":"Twin Strike","floor":3.0},{"not_picked":["Heavy Blade","Hemokinesis"],"picked":"Limit Break","floor":4.0},{"not_picked":["Headbutt","Twin Strike"],"picked":"Inflame","floor":5.0},{"not_picked":["True Grit","Bloodletting"],"picked":"Thunderclap","floor":7.0},{"not_picked":["Pommel Strike","Exhume"],"picked":"Heavy Blade","floor":8.0},{"not_picked":["Sever Soul","Second Wind","Warcry"],"picked":"SKIP","floor":8.0},{"not_picked":["Feel No Pain","Burning Pact"],"picked":"Inflame","floor":10.0},{"not_picked":["Anger","Headbutt"],"picked":"Twin Strike","floor":10.0},{"not_picked":["Cleave","Sever Soul"],"picked":"Heavy Blade","floor":11.0},{"not_picked":["Iron Wave","Shrug It Off","Armaments"],"picked":"SKIP","floor":11.0},{"not_picked":["Pommel Strike","Infernal Blade"],"picked":"Heavy Blade","floor":13.0},{"not_picked":["Twin Strike","Battle Trance"],"picked":"Flex","floor":13.0},{"not_picked":["Juggernaut","Flame Barrier"],"picked":"Flex","floor":14.0},{"not_picked":["Headbutt","Carnage"],"picked":"Flex","floor":14.0},{"not_picked":["Double Tap","Impervious"],"picked":"Reaper","floor":16.0},{"not_picked":["Iron Wave"],"picked":"SKIP","floor":18.0},{"not_picked":["Anger"],"picked":"SKIP","floor":18.0},{"not_picked":["Twin Strike"],"picked":"SKIP","floor":19.0},{"not_picked":["Battle Trance"],"picked":"SKIP","floor":19.0},{"not_picked":["Flex"],"picked":"SKIP","floor":21.0},{"not_picked":["Power Through"],"picked":"SKIP","floor":21.0},{"not_picked":["Twin Strike"],"picked":"SKIP","floor":28},{"not_picked":["Combust"],"picked":"SKIP","floor":28},{"not_picked":["Headbutt"],"picked":"SKIP","floor":29},{"not_picked":["Perfected Strike"],"picked":"SKIP","floor":29}],"player_experience":624464,"relics_obtained":[{"floor":7.0,"key":"Prayer Wheel"},{"floor":9.0,"key":"Kunai"},{"floor":22.0,"key":"Nilry\u0027s Codex"},{"floor":26,"key":"Bag of Marbles"},{"floor":31,"key":"Bottled Flame"}],"event_choices":[{"event_name":"World of Goop","player_choice":"Gather Gold","floor":12.0,"damage_taken":0.0},{"event_name":"Cursed Tome","player_choice":"Obtained Book","floor":22.0,"damage_taken":0.0},{"event_name":"Back to Basics","player_choice":"Simplicity","floor":30,"damage_taken":0}],"is_beta":true,"boss_relics":[{"not_picked":["Mark of Pain","Astrolabe"],"picked":"Busted Crown"}],"items_purged_floors":[20,25],"is_endless":false,"potions_floor_spawned":[3,4,5,8,16,18,21],"killed_by":"Automaton","ascension_level":13}