{"gold_per_floor":[116,216,230,240,255,312,329,364,445,471,471,506,506,476,476,549,549,567,539,200,200,212,212,212],"floor_reached":24,"playtime":858,"items_purged":[],"score":436,"play_id":"8e957f92-0f9a-41fe-8d0d-b994283417f5","local_time":"20190413162150","is_ascension_mode":true,"campfire_choices":[{"floor":11.0,"key":"REST"},{"data":"Armaments","floor":15.0,"key":"SMITH"},{"floor":23,"key":"REST"}],"neow_cost":"NONE","seed_source_timestamp":189177209560611,"circlet_count":0,"master_deck":["AscendersBane","Strike_R","Strike_R","Strike_R","Strike_R","Strike_R","Defend_R","Bash","Heavy Blade","Spot Weakness","Flame Barrier","Armaments+1","Feed","Metallicize","Heavy Blade","Reaper","Uppercut+1","Dark Embrace+1","True Grit+1","Entrench+1","Immolate+1"],"special_seed":0,"relics":["Burning Blood","NeowsBlessing","Tiny Chest","Regal Pillow","The Courier","Happy Flower","Du-Vu Doll","Astrolabe","Bottled Lightning"],"potions_floor_usage":[],"damage_taken":[{"damage":0.0,"enemies":"2 Louse","floor":1.0,"turns":1.0},{"damage":0.0,"enemies":"Cultist","floor":3.0,"turns":1.0},{"damage":0.0,"enemies":"Jaw Worm","floor":4.0,"turns":1.0},{"damage":2.0,"enemies":"2 Fungi Beasts","floor":5.0,"turns":5.0},{"damage":25.0,"enemies":"3 Sentries","floor":6.0,"turns":9.0},{"damage":18.0,"enemies":"Large Slime","floor":7.0,"turns":4.0},{"damage":33.0,"enemies":"Lagavulin","floor":8.0,"turns":8.0},{"damage":11.0,"enemies":"Gremlin Nob","floor":12.0,"turns":3.0},{"damage":15.0,"enemies":"Exordium Thugs","floor":14.0,"turns":6.0},{"damage":16.0,"enemies":"Slime Boss","floor":16.0,"turns":7.0},{"damage":12.0,"enemies":"Spheric Guardian","floor":18.0,"turns":5.0},{"damage":26.0,"enemies":"2 Thieves","floor":19.0,"turns":4.0},{"damage":46,"enemies":"Shelled Parasite and Fungi","floor":22,"turns":9},{"damage":64,"enemies":"Book of Stabbing","floor":24,"turns":5}],"seed_played":"1833375963052161185","potions_obtained":[{"floor":3.0,"key":"GamblersBrew"},{"floor":4.0,"key":"Energy Potion"},{"floor":5.0,"key":"SteroidPotion"},{"floor":7.0,"key":"Fire Potion"},{"floor":16.0,"key":"PowerPotion"}],"is_trial":false,"path_per_floor":["M","?","M","M","M","E","M","E","T","T","R","E","?","M","R","B",null,"M","M","$","?","M","R","E"],"character_chosen":"IRONCLAD","items_purchased":["Bottled Lightning","Immolate"],"campfire_rested":2,"item_purchase_floors":[20,20],"current_hp_per_floor":[74,74,75,75,75,56,44,17,17,17,54,49,49,43,43,33,67,70,50,50,50,14,53,0],"gold":212,"neow_bonus":"THREE_ENEMY_KILL","is_prod":false,"is_daily":false,"chose_seed":false,"campfire_upgraded":1,"win_rate":0,"timestamp":1555165310,"path_taken":["M","?","?","M","?","E","M","E","T","?","R","E","?","M","R","BOSS","M","M","$","?","?","R","E"],"build_version":"2019-01-23","purchased_purges":0,"victory":false,"max_hp_per_floor":[75,75,75,75,75,75,75,75,75,75,75,75,75,78,78,78,78,78,78,78,78,82,82,82],"card_choices":[{"not_picked":["Warcry","Pommel Strike"],"picked":"Heavy Blade","floor":1.0},{"not_picked":["Combust","Shockwave"],"picked":"Spot Weakness","floor":3.0},{"not_picked":["Shrug It Off","Sword Boomerang"],"picked":"Flame Barrier","floor":4.0},{"not_picked":["Sword Boomerang","Warcry"],"picked":"Armaments","floor":5.0},{"not_picked":["Spot Weakness","Iron Wave","Shrug It Off"],"picked":"SKIP","floor":6.0},{"not_picked":["Reckless Charge","Shrug It Off","Searing Blow"],"picked":"SKIP","floor":7.0},{"not_picked":["Perfected Strike","Anger"],"picked":"Feed","floor":8.0},{"not_picked":["Armaments","Sword Boomerang"],"picked":"Metallicize","floor":12.0},{"not_picked":["Armaments","True Grit"],"picked":"Heavy Blade","floor":14.0},{"not_picked":["Exhume","Double Tap"],"picked":"Reaper","floor":16.0},{"not_picked":["Clash","Fire Breathing"],"picked":"Entrench+1","floor":18.0},{"not_picked":["Iron Wave","Perfected Strike","Evolve"],"picked":"SKIP","floor":19.0},{"not_picked":["Perfected Strike","Dropkick","Pommel Strike"],"picked":"SKIP","floor":22}],"player_experience":826549,"relics_obtained":[{"floor":6.0,"key":"Tiny Chest"},{"floor":8.0,"key":"Regal Pillow"},{"floor":9.0,"key":"The Courier"},{"floor":10.0,"key":"Happy Flower"},{"floor":12.0,"key":"Du-Vu Doll"}],"event_choices":[{"damage_healed":0.0,"max_hp_gain":0.0,"max_hp_loss":0.0,"gold_gain":100.0,"event_name":"Wheel of Change","player_choice":"Gold","floor":2.0,"gold_loss":0.0,"damage_taken":0.0},{"damage_healed":0.0,"max_hp_gain":0.0,"max_hp_loss":0.0,"gold_gain":0.0,"event_name":"Shining Light","player_choice":"Ignored","floor":13.0,"gold_loss":0.0,"damage_taken":0.0},{"damage_healed":0.0,"max_hp_gain":0.0,"max_hp_loss":0.0,"gold_gain":0.0,"event_name":"Upgrade Shrine","player_choice":"Upgraded","floor":21.0,"gold_loss":0.0,"damage_taken":0.0,"cards_upgraded":["Immolate"]}],"is_beta":false,"boss_relics":[{"not_picked":["White Beast Statue","Velvet Choker"],"picked":"Astrolabe"}],"items_purged_floors":[],"is_endless":false,"potions_floor_spawned":[3,4,5,7,16],"killed_by":"Book of Stabbing","ascension_level":20}