{"gold_per_floor":[115,128,128,140,140,168,186,186,257,257,257,273,304,316,316,414,414,424,424,424,436,436,436,471,471,471,471,486,516,516],"floor_reached":30,"playtime":2121,"items_purged":[],"score":258,"play_id":"d1c4170a-1d15-4666-b245-d806753ef672","local_time":"20180708221905","is_ascension_mode":false,"campfire_choices":[{"floor":8,"key":"REST"},{"data":"Prepared","floor":15,"key":"SMITH"},{"data":"Reflex","floor":23,"key":"SMITH"},{"data":"Acrobatics","floor":25,"key":"SMITH"},{"data":"Eviscerate","floor":27,"key":"SMITH"}],"neow_cost":"NONE","seed_source_timestamp":7835164058781,"circlet_count":0,"master_deck":["Defend_G","Defend_G","Defend_G","Strike_G","Strike_G","Strike_G","Survivor","Neutralize","Prepared+1","Acrobatics+1","Reflex+1","Dagger Spray","Eviscerate+1","Dagger Throw","After Image+1","Flying Knee","Necronomicurse","Decay","Masterful Stab+1"],"relics":["Busted Crown","Incense Burner","Pear","Bag of Marbles","Empty Cage","Necronomicon","Bottled Flame","Matryoshka","Red Mask"],"potions_floor_usage":[14,16,28,29,29,30,30,30],"damage_taken":[{"damage":0,"enemies":"Small Slimes","floor":1,"turns":4},{"damage":0,"enemies":"Jaw Worm","floor":2,"turns":4},{"damage":0,"enemies":"Cultist","floor":4,"turns":4},{"damage":52,"enemies":"Gremlin Nob","floor":6,"turns":7},{"damage":0,"enemies":"Blue Slaver","floor":7,"turns":5},{"damage":0,"enemies":"2 Fungi Beasts","floor":12,"turns":5},{"damage":11,"enemies":"3 Sentries","floor":13,"turns":9},{"damage":0,"enemies":"Exordium Thugs","floor":14,"turns":4},{"damage":17,"enemies":"The Guardian","floor":16,"turns":14},{"damage":0,"enemies":"Spheric Guardian","floor":18,"turns":4},{"damage":0,"enemies":"Chosen","floor":21,"turns":4},{"damage":8,"enemies":"Book of Stabbing","floor":24,"turns":6},{"damage":20,"enemies":"Sentry and Sphere","floor":28,"turns":5},{"damage":13,"floor":29,"turns":4},{"damage":38,"enemies":"Gremlin Leader","floor":30,"turns":8}],"seed_played":"-3255319371675627704","potions_obtained":[{"floor":1,"key":"Weak Potion"},{"floor":4,"key":"EntropicBrew"},{"floor":13,"key":"Energy Potion"},{"floor":14,"key":"Swift Potion"},{"floor":16,"key":"Dexterity Potion"},{"floor":21,"key":"Regen Potion"},{"floor":28,"key":"Dexterity Potion"}],"is_trial":false,"path_per_floor":["M","M","?","M","?","E","M","R","T","?","?","M","E","M","R","B",null,"M","?","?","M","?","R","E","R","T","R","M","?"],"character_chosen":"THE_SILENT","items_purchased":[],"campfire_rested":1,"item_purchase_floors":[],"current_hp_per_floor":[70,70,70,70,63,11,11,32,42,42,42,42,31,31,31,14,80,80,64,64,64,64,64,56,56,56,56,36,32,0],"gold":516,"neow_bonus":"BOSS_RELIC","is_prod":false,"is_daily":false,"chose_seed":false,"campfire_upgraded":4,"win_rate":0,"timestamp":1531059545,"path_taken":["M","M","?","M","?","E","?","R","T","?","?","M","E","M","R","BOSS","M","?","?","M","?","R","E","R","T","R","M","?","E"],"build_version":"2018-07-05","purchased_purges":0,"victory":false,"max_hp_per_floor":[70,70,70,70,70,70,70,70,80,80,80,80,80,80,80,80,80,80,80,80,80,80,80,80,80,80,80,80,80,80],"card_choices":[{"not_picked":["Footwork"],"picked":"SKIP","floor":1},{"not_picked":[],"picked":"Prepared","floor":2},{"not_picked":["Bane"],"picked":"SKIP","floor":4},{"not_picked":[],"picked":"Acrobatics","floor":6},{"not_picked":[],"picked":"Reflex","floor":7},{"not_picked":[],"picked":"Dagger Spray","floor":12},{"not_picked":[],"picked":"Eviscerate","floor":13},{"not_picked":[],"picked":"Dagger Throw","floor":14},{"not_picked":[],"picked":"After Image","floor":16},{"not_picked":[],"picked":"Flying Knee","floor":18},{"not_picked":["Riddle With Holes"],"picked":"SKIP","floor":21},{"not_picked":["Dodge and Roll"],"picked":"SKIP","floor":24},{"not_picked":[],"picked":"Masterful Stab+1","floor":28}],"player_experience":104578,"relics_obtained":[{"floor":6,"key":"Incense Burner"},{"floor":9,"key":"Pear"},{"floor":13,"key":"Bag of Marbles"},{"floor":19,"key":"Necronomicon"},{"floor":24,"key":"Bottled Flame"},{"floor":26,"key":"Matryoshka"},{"floor":29,"key":"Red Mask"}],"event_choices":[{"event_name":"Living Wall","player_choice":"Forget","floor":3,"damage_taken":0},{"event_name":"Golden Wing","player_choice":"Card Removal","floor":5,"damage_taken":0},{"event_name":"Shining Light","player_choice":"Ignored","floor":10,"damage_taken":0},{"event_name":"The Woman in Blue","player_choice":"Bought 0 Potions","floor":11,"damage_taken":0},{"event_name":"Cursed Tome","player_choice":"Obtained Book","floor":19,"damage_taken":0},{"event_name":"Wheel of Change","player_choice":"Curse","floor":20,"damage_taken":0},{"event_name":"Upgrade Shrine","player_choice":"Upgraded","floor":22,"damage_taken":0},{"event_name":"Masked Bandits","player_choice":"Fought over 486 gold","floor":29,"damage_taken":0}],"boss_relics":[{"not_picked":["Philosopher\u0027s Stone","Tiny House"],"picked":"Empty Cage"}],"items_purged_floors":[],"is_endless":false,"potions_floor_spawned":[1,4,13,14,16,21,24,28],"killed_by":"Gremlin Leader","ascension_level":0}