{"gold_per_floor":[118,118,131,147,165,165,184,194,194,194,194,194,211,229,229,326,326,346,346,346,445,456,456,475,475,475,494,494,419,434,434,434,538,538,554,218,238,251,269,281,281,281,281,294,310,330,330,341,341,341],"floor_reached":50,"playtime":5241,"items_purged":["Choke","PiercingWail"],"score":444,"play_id":"3078dbea-4e96-4745-ada1-010b4de361d6","local_time":"20180726102927","is_ascension_mode":false,"campfire_choices":[{"data":"Prepared","floor":6.0,"key":"SMITH"},{"data":"Acrobatics","floor":10.0,"key":"SMITH"},{"data":"Concentrate","floor":15.0,"key":"SMITH"},{"data":"Acrobatics","floor":23.0,"key":"SMITH"},{"data":"Cloak And Dagger","floor":25.0,"key":"SMITH"},{"data":"Eviscerate","floor":28.0,"key":"SMITH"},{"floor":32.0,"key":"REST"},{"floor":41.0,"key":"REST"},{"floor":47.0,"key":"REST"},{"floor":49.0,"key":"REST"}],"neow_cost":"NONE","seed_source_timestamp":1647725507578,"circlet_count":0,"master_deck":["Survivor","Neutralize","Eviscerate+1","Predator+1","Cloak And Dagger+1","Bane+1","Concentrate+1","Poisoned Stab","Sucker Punch","Eviscerate","Dagger Throw","Prepared+1","Acrobatics+1","Dagger Throw","Acrobatics+1","Underhanded Strike","Unload","Grand Finale","Well Laid Plans","Apotheosis","Backflip","Backflip+1","Well Laid Plans+1","Prepared+1","Terror+1"],"special_seed":0,"relics":["Pandora\u0027s Box"],"potions_floor_usage":[50,50],"damage_taken":[{"damage":0.0,"enemies":"2 Louse","floor":1.0,"turns":2.0},{"damage":2.0,"enemies":"Jaw Worm","floor":3.0,"turns":3.0},{"damage":0.0,"enemies":"Cultist","floor":4.0,"turns":4.0},{"damage":12.0,"enemies":"Lots of Slimes","floor":5.0,"turns":4.0},{"damage":0.0,"enemies":"2 Fungi Beasts","floor":7.0,"turns":3.0},{"damage":0.0,"enemies":"Large Slime","floor":8.0,"turns":3.0},{"damage":8.0,"enemies":"Lots of Slimes","floor":13.0,"turns":2.0},{"damage":8.0,"enemies":"Exordium Wildlife","floor":14.0,"turns":3.0},{"damage":15.0,"enemies":"Slime Boss","floor":16.0,"turns":7.0},{"damage":0.0,"enemies":"Spheric Guardian","floor":18.0,"turns":2.0},{"damage":19.0,"enemies":"2 Thieves","floor":22.0,"turns":4.0},{"damage":3.0,"enemies":"Snake Plant","floor":24.0,"turns":3.0},{"damage":13.0,"enemies":"Snecko","floor":27.0,"turns":4.0},{"damage":0.0,"enemies":"Chosen and Byrds","floor":30.0,"turns":4.0},{"damage":29.0,"enemies":"Champ","floor":33.0,"turns":7.0},{"damage":0.0,"enemies":"Flame Bruiser 1 Orb","floor":35.0,"turns":5.0},{"damage":17.0,"enemies":"3 Darklings","floor":37.0,"turns":4.0},{"damage":2.0,"enemies":"4 Shapes","floor":38.0,"turns":2.0},{"damage":21.0,"enemies":"Spire Growth","floor":39.0,"turns":4.0},{"damage":14.0,"enemies":"Maw","floor":40.0,"turns":8.0},{"damage":24.0,"enemies":"Flame Bruiser 2 Orb","floor":44.0,"turns":5.0},{"damage":12.0,"enemies":"Sphere and 2 Shapes","floor":45.0,"turns":3.0},{"damage":0.0,"enemies":"Transient","floor":46.0,"turns":5.0},{"damage":9.0,"enemies":"Spire Growth","floor":48.0,"turns":4.0},{"damage":34,"enemies":"Time Eater","floor":50,"turns":4}],"seed_played":"-2733858186102585011","potions_obtained":[{"floor":1.0,"key":"LiquidBronze"},{"floor":3.0,"key":"Strength Potion"},{"floor":4.0,"key":"Explosive Potion"},{"floor":7.0,"key":"LiquidBronze"},{"floor":16.0,"key":"FearPotion"},{"floor":24.0,"key":"SteroidPotion"},{"floor":27.0,"key":"AttackPotion"},{"floor":30.0,"key":"Strength Potion"},{"floor":33.0,"key":"SteroidPotion"},{"floor":35.0,"key":"PowerPotion"},{"floor":37.0,"key":"AttackPotion"},{"floor":40.0,"key":"Strength Potion"},{"floor":45.0,"key":"Poison Potion"},{"floor":46.0,"key":"Block Potion"},{"floor":48.0,"key":"SteroidPotion"}],"is_trial":false,"path_per_floor":["M","?","M","M","M","R","M","M","T","R","?","?","M","M","R","B",null,"M","?","?","?","M","R","M","R","T","M","R","$","M","?","R","B",null,"M","$","M","M","M","M","R","T","T","M","M","M","R","M","R"],"character_chosen":"THE_SILENT","items_purchased":["Apotheosis","Swift Potion"],"campfire_rested":4,"item_purchase_floors":[36,36],"current_hp_per_floor":[70,70,68,68,56,56,56,56,56,56,42,42,34,26,26,11,70,70,70,70,70,51,51,48,48,48,35,35,35,35,35,56,27,70,70,70,53,51,30,16,37,37,37,13,1,1,22,13,34,0],"gold":341,"neow_bonus":"BOSS_RELIC","is_prod":false,"is_daily":false,"chose_seed":false,"campfire_upgraded":6,"win_rate":0,"timestamp":1532572167,"path_taken":["M","?","M","?","M","R","M","?","T","R","?","?","M","M","R","BOSS","M","?","?","?","M","R","?","R","T","M","R","$","M","?","R","BOSS","M","$","?","M","M","M","R","?","T","M","M","?","R","M","R","BOSS"],"build_version":"2018-07-19v2","purchased_purges":2,"victory":false,"max_hp_per_floor":[70,70,70,70,70,70,70,70,70,70,70,70,70,70,70,70,70,70,70,70,70,70,70,70,70,70,70,70,70,70,70,70,70,70,70,70,70,70,70,70,70,70,70,70,70,70,70,70,70,70],"card_choices":[{"not_picked":["Eviscerate","Crippling Poison","Blade Dance"],"picked":"SKIP","floor":1.0},{"not_picked":["Flechettes","Dash"],"picked":"Dagger Throw","floor":3.0},{"not_picked":["Riddle With Holes","Noxious Fumes","Bane"],"picked":"SKIP","floor":4.0},{"not_picked":["Cloak And Dagger","Dash"],"picked":"Prepared","floor":5.0},{"not_picked":["Blade Dance","Quick Slash"],"picked":"Acrobatics","floor":7.0},{"not_picked":["Calculated Gamble","Bouncing Flask"],"picked":"Dagger Throw","floor":8.0},{"not_picked":["Skewer","Caltrops"],"picked":"Acrobatics","floor":13.0},{"not_picked":["Wraith Form v2","Escape Plan"],"picked":"Underhanded Strike","floor":14.0},{"not_picked":["Malaise","Wraith Form v2"],"picked":"Unload","floor":16.0},{"not_picked":["Sucker Punch","Crippling Poison","Eviscerate+1"],"picked":"SKIP","floor":18.0},{"not_picked":["Bane","Cloak And Dagger","PiercingWail"],"picked":"SKIP","floor":22.0},{"not_picked":["Infinite Blades","PiercingWail","Dodge and Roll"],"picked":"SKIP","floor":24.0},{"not_picked":["Accuracy","Infinite Blades","PiercingWail"],"picked":"SKIP","floor":27.0},{"not_picked":["Deadly Poison","Sucker Punch","Leg Sweep"],"picked":"SKIP","floor":30.0},{"not_picked":["Corpse Explosion","Burst"],"picked":"Grand Finale","floor":33.0},{"not_picked":["Leg Sweep+1","Bane+1"],"picked":"Well Laid Plans","floor":35.0},{"not_picked":["Poisoned Stab","Outmaneuver+1"],"picked":"Backflip","floor":37.0},{"not_picked":["Bouncing Flask","Flying Knee","Sucker Punch+1"],"picked":"SKIP","floor":38.0},{"not_picked":["Catalyst","Calculated Gamble+1"],"picked":"Backflip+1","floor":39.0},{"not_picked":["Poisoned Stab+1","Crippling Poison+1"],"picked":"Well Laid Plans+1","floor":40.0},{"not_picked":["Deadly Poison+1","Underhanded Strike+1","Dagger Throw"],"picked":"SKIP","floor":44.0},{"not_picked":["Deadly Poison+1","Quick Slash+1"],"picked":"Prepared+1","floor":45.0},{"not_picked":["Well Laid Plans","Underhanded Strike+1"],"picked":"Terror+1","floor":46.0},{"not_picked":["Poisoned Stab+1","Catalyst+1","Corpse Explosion"],"picked":"SKIP","floor":48.0}],"player_experience":213095,"relics_obtained":[],"event_choices":[{"event_name":"Living Wall","player_choice":"Change","floor":2.0,"damage_taken":0.0},{"event_name":"Shining Light","player_choice":"Entered Light","floor":11.0,"damage_taken":0.0},{"event_name":"Liars Game","player_choice":"disagreed","floor":12.0,"damage_taken":0.0},{"event_name":"Drug Dealer","player_choice":"Ignored","floor":19.0,"damage_taken":0.0},{"event_name":"Ghosts","player_choice":"Ignored","floor":20.0,"damage_taken":0.0},{"event_name":"Nest","player_choice":"Stole From Cult","floor":21.0,"damage_taken":0.0},{"event_name":"Cursed Tome","player_choice":"Ignored","floor":31.0,"damage_taken":0.0}],"is_beta":false,"boss_relics":[{"not_picked":["WristBlade","Orrery","Velvet Choker"]},{"not_picked":["WristBlade","Orrery","Velvet Choker"]}],"items_purged_floors":[29,36],"is_endless":false,"potions_floor_spawned":[1,3,4,7,16,24,27,30,33,35,37,40,45,46,48],"killed_by":"Time Eater","ascension_level":0}