{"gold_per_floor":[119,130,140,66,82,108,108,108,163,163,197,55,55,65,65,143,143,153,153,18,32,43,43,53,4,4,31,49,76,76,89,89,167,167,177,177,138,138,138,167,179,93,93,93,93,113,113,63,63,63],"floor_reached":50,"playtime":1194,"items_purged":["Defend_R","Defend_R+1","Regret"],"score":1034,"play_id":"52ae79cc-40e0-4d02-b248-144e1b60b512","local_time":"20180918235004","is_ascension_mode":true,"campfire_choices":[{"data":"Flex","floor":7.0,"key":"SMITH"},{"data":"Blood for Blood","floor":10.0,"key":"SMITH"},{"floor":15.0,"key":"REST"},{"data":"Perfected Strike","floor":30.0,"key":"SMITH"},{"data":"Perfected Strike","floor":32.0,"key":"SMITH"},{"data":"Parasite","floor":41.0,"key":"PURGE"},{"data":"Heavy Blade","floor":44.0,"key":"SMITH"},{"data":"Inflame","floor":47.0,"key":"SMITH"},{"data":"Bash","floor":49.0,"key":"SMITH"}],"neow_cost":"NONE","seed_source_timestamp":128552916380079,"circlet_count":0,"master_deck":["Strike_R+1","Strike_R+1","Strike_R+1","Strike_R+1","Strike_R+1","Bash+1","AscendersBane","Perfected Strike+1","Rampage","Offering","Blood for Blood+1","Flex+1","Cleave","Reaper","Offering","Bludgeon","Carnage","Thunderclap","Perfected Strike+1","Offering","Spot Weakness","Inflame+1","Sword Boomerang+1","Heavy Blade+1","Spot Weakness","Flex"],"special_seed":0,"relics":["Burning Blood","Pen Nib","Tiny Chest","Centennial Puzzle","Blood Vial","Sozu","MutagenicStrength","Peace Pipe","Pantograph","Potion Belt","Cursed Key","Mummified Hand","MawBank","Smiling Mask"],"potions_floor_usage":[50],"damage_taken":[{"damage":6.0,"enemies":"Cultist","floor":1.0,"turns":3.0},{"damage":0.0,"enemies":"Small Slimes","floor":2.0,"turns":3.0},{"damage":13.0,"enemies":"Jaw Worm","floor":3.0,"turns":4.0},{"damage":19.0,"enemies":"Exordium Wildlife","floor":5.0,"turns":3.0},{"damage":14.0,"enemies":"Gremlin Nob","floor":6.0,"turns":3.0},{"damage":36.0,"enemies":"3 Sentries","floor":11.0,"turns":6.0},{"damage":17.0,"enemies":"Blue Slaver","floor":14.0,"turns":3.0},{"damage":24.0,"enemies":"Slime Boss","floor":16.0,"turns":5.0},{"damage":26.0,"enemies":"Shell Parasite","floor":18.0,"turns":2.0},{"damage":0.0,"enemies":"Spheric Guardian","floor":21.0,"turns":2.0},{"damage":15.0,"enemies":"Centurion and Healer","floor":22.0,"turns":3.0},{"damage":12.0,"enemies":"Chosen and Byrds","floor":24.0,"turns":1.0},{"damage":12.0,"enemies":"Gremlin Leader","floor":27.0,"turns":2.0},{"damage":6.0,"enemies":"3 Cultists","floor":28.0,"turns":3.0},{"damage":36.0,"enemies":"Slavers","floor":29.0,"turns":3.0},{"damage":18.0,"enemies":"Cultist and Chosen","floor":31.0,"turns":3.0},{"damage":53.0,"enemies":"Collector","floor":33.0,"turns":3.0},{"damage":16.0,"enemies":"3 Shapes","floor":35.0,"turns":1.0},{"damage":12.0,"enemies":"2 Orb Walkers","floor":40.0,"turns":1.0},{"damage":11.0,"enemies":"Orb Walker","floor":46.0,"turns":2.0},{"damage":99,"enemies":"Time Eater","floor":50,"turns":4}],"seed_played":"5149676672431674366","potions_obtained":[{"floor":1.0,"key":"Block Potion"},{"floor":5.0,"key":"SneckoOil"},{"floor":14.0,"key":"SkillPotion"},{"floor":16.0,"key":"EssenceOfSteel"}],"is_trial":false,"path_per_floor":["M","M","M","$","M","E","R","?","T","R","E","$","T","M","R","B",null,"M","?","$","M","M","?","M","$","T","E","M","E","R","M","R","B",null,"M","?","$","?","T","E","R","$","T","R","?","M","R","$","R"],"character_chosen":"IRONCLAD","items_purchased":["Offering","Reaper","Carnage","Perfected Strike","Inflame","Heavy Blade","Spot Weakness"],"campfire_rested":1,"item_purchase_floors":[4,12,20,25,37,42,42],"current_hp_per_floor":[68,74,67,67,54,46,46,51,51,51,21,21,21,18,42,42,71,61,61,61,69,66,66,62,62,62,80,80,54,54,64,64,51,73,76,76,76,76,76,72,72,72,72,72,72,69,69,69,69,0],"gold":63,"neow_bonus":"REMOVE_CARD","is_prod":false,"is_daily":false,"chose_seed":false,"campfire_upgraded":7,"win_rate":0,"timestamp":1537307404,"path_taken":["M","M","M","$","M","E","R","?","T","R","E","$","?","M","R","BOSS","M","?","$","M","M","?","M","$","T","E","M","E","R","M","R","BOSS","M","?","$","?","?","E","R","$","T","R","?","M","R","$","R","BOSS"],"build_version":"2018-09-18","purchased_purges":3,"victory":false,"max_hp_per_floor":[75,75,75,75,75,75,75,80,80,80,80,80,80,80,80,80,80,80,80,80,80,80,80,80,80,80,80,80,80,80,80,80,80,80,80,80,80,80,80,80,77,77,77,77,77,77,77,77,77,77],"card_choices":[{"not_picked":["Feel No Pain","Twin Strike"],"picked":"Perfected Strike","floor":1.0},{"not_picked":["Iron Wave","Headbutt"],"picked":"Rampage","floor":2.0},{"not_picked":["Armaments","Body Slam","Clash"],"picked":"SKIP","floor":3.0},{"not_picked":["Shrug It Off","Iron Wave"],"picked":"Blood for Blood","floor":5.0},{"not_picked":["True Grit","Headbutt"],"picked":"Flex","floor":6.0},{"not_picked":["True Grit","Rampage"],"picked":"Cleave","floor":11.0},{"not_picked":["Seeing Red","Havoc"],"picked":"Offering","floor":14.0},{"not_picked":["Juggernaut","Fiend Fire"],"picked":"Bludgeon","floor":16.0},{"not_picked":["Second Wind","Battle Trance","Shrug It Off"],"picked":"SKIP","floor":18.0},{"not_picked":["Havoc","Warcry","Corruption"],"picked":"SKIP","floor":21.0},{"not_picked":["Havoc","Cleave","Sever Soul"],"picked":"SKIP","floor":22.0},{"not_picked":["Hemokinesis","Intimidate"],"picked":"Thunderclap","floor":24.0},{"not_picked":["Body Slam","Anger"],"picked":"Offering","floor":27.0},{"not_picked":["Feel No Pain","Dropkick+1","Dual Wield"],"picked":"SKIP","floor":28.0},{"not_picked":["Armaments+1","Battle Trance","Pommel Strike"],"picked":"SKIP","floor":29.0},{"not_picked":["True Grit+1","Flame Barrier"],"picked":"Spot Weakness","floor":31.0},{"not_picked":["Barricade","Dark Embrace"],"picked":"Brutality","floor":33.0},{"not_picked":["Shrug It Off+1","Warcry","Wild Strike+1"],"picked":"SKIP","floor":35.0},{"not_picked":["Body Slam","Impervious"],"picked":"Sword Boomerang+1","floor":40.0},{"not_picked":["Clash","Feel No Pain"],"picked":"Flex","floor":46.0}],"player_experience":653073,"relics_obtained":[{"floor":6.0,"key":"Pen Nib"},{"floor":9.0,"key":"Tiny Chest"},{"floor":11.0,"key":"Centennial Puzzle"},{"floor":13.0,"key":"Blood Vial"},{"floor":26.0,"key":"Peace Pipe"},{"floor":27.0,"key":"Pantograph"},{"floor":29.0,"key":"Potion Belt"},{"floor":39.0,"key":"Mummified Hand"},{"floor":40.0,"key":"MawBank"},{"floor":43.0,"key":"Smiling Mask"}],"event_choices":[{"event_name":"Big Fish","player_choice":"Donut","floor":8.0,"damage_taken":0.0},{"event_name":"Back to Basics","player_choice":"Simplicity","floor":19.0,"damage_taken":0.0},{"event_name":"Drug Dealer","player_choice":"Inject Mutagens","floor":23.0,"damage_taken":0.0},{"event_name":"Purifier","player_choice":"One Purge","floor":36.0,"damage_taken":0.0},{"event_name":"Falling","player_choice":"Removed Power","floor":38.0,"damage_taken":0.0},{"event_name":"SecretPortal","player_choice":"Rejected Portal.","floor":45.0,"damage_taken":0.0}],"is_beta":true,"boss_relics":[{"not_picked":["Orrery","Lizard Tail"],"picked":"Sozu"},{"not_picked":["Velvet Choker","Coffee Dripper"],"picked":"Cursed Key"}],"items_purged_floors":[12,20,48],"is_endless":false,"potions_floor_spawned":[1,5,14,16,22,27,29,33,40],"killed_by":"Time Eater","ascension_level":15}