{"gold_per_floor":[113,113,128,147,147,172,184,210,210,210,222,237,266,266,266,371,371,386,8,8,24,34,34,62,62,87,122,122,122,122],"floor_reached":30,"playtime":2217,"items_purged":["Worship"],"score":288,"play_id":"e6c2028a-75e3-4b4d-9e7d-a1f3248593dd","local_time":"20190921005736","is_ascension_mode":false,"campfire_choices":[{"floor":10.0,"key":"REST"},{"data":"Adaptation","floor":15.0,"key":"SMITH"},{"floor":23.0,"key":"REST"},{"data":"Wireheading","floor":29,"key":"SMITH"}],"neow_cost":"NONE","seed_source_timestamp":11444743860904,"circlet_count":0,"master_deck":["Eruption+1","Vigilance","CurseOfTheBell","CrushJoints","EmptyFist","Adaptation+1","PathToVictory","Conclude","Scrawl","SandsOfTime","BowlingBash","BattleHymn","Wireheading+1","EmptyBody","Scrawl","ClearTheMind","FlurryOfBlows","Ragnarok","TalkToTheHand","FollowUp+1","FlurryOfBlows","MentalFortress+1","FlurryOfBlows","EmptyMind+1"],"special_seed":0,"relics":["Calling Bell","Lantern","Blue Candle","Torii","HornCleat","Lizard Tail","Gambling Chip","Letter Opener","Toy Ornithopter","Pandora\u0027s Box","Turnip","Toxic Egg 2","MealTicket","Shuriken","Singing Bowl"],"potions_floor_usage":[27],"damage_taken":[{"damage":0.0,"enemies":"2 Louse","floor":1.0,"turns":2.0},{"damage":2.0,"enemies":"Jaw Worm","floor":3.0,"turns":3.0},{"damage":8.0,"enemies":"Small Slimes","floor":4.0,"turns":7.0},{"damage":6.0,"enemies":"3 Sentries","floor":6.0,"turns":8.0},{"damage":1.0,"enemies":"Looter","floor":7.0,"turns":3.0},{"damage":10.0,"enemies":"Gremlin Nob","floor":8.0,"turns":4.0},{"damage":0.0,"enemies":"3 Louse","floor":11.0,"turns":1.0},{"damage":8.0,"enemies":"Exordium Thugs","floor":12.0,"turns":5.0},{"damage":19.0,"enemies":"Lagavulin","floor":13.0,"turns":4.0},{"damage":25.0,"enemies":"Slime Boss","floor":16.0,"turns":8.0},{"damage":20.0,"enemies":"2 Thieves","floor":18.0,"turns":3.0},{"damage":22.0,"enemies":"3 Byrds","floor":21.0,"turns":4.0},{"damage":44.0,"enemies":"Centurion and Healer","floor":22.0,"turns":5.0},{"damage":20.0,"enemies":"Gremlin Leader","floor":24.0,"turns":6.0},{"damage":23,"enemies":"Slavers","floor":27,"turns":5},{"damage":42,"enemies":"Shelled Parasite and Fungi","floor":30,"turns":5}],"seed_played":"554867070716935074","potions_obtained":[{"floor":1.0,"key":"Regen Potion"},{"floor":8.0,"key":"SpeedPotion"},{"floor":12.0,"key":"Fire Potion"},{"floor":13.0,"key":"Weak Potion"},{"floor":16.0,"key":"BottledMiracle"},{"floor":22.0,"key":"DuplicationPotion"}],"is_trial":false,"path_per_floor":["M","?","M","M","T","E","M","E","T","R","M","M","E","?","R","B",null,"M","$","?","M","M","R","E","?","T","E","T","R","M"],"character_chosen":"WATCHER","items_purchased":["Turnip"],"campfire_rested":2,"item_purchase_floors":[19],"current_hp_per_floor":[65,65,63,55,55,49,48,38,38,57,57,49,30,30,30,10,65,45,45,45,28,26,45,44,65,65,42,42,42,0],"gold":122,"neow_bonus":"BOSS_RELIC","is_prod":false,"is_daily":false,"chose_seed":false,"campfire_upgraded":2,"win_rate":0.0,"timestamp":1568995056,"path_taken":["M","?","M","M","?","E","M","E","T","R","?","M","E","?","R","BOSS","M","?","?","M","M","R","E","?","T","E","?","R","M"],"build_version":"2019-09-19","purchased_purges":1,"victory":false,"max_hp_per_floor":[65,65,65,65,65,65,65,65,65,65,65,65,65,65,65,65,65,65,65,65,65,65,65,65,65,65,65,65,65,65],"card_choices":[{"not_picked":["Crescendo","ClearTheMind"],"picked":"CrushJoints","floor":1.0},{"not_picked":["CrushJoints","ClearTheMind"],"picked":"Worship","floor":3.0},{"not_picked":["Sanctity","Weave"],"picked":"EmptyFist","floor":4.0},{"not_picked":["EmptyFist","Perseverance"],"picked":"Adaptation","floor":6.0},{"not_picked":["SpiritShield","Crescendo"],"picked":"PathToVictory","floor":7.0},{"not_picked":["CutThroughFate","ClearTheMind"],"picked":"Conclude","floor":8.0},{"not_picked":["FlyingSleeves","Worship"],"picked":"Scrawl","floor":11.0},{"not_picked":["Worship","Collect"],"picked":"SandsOfTime","floor":12.0},{"not_picked":["Perseverance","Halt"],"picked":"BowlingBash","floor":13.0},{"not_picked":["ReachHeaven","Ragnarok"],"picked":"BattleHymn","floor":16.0},{"not_picked":["EmptyBody","CutThroughFate+1"],"picked":"FollowUp+1","floor":18.0},{"not_picked":["CutThroughFate","Establishment"],"picked":"FlurryOfBlows","floor":21.0},{"not_picked":["SignatureMove","JustLucky"],"picked":"MentalFortress+1","floor":22.0},{"not_picked":["WaveOfTheHand","Sanctity"],"picked":"FlurryOfBlows","floor":24.0},{"not_picked":["Worship+1","ForeignInfluence+1"],"picked":"EmptyMind+1","floor":27}],"player_experience":500590,"relics_obtained":[{"floor":0.0,"key":"Lantern"},{"floor":0.0,"key":"Blue Candle"},{"floor":0.0,"key":"Torii"},{"floor":5.0,"key":"HornCleat"},{"floor":6.0,"key":"Lizard Tail"},{"floor":8.0,"key":"Gambling Chip"},{"floor":9.0,"key":"Letter Opener"},{"floor":13.0,"key":"Toy Ornithopter"},{"floor":24.0,"key":"Toxic Egg 2"},{"floor":26.0,"key":"MealTicket"},{"floor":27,"key":"Shuriken"},{"floor":28,"key":"Singing Bowl"}],"event_choices":[{"damage_healed":0.0,"max_hp_gain":0.0,"max_hp_loss":0.0,"gold_gain":0.0,"event_name":"Shining Light","player_choice":"Ignored","floor":2.0,"gold_loss":0.0,"damage_taken":0.0},{"damage_healed":0.0,"max_hp_gain":0.0,"max_hp_loss":0.0,"gold_gain":0.0,"event_name":"Upgrade Shrine","player_choice":"Upgraded","floor":14.0,"gold_loss":0.0,"damage_taken":0.0,"cards_upgraded":["Eruption"]},{"cards_removed":["Collect"],"damage_healed":0.0,"max_hp_gain":0.0,"max_hp_loss":0.0,"gold_gain":0.0,"event_name":"Back to Basics","player_choice":"Elegance","floor":20.0,"gold_loss":0.0,"damage_taken":0.0},{"damage_healed":21.0,"max_hp_gain":0.0,"max_hp_loss":0.0,"gold_gain":0.0,"event_name":"The Library","player_choice":"Heal","floor":25.0,"gold_loss":0.0,"damage_taken":0.0}],"is_beta":true,"boss_relics":[{"not_picked":["SacredBark","Tiny House"],"picked":"Pandora\u0027s Box"}],"items_purged_floors":[19],"is_endless":false,"potions_floor_spawned":[1,8,12,13,16,22],"killed_by":"Shelled Parasite and Fungi","ascension_level":0}