{"gold_per_floor":[109,109,109,284,284,316,331,362,362,362,172,172,199,11,11,114,114,125,142,142,142,36,36,69,82,108,23,43,43,142,154,154,250,250,269,269,269,2,2,2,29,29,29,29,29,29,29,39,39,39],"floor_reached":51,"playtime":3597,"items_purged":["Strike_G"],"score":1079,"play_id":"e62c2a0e-b81f-44c9-9d98-d15b4b9ffa03","local_time":"20181030123046","is_ascension_mode":true,"campfire_choices":[{"data":"Cloak And Dagger","floor":12.0,"key":"SMITH"},{"data":"Reflex","floor":15.0,"key":"SMITH"},{"data":"Mind Blast","floor":23.0,"key":"SMITH"},{"data":"Prepared","floor":29.0,"key":"SMITH"},{"floor":32.0,"key":"REST"},{"floor":40,"key":"REST"},{"data":"Deflect","floor":47,"key":"SMITH"},{"floor":49,"key":"REST"}],"neow_cost":"NONE","seed_source_timestamp":1414660995520,"circlet_count":0,"master_deck":["Survivor+1","Neutralize+1","Dagger Throw+1","Crippling Poison+1","Cloak And Dagger+1","Tactician+1","Underhanded Strike+1","Backflip+1","Reflex+1","Grand Finale+1","Bane+1","Cloak And Dagger+1","Acrobatics+1","Prepared+1","Bane+1","Slice+1","Cloak And Dagger+1","Poisoned Stab+1","Footwork+1","Calculated Gamble+1","Predator+1","Mind Blast+1","Expertise+1","Backflip+1","Prepared+1","Bouncing Flask+1","Adrenaline+1","Concentrate+1","Deflect+1","Deflect+1","Mayhem+1","Neutralize+1","Mind Blast+1","Wraith Form v2+1","Terror+1"],"special_seed":0,"relics":["Ring of the Snake","NeowsBlessing","The Courier","Smiling Mask","Happy Flower","Bag of Preparation","Juzu Bracelet","Question Card","Lee\u0027s Waffle","Pandora\u0027s Box","MutagenicStrength","Bronze Scales","Centennial Puzzle","Molten Egg 2","Busted Crown","GremlinMask","Mango","Mark of the Bloom","Oddly Smooth Stone","Frozen Egg 2"],"potions_floor_usage":[33,33,33,50,50,50,50,50,50],"damage_taken":[{"damage":0.0,"enemies":"2 Louse","floor":1.0,"turns":1.0},{"damage":0.0,"enemies":"3 Sentries","floor":6.0,"turns":1.0},{"damage":0.0,"enemies":"Cultist","floor":7.0,"turns":1.0},{"damage":30.0,"enemies":"Lagavulin","floor":8.0,"turns":9.0},{"damage":20.0,"enemies":"Gremlin Nob","floor":13.0,"turns":4.0},{"damage":47.0,"enemies":"The Guardian","floor":16.0,"turns":21.0},{"damage":11.0,"enemies":"2 Thieves","floor":18.0,"turns":4.0},{"damage":0.0,"enemies":"Chosen","floor":19.0,"turns":3.0},{"damage":24.0,"enemies":"Book of Stabbing","floor":24.0,"turns":4.0},{"damage":0.0,"enemies":"Snake Plant","floor":25.0,"turns":5.0},{"damage":10.0,"enemies":"Centurion and Healer","floor":28.0,"turns":6.0},{"damage":0.0,"enemies":"3 Cultists","floor":31.0,"turns":2.0},{"damage":41,"enemies":"Automaton","floor":33,"turns":9},{"damage":0,"enemies":"Orb Walker","floor":35,"turns":1},{"damage":0,"enemies":"Giant Head","floor":41,"turns":4},{"damage":0,"enemies":"3 Darklings","floor":48,"turns":3},{"damage":36,"enemies":"Awakened One","floor":50,"turns":8}],"seed_played":"-4757766543051708528","potions_obtained":[{"floor":8.0,"key":"SpeedPotion"},{"floor":13.0,"key":"Dexterity Potion"},{"floor":16.0,"key":"SteroidPotion"},{"floor":18.0,"key":"Swift Potion"},{"floor":24.0,"key":"Dexterity Potion"},{"floor":28.0,"key":"Regen Potion"},{"floor":33,"key":"GhostInAJar"},{"floor":37,"key":"EntropicBrew"},{"floor":37,"key":"Strength Potion"}],"is_trial":false,"path_per_floor":["M","?","?","?","T","E","M","E","T","?","$","R","E","$","R","B",null,"M","M","?","?","$","R","E","M","T","?","M","R","?","M","R","B",null,"M","?","?","$","?","R","E","$","T","?","?","?","R","M","R","B"],"character_chosen":"THE_SILENT","items_purchased":["Underhanded Strike","Juzu Bracelet","Reflex","Lee\u0027s Waffle","Predator","Mind Blast","Mango","Deflect"],"campfire_rested":3,"item_purchase_floors":[11,11,14,14,22,22,38,38],"current_hp_per_floor":[63,63,63,63,63,63,63,33,33,33,33,33,13,77,77,30,65,54,54,54,54,54,54,30,30,30,30,20,20,20,20,43,14,61,61,61,61,75,75,75,75,75,75,75,75,75,75,75,75,39],"gold":39,"neow_bonus":"THREE_ENEMY_KILL","is_prod":false,"is_daily":false,"chose_seed":false,"campfire_upgraded":5,"win_rate":0,"timestamp":1540873846,"path_taken":["M","?","?","?","?","E","?","E","T","?","$","R","E","$","R","BOSS","M","M","?","?","$","R","E","M","T","?","M","R","?","M","R","BOSS","M","?","?","?","?","R","E","$","T","?","?","?","R","M","R","BOSS"],"build_version":"2018-10-25v2","purchased_purges":1,"victory":true,"max_hp_per_floor":[70,70,70,70,70,70,70,70,70,70,70,70,70,77,77,77,77,77,77,77,77,77,77,77,77,77,77,77,77,77,77,77,77,77,77,77,77,91,91,91,91,91,91,91,91,91,91,91,91,91],"card_choices":[{"not_picked":["Dodge and Roll","Slice"],"picked":"Dagger Throw","floor":1.0},{"not_picked":["Acrobatics","Quick Slash"],"picked":"Crippling Poison","floor":6.0},{"not_picked":["Sucker Punch","Acrobatics"],"picked":"Cloak And Dagger","floor":7.0},{"not_picked":["Outmaneuver","PiercingWail"],"picked":"Tactician","floor":8.0},{"not_picked":["Riddle With Holes","Cloak And Dagger"],"picked":"Backflip","floor":13.0},{"not_picked":["Envenom","Malaise","Glass Knife"],"picked":"Grand Finale","floor":16.0},{"not_picked":["Underhanded Strike","Blur+1","Dagger Spray"],"picked":"Footwork","floor":18.0},{"not_picked":["Escape Plan","Riddle With Holes","Dash"],"picked":"Calculated Gamble+1","floor":19.0},{"not_picked":["Acrobatics","PiercingWail","Crippling Poison"],"picked":"Expertise","floor":24.0},{"not_picked":["PiercingWail","Leg Sweep","Bane"],"picked":"Backflip","floor":25.0},{"not_picked":["Deadly Poison","PiercingWail","Poisoned Stab+1"],"picked":"Prepared","floor":28.0},{"not_picked":["Finisher+1","Bane+1","Acrobatics"],"picked":"Bouncing Flask+1","floor":31.0},{"not_picked":["Venomology","Die Die Die+1","Corpse Explosion"],"picked":"Adrenaline","floor":33},{"not_picked":["All Out Attack+1"],"picked":"Concentrate","floor":35},{"not_picked":["Dodge and Roll"],"picked":"Deflect","floor":41},{"not_picked":["Blind"],"picked":"Mayhem+1","floor":44},{"not_picked":["Blade Dance"],"picked":"Terror+1","floor":48}],"player_experience":373801,"relics_obtained":[{"floor":5.0,"key":"The Courier"},{"floor":6.0,"key":"Smiling Mask"},{"floor":8.0,"key":"Happy Flower"},{"floor":9.0,"key":"Bag of Preparation"},{"floor":13.0,"key":"Question Card"},{"floor":24.0,"key":"Bronze Scales"},{"floor":26.0,"key":"Centennial Puzzle"},{"floor":41,"key":"Oddly Smooth Stone"},{"floor":43,"key":"Frozen Egg 2"}],"event_choices":[{"cards_removed":["Strike_G"],"damage_healed":0.0,"max_hp_gain":0.0,"max_hp_loss":0.0,"gold_gain":0.0,"event_name":"Bonfire Elementals","player_choice":"Offered Basic","floor":2.0,"gold_loss":0.0,"damage_taken":0.0},{"damage_healed":0.0,"max_hp_gain":0.0,"max_hp_loss":0.0,"gold_gain":0.0,"event_name":"Accursed Blacksmith","player_choice":"Forge","floor":3.0,"gold_loss":0.0,"damage_taken":0.0,"cards_upgraded":["Neutralize"]},{"damage_healed":0.0,"max_hp_gain":0.0,"max_hp_loss":0.0,"gold_gain":175.0,"event_name":"Liars Game","player_choice":"AGREE","floor":4.0,"gold_loss":0.0,"damage_taken":0.0,"cards_obtained":["Doubt"]},{"cards_removed":["Doubt"],"damage_healed":0.0,"max_hp_gain":0.0,"max_hp_loss":0.0,"gold_gain":0.0,"event_name":"Purifier","player_choice":"Purged","floor":10.0,"gold_loss":0.0,"damage_taken":0.0},{"damage_healed":0.0,"max_hp_gain":0.0,"max_hp_loss":0.0,"gold_gain":0.0,"event_name":"Drug Dealer","player_choice":"Inject Mutagens","floor":20.0,"gold_loss":0.0,"damage_taken":0.0,"relics_obtained":["MutagenicStrength"]},{"damage_healed":0.0,"max_hp_gain":0.0,"max_hp_loss":0.0,"gold_gain":0.0,"event_name":"Ghosts","player_choice":"Ignored","floor":21.0,"gold_loss":0.0,"damage_taken":0.0},{"damage_healed":0.0,"max_hp_gain":0.0,"max_hp_loss":0.0,"gold_gain":0.0,"event_name":"Addict","player_choice":"Obtained Relic","floor":27.0,"gold_loss":85.0,"damage_taken":0.0,"relics_obtained":["Molten Egg 2"]},{"damage_healed":0.0,"max_hp_gain":0.0,"max_hp_loss":0.0,"gold_gain":99.0,"event_name":"Nest","player_choice":"Stole From Cult","floor":30.0,"gold_loss":0.0,"damage_taken":0.0},{"damage_healed":0,"gold_gain":0,"player_choice":"Trade","damage_taken":0,"relics_obtained":["GremlinMask"],"max_hp_gain":0,"max_hp_loss":0,"event_name":"FaceTrader","floor":36,"gold_loss":0},{"damage_healed":0,"gold_gain":0,"player_choice":"Got Potions","damage_taken":0,"max_hp_gain":0,"max_hp_loss":0,"event_name":"The Lab","floor":37,"gold_loss":0},{"damage_healed":0,"gold_gain":0,"player_choice":"Upgrade","damage_taken":0,"relics_obtained":["Mark of the Bloom"],"max_hp_gain":0,"max_hp_loss":0,"event_name":"MindBloom","floor":39,"gold_loss":0,"cards_upgraded":["Survivor","Dagger Throw","Crippling Poison","Tactician","Underhanded Strike","Backflip","Grand Finale","Bane","Cloak And Dagger","Acrobatics","Prepared","Bane","Slice","Cloak And Dagger","Poisoned Stab","Footwork","Predator","Expertise","Backflip","Adrenaline","Concentrate","Deflect"]},{"damage_healed":0,"gold_gain":0,"player_choice":"Memory 1","damage_taken":0,"max_hp_gain":0,"max_hp_loss":0,"event_name":"SensoryStone","floor":44,"gold_loss":0},{"damage_healed":0,"gold_gain":0,"player_choice":"3 cards matched","damage_taken":0,"max_hp_gain":0,"max_hp_loss":0,"event_name":"Match and Keep!","floor":45,"gold_loss":0,"cards_obtained":["Neutralize","Mind Blast","Wraith Form v2"]},{"damage_healed":0,"gold_gain":0,"player_choice":"Ignored","damage_taken":0,"max_hp_gain":0,"max_hp_loss":0,"event_name":"Mysterious Sphere","floor":46,"gold_loss":0}],"is_beta":false,"boss_relics":[{"not_picked":["White Beast Statue","Coffee Dripper"],"picked":"Pandora\u0027s Box"},{"not_picked":["Sozu","Astrolabe"],"picked":"Busted Crown"}],"items_purged_floors":[11],"is_endless":false,"potions_floor_spawned":[8,13,16,18,19,24,28,33,41],"ascension_level":6}