{"gold_per_floor":[118,138,138,138,88,122,138,138,190,115,130,142,158,171,171,270,270,283,283,283,301,319,350,350,380,380,24,24,34,34,49,49,146,146,161,161,178,196,215,215,247,247,315,348,361,361],"floor_reached":46,"playtime":5696,"items_purged":["Strike_R","Strike_R"],"score":624,"play_id":"7bc29c91-e261-400e-a487-b83db4446a68","local_time":"20180705110824","is_ascension_mode":false,"campfire_choices":[{"floor":8.0,"key":"REST"},{"data":"Feed","floor":15.0,"key":"SMITH"},{"floor":24.0,"key":"REST"},{"floor":28.0,"key":"REST"},{"floor":30.0,"key":"REST"},{"data":"Limit Break","floor":32.0,"key":"SMITH"},{"floor":40.0,"key":"REST"}],"neow_cost":"","seed_source_timestamp":2349319626533,"circlet_count":0,"master_deck":["Strike_R","Strike_R","Defend_R","Defend_R","Defend_R","Defend_R","Bash","Twin Strike","Sword Boomerang+1","Twin Strike","Shrug It Off","Warcry","Thunderclap","Feed+1","Flex","Pommel Strike","Limit Break+1","Twin Strike","Flex","Heavy Blade","Infernal Blade+1","Disarm+1","Clash","Sword Boomerang","Sentinel+1","Headbutt","Impervious","Parasite","Doubt","Decay","Shrug It Off+1","Madness","Rage+1","Shrug It Off","Spot Weakness+1","Reckless Charge+1","Heavy Blade+1","Disarm+1","Flex+1","Clash"],"special_seed":0,"relics":["Sozu","Dream Catcher","Regal Pillow","Lizard Tail","Enchiridion","Strawberry","Orichalcum","Champion Belt","Bottled Lightning","Calling Bell","Potion Belt","Question Card","Ginger","Centennial Puzzle","Darkstone Periapt","Prayer Wheel"],"potions_floor_usage":[],"damage_taken":[{"damage":0.0,"enemies":"Cultist","floor":1.0,"turns":2.0},{"damage":1.0,"enemies":"2 Louse","floor":2.0,"turns":2.0},{"damage":22.0,"enemies":"3 Sentries","floor":6.0,"turns":9.0},{"damage":0.0,"enemies":"Small Slimes","floor":7.0,"turns":2.0},{"damage":8.0,"enemies":"Red Slaver","floor":11.0,"turns":2.0},{"damage":7.0,"enemies":"Gremlin Gang","floor":12.0,"turns":3.0},{"damage":0.0,"enemies":"Large Slime","floor":13.0,"turns":5.0},{"damage":5.0,"enemies":"Looter","floor":14.0,"turns":3.0},{"damage":19.0,"enemies":"Slime Boss","floor":16.0,"turns":9.0},{"damage":12.0,"enemies":"2 Thieves","floor":18.0,"turns":4.0},{"damage":21.0,"enemies":"Spheric Guardian","floor":21.0,"turns":5.0},{"damage":16.0,"enemies":"Centurion and Healer","floor":22.0,"turns":4.0},{"damage":0.0,"enemies":"Gremlin Leader","floor":23.0,"turns":8.0},{"damage":26.0,"enemies":"Book of Stabbing","floor":25.0,"turns":4.0},{"damage":35.0,"enemies":"Slaver and Parasite","floor":29.0,"turns":6.0},{"damage":19.0,"enemies":"Cultist and Chosen","floor":31.0,"turns":9.0},{"damage":80.0,"enemies":"Automaton","floor":33.0,"turns":10.0},{"damage":34.0,"enemies":"3 Shapes","floor":35.0,"turns":4.0},{"damage":7.0,"enemies":"Orb Walker","floor":37.0,"turns":4.0},{"damage":54.0,"enemies":"4 Shapes","floor":38.0,"turns":5.0},{"damage":28.0,"enemies":"Maw","floor":39.0,"turns":6.0},{"damage":36.0,"enemies":"2 Orb Walkers","floor":41.0,"turns":5.0},{"damage":22.0,"enemies":"Nemesis","floor":44.0,"turns":5.0},{"damage":37.0,"enemies":"3 Darklings","floor":45.0,"turns":9.0},{"damage":10,"enemies":"4 Shapes","floor":46,"turns":3}],"seed_played":"8476783371075708136","potions_obtained":[],"is_trial":false,"path_per_floor":["M","M","?","?","?","E","M","R","T","$","M","M","M","M","R","B",null,"M","?","?","M","M","E","R","E","T","$","R","M","R","M","R","B",null,"M","?","M","M","M","R","E","?","T","E","M"],"character_chosen":"IRONCLAD","items_purchased":["Bottled Lightning"],"campfire_rested":5,"item_purchase_floors":[],"current_hp_per_floor":[80,79,79,79,79,57,57,80,80,80,72,65,68,66,66,51,90,82,66,47,26,14,21,69,43,43,43,91,56,104,89,89,9,114,84,69,62,12,49,100,64,64,64,46,9,0],"gold":361,"neow_bonus":"","is_prod":false,"is_daily":false,"chose_seed":false,"campfire_upgraded":2,"win_rate":0,"timestamp":1530760104,"path_taken":["M","M","?","?","?","E","M","R","T","?","?","M","M","?","R","BOSS","M","?","?","?","M","E","R","E","T","$","R","M","R","M","R","BOSS","M","?","M","M","M","R","E","?","T","E","M","?"],"build_version":"2018-06-28","purchased_purges":2,"victory":false,"max_hp_per_floor":[80,80,80,80,80,80,80,80,80,80,80,80,83,86,86,90,90,94,94,99,99,103,110,110,110,110,110,110,110,110,114,114,114,114,118,118,118,122,122,122,122,122,122,126,126,126],"card_choices":[{"not_picked":["Pommel Strike","Iron Wave"],"picked":"Twin Strike","floor":1.0},{"not_picked":["Clash","Fire Breathing"],"picked":"Sword Boomerang","floor":2.0},{"not_picked":["Perfected Strike","Hemokinesis"],"picked":"Twin Strike","floor":6.0},{"not_picked":["Power Through","Iron Wave"],"picked":"Shrug It Off","floor":7.0},{"not_picked":["Hemokinesis","Juggernaut"],"picked":"Warcry","floor":8.0},{"not_picked":["Warcry","Searing Blow"],"picked":"Thunderclap","floor":11.0},{"not_picked":["Armaments","Headbutt"],"picked":"Feed","floor":12.0},{"not_picked":["Reckless Charge","Corruption"],"picked":"Flex","floor":13.0},{"not_picked":["Bloodletting","Wild Strike"],"picked":"Pommel Strike","floor":14.0},{"not_picked":["Dark Embrace","Barricade"],"picked":"Limit Break","floor":16.0},{"not_picked":["Wild Strike","Rupture+1"],"picked":"Twin Strike","floor":18.0},{"not_picked":["Sword Boomerang","Armaments"],"picked":"Flex","floor":21.0},{"not_picked":["Infernal Blade","Clash"],"picked":"Heavy Blade","floor":22.0},{"not_picked":["Dark Embrace","Cleave"],"picked":"Infernal Blade+1","floor":23.0},{"not_picked":["Fire Breathing","Cleave"],"picked":"Disarm+1","floor":24.0},{"not_picked":["Clothesline","Fire Breathing+1"],"picked":"Clash","floor":25.0},{"not_picked":["Perfected Strike+1","Iron Wave"],"picked":"Sword Boomerang","floor":28.0},{"not_picked":["Infernal Blade","Metallicize","Evolve+1"],"picked":"SKIP","floor":29.0},{"not_picked":["Second Wind+1","Reckless Charge"],"picked":"Sentinel+1","floor":30.0},{"not_picked":["Cleave","Whirlwind"],"picked":"Headbutt","floor":31.0},{"not_picked":["Exhume","Reaper"],"picked":"Impervious","floor":33.0},{"not_picked":["Anger+1","Iron Wave+1","Infernal Blade+1"],"picked":"Shrug It Off+1","floor":35.0},{"not_picked":["Uppercut+1","Twin Strike+1","Body Slam"],"picked":"Rage+1","floor":37.0},{"not_picked":["Rupture","Ghostly Armor","Headbutt+1"],"picked":"Shrug It Off","floor":38.0},{"not_picked":["Infernal Blade","Armaments","Cleave"],"picked":"Spot Weakness+1","floor":39.0},{"not_picked":["Second Wind+1","Carnage+1","Corruption+1"],"picked":"Reckless Charge+1","floor":40.0},{"not_picked":["Headbutt","Metallicize","Seeing Red+1"],"picked":"Heavy Blade+1","floor":41.0},{"not_picked":["Infernal Blade+1","Berserk","Blood for Blood"],"picked":"Disarm+1","floor":44.0},{"not_picked":["Disarm","Metallicize+1","Pummel"],"picked":"Flex+1","floor":45.0},{"not_picked":["Cleave+1","Perfected Strike+1","Anger+1"],"picked":"Clash","floor":45.0}],"player_experience":73553,"relics_obtained":[{"floor":6.0,"key":"Dream Catcher"},{"floor":9.0,"key":"Regal Pillow"},{"floor":19.0,"key":"Enchiridion"},{"floor":23.0,"key":"Strawberry"},{"floor":25.0,"key":"Orichalcum"},{"floor":26.0,"key":"Champion Belt"},{"floor":34.0,"key":"Potion Belt"},{"floor":34.0,"key":"Question Card"},{"floor":34.0,"key":"Ginger"},{"floor":41.0,"key":"Centennial Puzzle"},{"floor":43.0,"key":"Darkstone Periapt"},{"floor":44.0,"key":"Prayer Wheel"}],"event_choices":[{"event_name":"Upgrade Shrine","player_choice":"Upgraded","floor":3.0,"damage_taken":0.0},{"event_name":"The Lab","player_choice":"Got Potions","floor":4.0,"damage_taken":0.0},{"event_name":"The Cleric","player_choice":"Card Removal","floor":5.0,"damage_taken":0.0},{"event_name":"Cursed Tome","player_choice":"Obtained Book","floor":19.0,"damage_taken":0.0},{"event_name":"Forgotten Altar","player_choice":"Shed Blood","floor":20.0,"damage_taken":0.0},{"event_name":"Winding Halls","player_choice":"Embrace Madness","floor":36.0,"damage_taken":0.0},{"event_name":"Falling","player_choice":"Removed Skill","floor":42.0,"damage_taken":0.0}],"boss_relics":[{"not_picked":["Cursed Key","Busted Crown"],"picked":"Lizard Tail"},{"not_picked":["Mark of Pain","White Beast Statue"],"picked":"Calling Bell"}],"items_purged_floors":[],"is_endless":false,"potions_floor_spawned":[2,11,14,18,22,31,35,38,39,44],"killed_by":"4 Shapes","ascension_level":0}