{"gold_per_floor":[117,42,42,42,59,85,85,104,104,119,139,139,170,70,70,174,174,188,188,205,29,90,115,115,181,207,262,262,411,427,443,443,443],"floor_reached":33,"playtime":1522,"items_purged":["Strike_G","Strike_G","Strike_G"],"score":401,"play_id":"a1c2b87c-c9c8-4120-a934-430327fcee69","local_time":"20181107031614","is_ascension_mode":true,"campfire_choices":[{"floor":7.0,"key":"REST"},{"data":"Neutralize","floor":12.0,"key":"SMITH"},{"data":"Heel Hook","floor":15.0,"key":"SMITH"},{"data":"Dagger Throw","floor":24.0,"key":"SMITH"},{"floor":28,"key":"REST"},{"data":"Well Laid Plans","floor":32,"key":"SMITH"}],"neow_cost":"PERCENT_DAMAGE","seed_source_timestamp":38312414314066,"circlet_count":0,"master_deck":["Defend_G","Defend_G","Defend_G","Defend_G","Strike_G","Survivor","Neutralize+1","Dagger Throw+1","Heel Hook+1","Backstab+1","Skewer+1","Grand Finale+1","Flying Knee+1","Well Laid Plans+1"],"special_seed":0,"relics":["Ring of the Snake","Snake Skull","Molten Egg 2","Orichalcum","Dream Catcher","Busted Crown","SsserpentHead","Mummified Hand","Centennial Puzzle","Tiny Chest"],"potions_floor_usage":[27,30],"damage_taken":[{"damage":4.0,"enemies":"Cultist","floor":1.0,"turns":5.0},{"damage":0.0,"enemies":"2 Louse","floor":5.0,"turns":3.0},{"damage":32.0,"enemies":"Gremlin Nob","floor":6.0,"turns":5.0},{"damage":0.0,"enemies":"Small Slimes","floor":8.0,"turns":2.0},{"damage":0.0,"enemies":"Looter","floor":10.0,"turns":3.0},{"damage":0.0,"enemies":"2 Fungi Beasts","floor":11.0,"turns":2.0},{"damage":5.0,"enemies":"Lagavulin","floor":13.0,"turns":3.0},{"damage":6.0,"enemies":"The Guardian","floor":16.0,"turns":11.0},{"damage":0.0,"enemies":"Chosen","floor":18.0,"turns":2.0},{"damage":1.0,"enemies":"Shell Parasite","floor":20.0,"turns":4.0},{"damage":11.0,"enemies":"Centurion and Healer","floor":22.0,"turns":5.0},{"damage":1.0,"enemies":"Slavers","floor":23.0,"turns":3.0},{"damage":9.0,"enemies":"Snake Plant","floor":25.0,"turns":3.0},{"damage":33,"enemies":"Gremlin Leader","floor":27,"turns":7},{"damage":8,"enemies":"Snecko","floor":30,"turns":3},{"damage":8,"enemies":"Chosen and Byrds","floor":31,"turns":5},{"damage":22,"enemies":"Automaton","floor":33,"turns":2}],"seed_played":"5527199419301569863","potions_obtained":[{"floor":8.0,"key":"Fire Potion"},{"floor":10.0,"key":"AttackPotion"},{"floor":13.0,"key":"Energy Potion"},{"floor":16.0,"key":"Explosive Potion"},{"floor":22.0,"key":"Explosive Potion"},{"floor":25.0,"key":"Regen Potion"},{"floor":27,"key":"Explosive Potion"}],"is_trial":false,"path_per_floor":["M","$","T","?","M","E","R","M","T","M","M","R","E","$","R","B",null,"M","?","M","$","M","E","R","M","T","E","R","?","M","M","R","B"],"character_chosen":"THE_SILENT","items_purchased":["Flying Knee+1"],"campfire_rested":2,"item_purchase_floors":[21],"current_hp_per_floor":[41,41,41,41,41,9,30,30,30,30,30,30,25,25,25,19,57,57,57,56,56,45,44,44,35,35,17,38,38,30,22,22,0],"gold":443,"neow_bonus":"REMOVE_TWO","is_prod":false,"is_daily":false,"chose_seed":false,"campfire_upgraded":4,"win_rate":0,"timestamp":1541531774,"path_taken":["M","$","?","?","M","E","R","M","T","M","M","R","E","$","R","BOSS","M","?","M","$","?","E","R","?","T","E","R","?","M","M","R","BOSS"],"build_version":"2018-11-01","purchased_purges":3,"victory":false,"max_hp_per_floor":[70,70,70,70,70,70,70,70,70,70,70,70,70,70,70,70,70,70,70,70,70,70,70,70,70,70,70,70,70,70,70,70,70],"card_choices":[{"not_picked":["Poisoned Stab","Acrobatics"],"picked":"Dagger Throw","floor":1.0},{"not_picked":["Doppelganger","Dodge and Roll"],"picked":"Heel Hook","floor":5.0},{"not_picked":["Finisher","PiercingWail"],"picked":"Backstab","floor":6.0},{"not_picked":["Deadly Poison","Riddle With Holes+1"],"picked":"Skewer+1","floor":8.0},{"not_picked":["Prepared","Flying Knee+1","Underhanded Strike+1"],"picked":"SKIP","floor":10.0},{"not_picked":["Outmaneuver","Catalyst","Dodge and Roll"],"picked":"SKIP","floor":11.0},{"not_picked":["Backflip","Bouncing Flask","Setup"],"picked":"SKIP","floor":13.0},{"not_picked":["Bullet Time","After Image"],"picked":"Grand Finale+1","floor":16.0},{"not_picked":["Dagger Spray+1"],"picked":"SKIP","floor":18.0},{"not_picked":["Cloak And Dagger"],"picked":"SKIP","floor":20.0},{"not_picked":["Catalyst"],"picked":"SKIP","floor":22.0},{"not_picked":["Tactician"],"picked":"SKIP","floor":23.0},{"not_picked":["Backflip"],"picked":"SKIP","floor":25.0},{"not_picked":["Finisher+1"],"picked":"SKIP","floor":27},{"not_picked":["Dagger Spray+1"],"picked":"SKIP","floor":30},{"not_picked":[],"picked":"Well Laid Plans","floor":31}],"player_experience":393316,"relics_obtained":[{"floor":3.0,"key":"Snake Skull"},{"floor":6.0,"key":"Molten Egg 2"},{"floor":9.0,"key":"Orichalcum"},{"floor":13.0,"key":"Dream Catcher"},{"floor":23.0,"key":"Mummified Hand"},{"floor":26.0,"key":"Centennial Puzzle"},{"floor":27,"key":"Tiny Chest"}],"event_choices":[{"damage_healed":0.0,"max_hp_gain":0.0,"max_hp_loss":0.0,"gold_gain":0.0,"event_name":"Shining Light","player_choice":"Ignored","floor":4.0,"gold_loss":0.0,"damage_taken":0.0},{"damage_healed":0.0,"max_hp_gain":0.0,"max_hp_loss":0.0,"gold_gain":0.0,"event_name":"FaceTrader","player_choice":"Trade","floor":19.0,"gold_loss":0.0,"damage_taken":0.0,"relics_obtained":["SsserpentHead"]},{"damage_healed":0,"gold_gain":99,"player_choice":"Stole From Cult","damage_taken":0,"max_hp_gain":0,"max_hp_loss":0,"event_name":"Nest","floor":29,"gold_loss":0}],"is_beta":false,"boss_relics":[{"not_picked":["Astrolabe","Fusion Hammer"],"picked":"Busted Crown"}],"items_purged_floors":[2,14,21],"is_endless":false,"potions_floor_spawned":[8,10,13,16,22,25,27],"killed_by":"Automaton","ascension_level":7}