{"gold_per_floor":[116,116,116,116,116,141,141,154,154,179,179,192,192,211,211,313,313,326,341,341,359,284,312,312,312],"floor_reached":25,"playtime":2047,"items_purged":["Defend_R"],"score":254,"play_id":"dda7b40f-cce9-4e6a-8a7d-edcc22173471","local_time":"20180630135931","is_ascension_mode":false,"campfire_choices":[{"floor":7,"key":"REST"},{"floor":11,"key":"REST"},{"data":"Whirlwind","floor":15,"key":"SMITH"},{"floor":24,"key":"REST"}],"neow_cost":"","seed_source_timestamp":1076185214432,"circlet_count":0,"master_deck":["Defend_R+1","Defend_R+1","Bash","Cleave","Whirlwind+1","Infernal Blade","Thunderclap","Demon Form","Sword Boomerang+1","Bite","Bite","Bite","Bite","Bite","Whirlwind"],"relics":["Burning Blood","Pen Nib","Orichalcum","Sundial","War Paint","Toolbox","Runic Cube","Potion Belt"],"potions_floor_usage":[6,14,16,16,23],"damage_taken":[{"damage":5,"enemies":"Cultist","floor":1,"turns":4},{"damage":41,"enemies":"Lagavulin","floor":6,"turns":7},{"damage":2,"enemies":"Small Slimes","floor":8,"turns":2},{"damage":22,"enemies":"Gremlin Nob","floor":10,"turns":5},{"damage":4,"enemies":"Jaw Worm","floor":12,"turns":3},{"damage":0,"enemies":"Blue Slaver","floor":14,"turns":3},{"damage":7,"enemies":"Slime Boss","floor":16,"turns":9},{"damage":33,"enemies":"Spheric Guardian","floor":18,"turns":7},{"damage":18,"enemies":"2 Thieves","floor":19,"turns":3},{"damage":18,"enemies":"Sentry and Sphere","floor":21,"turns":4},{"damage":43,"enemies":"Book of Stabbing","floor":23,"turns":5},{"damage":29,"enemies":"Slavers","floor":25,"turns":2}],"seed_played":"4603694097842843460","potions_obtained":[{"floor":2,"key":"GamblersBrew"},{"floor":2,"key":"EssenceOfSteel"},{"floor":2,"key":"Poison Potion"},{"floor":8,"key":"Block Potion"},{"floor":10,"key":"SkillPotion"},{"floor":14,"key":"Block Potion"},{"floor":18,"key":"AttackPotion"}],"is_trial":false,"path_per_floor":["M","?","?","?","?","E","R","M","T","E","R","M","?","M","R","B",null,"M","M","?","M","$","E","R"],"character_chosen":"IRONCLAD","items_purchased":[],"campfire_rested":3,"item_purchase_floors":[],"current_hp_per_floor":[80,80,80,73,61,26,50,54,54,38,62,64,64,70,70,69,80,56,44,44,38,38,11,28,0],"gold":312,"neow_bonus":"","is_prod":false,"is_daily":false,"chose_seed":false,"campfire_upgraded":1,"win_rate":0.0,"timestamp":1530338371,"path_taken":["M","?","?","?","?","E","R","M","T","E","R","M","?","M","R","BOSS","M","M","?","M","$","E","R","E"],"build_version":"2018-06-28","purchased_purges":1,"victory":false,"max_hp_per_floor":[80,80,80,80,80,80,80,80,80,80,80,80,80,80,80,80,80,83,83,58,58,58,58,58,58],"card_choices":[{"not_picked":["Iron Wave","Thunderclap"],"picked":"Cleave","floor":1},{"not_picked":["Body Slam","Barricade"],"picked":"Whirlwind","floor":6},{"not_picked":["Sever Soul","Perfected Strike"],"picked":"Infernal Blade","floor":8},{"not_picked":["Clothesline","Headbutt","Metallicize"],"picked":"SKIP","floor":10},{"not_picked":["Anger","Clothesline"],"picked":"Thunderclap","floor":12},{"not_picked":["Iron Wave","Shrug It Off","Headbutt"],"picked":"SKIP","floor":14},{"not_picked":["Double Tap","Offering"],"picked":"Demon Form","floor":16},{"not_picked":["Power Through","Pommel Strike"],"picked":"Sword Boomerang+1","floor":18},{"not_picked":["Iron Wave+1","Disarm","Entrench"],"picked":"SKIP","floor":19},{"not_picked":["Rupture","Shrug It Off"],"picked":"Whirlwind","floor":21},{"not_picked":["Combust","Headbutt+1","Clothesline"],"picked":"SKIP","floor":23}],"player_experience":4032,"relics_obtained":[{"floor":6,"key":"Sundial"},{"floor":9,"key":"War Paint"},{"floor":10,"key":"Toolbox"},{"floor":23,"key":"Potion Belt"}],"event_choices":[{"event_name":"The Lab","player_choice":"Got Potions","floor":2,"damage_taken":0},{"event_name":"Big Fish","player_choice":"Box","floor":3,"damage_taken":0},{"event_name":"Golden Wing","player_choice":"Card Removal","floor":4,"damage_taken":0},{"event_name":"Scrap Ooze","player_choice":"success","floor":5,"damage_taken":12},{"event_name":"Living Wall","player_choice":"Forget","floor":13,"damage_taken":0},{"event_name":"Vampires","player_choice":"Became a vampire","floor":20,"damage_taken":0}],"boss_relics":[{"not_picked":["Lizard Tail","Runic Pyramid"],"picked":"Runic Cube"}],"items_purged_floors":[22],"is_endless":false,"potions_floor_spawned":[8,10,12,14,18],"killed_by":"Slavers","ascension_level":0}