{"gold_per_floor":[117,42,42,42,65,97,110,139,139,139,158,158,177,194,194,268,268,278,297,109,109,109,137,137,137],"floor_reached":25,"playtime":686,"items_purged":["Strike_G","Strike_G+1"],"score":508,"play_id":"3b7bb99a-ace4-452c-8dcd-babb6e2765c1","local_time":"20181124161526","is_ascension_mode":true,"campfire_choices":[{"floor":10.0,"key":"REST"},{"data":"Deadly Poison","floor":12.0,"key":"SMITH"},{"floor":15.0,"key":"REST"},{"floor":24.0,"key":"REST"}],"neow_cost":"NONE","seed_source_timestamp":364668735962356,"circlet_count":0,"master_deck":["AscendersBane","Defend_G+1","Defend_G+1","Defend_G+1","Defend_G+1","Defend_G+1","Survivor","Neutralize","Deadly Poison+1","Dagger Spray","Dodge and Roll","After Image","Deadly Poison","Burst","Venomology+1","Blur+1","Tools of the Trade+1","Bouncing Flask","Well Laid Plans","Decay","Burst"],"special_seed":0,"relics":["Ring of the Snake","NeowsBlessing","Bronze Scales","Strawberry","Dream Catcher","Gremlin Horn","Astrolabe","Regal Pillow"],"potions_floor_usage":[25,25],"damage_taken":[{"damage":0.0,"enemies":"Jaw Worm","floor":1.0,"turns":1.0},{"damage":0.0,"enemies":"Gremlin Nob","floor":6.0,"turns":1.0},{"damage":0.0,"enemies":"Small Slimes","floor":7.0,"turns":1.0},{"damage":28.0,"enemies":"3 Sentries","floor":8.0,"turns":8.0},{"damage":0.0,"enemies":"Cultist","floor":11.0,"turns":3.0},{"damage":0.0,"enemies":"Exordium Wildlife","floor":13.0,"turns":3.0},{"damage":2.0,"enemies":"Looter","floor":14.0,"turns":4.0},{"damage":10.0,"enemies":"The Guardian","floor":16.0,"turns":10.0},{"damage":4.0,"enemies":"Shell Parasite","floor":18.0,"turns":7.0},{"damage":10.0,"enemies":"3 Byrds","floor":19.0,"turns":3.0},{"damage":49.0,"enemies":"Book of Stabbing","floor":23.0,"turns":7.0},{"damage":40,"enemies":"Gremlin Leader","floor":25,"turns":5}],"seed_played":"1802686776006278684","potions_obtained":[{"floor":1.0,"key":"Block Potion"},{"floor":8.0,"key":"AttackPotion"},{"floor":11.0,"key":"Weak Potion"}],"is_trial":false,"path_per_floor":["M","$","?","?","T","E","M","E","T","R","M","R","M","M","R","B",null,"M","M","$","?","?","E","R","E"],"character_chosen":"THE_SILENT","items_purchased":["Well Laid Plans"],"campfire_rested":3,"item_purchase_floors":[20],"current_hp_per_floor":[59,59,59,39,39,46,46,18,18,39,39,39,39,37,58,48,67,63,53,53,53,53,4,40,0],"gold":137,"neow_bonus":"THREE_ENEMY_KILL","is_prod":false,"is_daily":false,"chose_seed":false,"campfire_upgraded":1,"win_rate":0,"timestamp":1543072526,"path_taken":["M","$","?","?","?","E","?","E","T","R","M","R","M","M","R","BOSS","M","M","$","?","?","E","R","E"],"build_version":"2018-11-15","purchased_purges":2,"victory":false,"max_hp_per_floor":[66,66,66,66,66,73,73,73,73,73,73,73,73,73,73,73,73,73,73,73,73,73,73,73,73],"card_choices":[{"not_picked":["Predator","Prepared"],"picked":"Deadly Poison","floor":1.0},{"not_picked":["PiercingWail","Acrobatics","Dagger Spray"],"picked":"SKIP","floor":6.0},{"not_picked":["Sucker Punch","Riddle With Holes"],"picked":"Dagger Spray","floor":7.0},{"not_picked":["Choke","Underhanded Strike"],"picked":"Dodge and Roll","floor":8.0},{"not_picked":["Caltrops","Concentrate","PiercingWail"],"picked":"SKIP","floor":11.0},{"not_picked":["Outmaneuver","Eviscerate"],"picked":"After Image","floor":13.0},{"not_picked":["Underhanded Strike","Cloak And Dagger","Acrobatics"],"picked":"SKIP","floor":14.0},{"not_picked":["Finisher","Dagger Spray"],"picked":"Deadly Poison","floor":15.0},{"not_picked":["Bullet Time","Die Die Die"],"picked":"Burst","floor":16.0},{"not_picked":["Prepared","Flechettes","Reflex"],"picked":"SKIP","floor":18.0},{"not_picked":["Infinite Blades","Tactician"],"picked":"Bouncing Flask","floor":19.0},{"not_picked":["Blade Dance+1","Underhanded Strike"],"picked":"Burst","floor":23.0}],"player_experience":773958,"relics_obtained":[{"floor":5.0,"key":"Bronze Scales"},{"floor":6.0,"key":"Strawberry"},{"floor":8.0,"key":"Dream Catcher"},{"floor":9.0,"key":"Gremlin Horn"},{"floor":23.0,"key":"Regal Pillow"}],"event_choices":[{"damage_healed":0.0,"max_hp_gain":0.0,"max_hp_loss":0.0,"gold_gain":0.0,"event_name":"The Cleric","player_choice":"Leave","floor":3.0,"gold_loss":0.0,"damage_taken":0.0},{"damage_healed":0.0,"max_hp_gain":0.0,"max_hp_loss":0.0,"gold_gain":0.0,"event_name":"Shining Light","player_choice":"Entered Light","floor":4.0,"gold_loss":0.0,"damage_taken":20.0,"cards_upgraded":["Strike_G","Defend_G"]},{"damage_healed":0.0,"max_hp_gain":0.0,"max_hp_loss":0.0,"gold_gain":0.0,"event_name":"Back to Basics","player_choice":"Simplicity","floor":21.0,"gold_loss":0.0,"damage_taken":0.0,"cards_upgraded":["Defend_G","Defend_G","Defend_G","Defend_G"]},{"damage_healed":0.0,"max_hp_gain":0.0,"max_hp_loss":0.0,"gold_gain":0.0,"event_name":"Forgotten Altar","player_choice":"Smashed Altar","floor":22.0,"gold_loss":0.0,"damage_taken":0.0,"cards_obtained":["Decay"]}],"is_beta":true,"boss_relics":[{"not_picked":["Orrery","White Beast Statue"],"picked":"Astrolabe"}],"items_purged_floors":[2,20],"is_endless":false,"potions_floor_spawned":[1,8,11],"killed_by":"Gremlin Leader","ascension_level":20}