{"gold_per_floor":[117,192,192,206,206,233,233,257,282,282,282,207,227,247,247,351,351,363,381,398,412,412],"floor_reached":22,"playtime":1014,"items_purged":["Defend_B"],"score":317,"play_id":"8b26f7c5-ba55-427c-9718-ca30ded31f94","local_time":"20191023192719","is_ascension_mode":true,"campfire_choices":[{"data":"Hologram","floor":10,"key":"SMITH"},{"data":"Loop","floor":15,"key":"SMITH"}],"neow_cost":"NONE","seed_source_timestamp":1014685921482,"circlet_count":0,"master_deck":["AscendersBane","Strike_B","Strike_B","Defend_B+1","Defend_B","Zap+1","Dualcast","Sweeping Beam","Blizzard+1","Hologram+1","Capacitor","Loop+1","Coolheaded","Glacier","Defragment+1"],"relics":["Cracked Core","NeowsBlessing","Molten Egg 2","War Paint","Odd Mushroom","Strawberry","Darkstone Periapt","Empty Cage"],"potions_floor_usage":[14,16,20,20,21],"damage_taken":[{"damage":0,"enemies":"Jaw Worm","floor":1,"turns":1},{"damage":0,"enemies":"2 Louse","floor":4,"turns":1},{"damage":0,"enemies":"3 Sentries","floor":6,"turns":1},{"damage":26,"enemies":"The Mushroom Lair","floor":8,"turns":5},{"damage":5,"enemies":"Small Slimes","floor":13,"turns":3},{"damage":8,"enemies":"3 Louse","floor":14,"turns":2},{"damage":29,"enemies":"Slime Boss","floor":16,"turns":9},{"damage":20,"enemies":"Chosen","floor":18,"turns":7},{"damage":21,"enemies":"3 Byrds","floor":19,"turns":5},{"damage":22,"enemies":"Snake Plant","floor":20,"turns":7},{"damage":0,"enemies":"Snecko","floor":21,"turns":7},{"damage":15,"enemies":"Shelled Parasite and Fungi","floor":22,"turns":1}],"seed_played":"8983298044742240032","potions_obtained":[{"floor":4,"key":"DuplicationPotion"},{"floor":8,"key":"FearPotion"},{"floor":13,"key":"AttackPotion"},{"floor":18,"key":"FocusPotion"},{"floor":19,"key":"SkillPotion"},{"floor":20,"key":"DuplicationPotion"}],"is_trial":false,"path_per_floor":["M","?","T","M","?","E","?","?","T","R","T","$","M","M","R","B",null,"M","M","M","M","M"],"character_chosen":"DEFECT","items_purchased":[],"campfire_rested":0,"item_purchase_floors":[],"current_hp_per_floor":[68,57,57,57,62,62,62,36,43,43,43,43,38,30,30,1,66,46,25,3,3,0],"gold":412,"neow_bonus":"THREE_ENEMY_KILL","is_prod":false,"is_daily":false,"chose_seed":false,"campfire_upgraded":2,"win_rate":0,"timestamp":1571826439,"path_taken":["M","?","?","M","?","E","?","?","T","R","?","$","M","M","R","BOSS","M","M","M","M","M"],"build_version":"2019-10-22","purchased_purges":1,"victory":false,"max_hp_per_floor":[75,75,75,75,80,80,80,80,87,87,87,87,87,87,87,87,87,87,87,87,87,87],"card_choices":[{"not_picked":["Gash","Beam Cell"],"picked":"Sweeping Beam","floor":1},{"not_picked":["Leap","Loop"],"picked":"Blizzard+1","floor":4},{"not_picked":["Skim","Thunder Strike+1"],"picked":"Hologram","floor":6},{"not_picked":["Rebound+1","Tempest"],"picked":"Capacitor","floor":8},{"not_picked":["Undo","Double Energy"],"picked":"Loop","floor":13},{"not_picked":["Leap","Conserve Battery"],"picked":"Coolheaded","floor":14},{"not_picked":["Hello World","Beam Cell+1"],"picked":"Glacier","floor":18},{"not_picked":["Sweeping Beam+1","Double Energy","Fusion"],"picked":"SKIP","floor":19},{"not_picked":["Hologram+1","Sweeping Beam+1"],"picked":"Defragment+1","floor":20},{"not_picked":["Melter+1","Reinforced Body","Gash+1"],"picked":"SKIP","floor":21}],"player_experience":631496,"relics_obtained":[{"floor":3,"key":"Molten Egg 2"},{"floor":6,"key":"War Paint"},{"floor":8,"key":"Odd Mushroom"},{"floor":9,"key":"Strawberry"},{"floor":11,"key":"Darkstone Periapt"}],"event_choices":[{"damage_healed":0,"gold_gain":75,"player_choice":"Gather Gold","damage_taken":11,"max_hp_gain":0,"max_hp_loss":0,"event_name":"World of Goop","floor":2,"gold_loss":0},{"damage_healed":0,"gold_gain":0,"player_choice":"Donut","damage_taken":0,"max_hp_gain":5,"max_hp_loss":0,"event_name":"Big Fish","floor":5,"gold_loss":0},{"cards_removed":["Defend_B"],"damage_healed":0,"gold_gain":0,"player_choice":"Forget","damage_taken":0,"max_hp_gain":0,"max_hp_loss":0,"event_name":"Living Wall","floor":7,"gold_loss":0},{"damage_healed":0,"gold_gain":0,"player_choice":"Fought Mushrooms","damage_taken":0,"max_hp_gain":0,"max_hp_loss":0,"event_name":"Mushrooms","floor":8,"gold_loss":0}],"is_beta":true,"boss_relics":[{"not_picked":["Fusion Hammer","Nuclear Battery"],"picked":"Empty Cage"}],"items_purged_floors":[12],"is_endless":false,"potions_floor_spawned":[4,8,13,18,19,20],"killed_by":"Shelled Parasite and Fungi","ascension_level":10}