{"gold_per_floor":[118,43,43,56,56,56,68,68,140,155,155,1,30,43,43,117,117,137,154,69,89,106,106,133,33,58,58,108,124,124,144,144,221,221,240,258,28,28,128,158,158,168,247,266,266,278,310,39,39,39,39],"floor_reached":51,"playtime":1254,"items_purged":["Defend_R","Defend_R"],"score":1414,"play_id":"dcbe2c2f-0b7c-44de-8ef6-f3b3d0808899","local_time":"20190514220339","is_ascension_mode":true,"campfire_choices":[{"data":"Clash","floor":6.0,"key":"SMITH"},{"data":"Inflame","floor":8.0,"key":"SMITH"},{"data":"Limit Break","floor":15.0,"key":"SMITH"},{"data":"Heavy Blade","floor":23.0,"key":"SMITH"},{"floor":27.0,"key":"REST"},{"floor":30.0,"key":"REST"},{"floor":32.0,"key":"REST"},{"data":"Double Tap","floor":41,"key":"SMITH"},{"data":"Flex","floor":45,"key":"SMITH"},{"floor":49,"key":"RECALL"}],"neow_cost":"NONE","seed_source_timestamp":296445633837732,"circlet_count":0,"master_deck":["AscendersBane","Strike_R","Strike_R","Strike_R+1","Strike_R","Bash+1","Anger","Clash+1","Inflame+1","Limit Break+1","Limit Break+1","Feed","Heavy Blade+1","Uppercut+1","Double Tap+1","Flex+1"],"special_seed":0,"relics":["Burning Blood","Gremlin Horn","War Paint","Philosopher\u0027s Stone","Bag of Preparation","Red Mask","PreservedInsect","Empty Cage","Orichalcum","Ginger","Blue Candle","Whetstone","Pear"],"potions_floor_usage":[35,39,44,47,50],"damage_taken":[{"damage":2.0,"enemies":"Jaw Worm","floor":1.0,"turns":3.0},{"damage":3.0,"enemies":"2 Louse","floor":4.0,"turns":2.0},{"damage":1.0,"enemies":"Cultist","floor":7.0,"turns":3.0},{"damage":4.0,"enemies":"Gremlin Gang","floor":10.0,"turns":4.0},{"damage":35.0,"enemies":"Lagavulin","floor":13.0,"turns":4.0},{"damage":8.0,"enemies":"Blue Slaver","floor":14.0,"turns":3.0},{"damage":43.0,"enemies":"Hexaghost","floor":16.0,"turns":5.0},{"damage":0.0,"enemies":"Spheric Guardian","floor":18.0,"turns":2.0},{"damage":30.0,"enemies":"Shell Parasite","floor":19.0,"turns":3.0},{"damage":20.0,"enemies":"Shelled Parasite and Fungi","floor":21.0,"turns":3.0},{"damage":7.0,"enemies":"Centurion and Healer","floor":22.0,"turns":3.0},{"damage":27.0,"enemies":"Masked Bandits","floor":24.0,"turns":4.0},{"damage":34.0,"enemies":"Snake Plant","floor":29.0,"turns":4.0},{"damage":11.0,"enemies":"Snecko","floor":31.0,"turns":3.0},{"damage":46.0,"enemies":"Collector","floor":33.0,"turns":5.0},{"damage":14,"enemies":"3 Darklings","floor":35,"turns":3},{"damage":18,"enemies":"3 Shapes","floor":36,"turns":4},{"damage":19,"enemies":"Mind Bloom Boss Battle","floor":39,"turns":4},{"damage":4,"enemies":"Giant Head","floor":40,"turns":4},{"damage":19,"enemies":"Maw","floor":42,"turns":5},{"damage":8,"enemies":"4 Shapes","floor":44,"turns":5},{"damage":6,"enemies":"3 Darklings","floor":46,"turns":4},{"damage":21,"enemies":"Nemesis","floor":47,"turns":3},{"damage":79,"enemies":"Awakened One","floor":50,"turns":5},{"damage":0,"enemies":"Donu and Deca","floor":51,"turns":1}],"seed_played":"3067142848329108193","potions_obtained":[{"floor":7.0,"key":"Strength Potion"},{"floor":10.0,"key":"GamblersBrew"},{"floor":16.0,"key":"Dexterity Potion"},{"floor":19.0,"key":"FairyPotion"},{"floor":29.0,"key":"Ancient Potion"},{"floor":31.0,"key":"Fire Potion"},{"floor":36,"key":"Block Potion"},{"floor":39,"key":"Dexterity Potion"},{"floor":40,"key":"SkillPotion"},{"floor":44,"key":"Regen Potion"},{"floor":47,"key":"SteroidPotion"}],"is_trial":false,"path_per_floor":["M","$","?","M","?","R","M","R","T","M","?","$","E","M","R","B",null,"M","M","?","M","M","R","?","$","T","R","?","M","R","M","R","B",null,"M","M","$","?","?","E","R","M","T","M","R","M","E","$","R","B","B"],"character_chosen":"IRONCLAD","items_purchased":["Limit Break","Orichalcum","Flex","Pear"],"campfire_rested":3,"item_purchase_floors":[12,37,37,48],"current_hp_per_floor":[72,72,72,75,75,75,75,75,75,75,80,80,51,49,49,12,63,72,48,48,37,39,39,18,18,18,44,44,19,46,44,72,32,79,74,65,65,65,52,57,57,47,47,45,45,45,39,49,49,17,17],"gold":39,"neow_bonus":"TRANSFORM_CARD","is_prod":false,"is_daily":false,"chose_seed":false,"campfire_upgraded":6,"win_rate":0,"timestamp":1557864219,"path_taken":["M","$","?","M","?","R","?","R","T","?","?","?","E","M","R","BOSS","M","?","?","M","M","R","?","?","T","R","?","M","R","M","R","BOSS","M","?","$","?","?","E","R","M","T","M","R","M","E","$","R","BOSS","BOSS"],"build_version":"2019-01-23","purchased_purges":2,"victory":false,"max_hp_per_floor":[75,75,75,75,75,75,75,75,75,75,80,80,80,80,80,80,80,83,83,83,86,89,89,89,89,89,89,89,92,92,95,95,95,95,98,101,101,101,101,104,104,107,107,107,107,107,107,117,117,117,117],"card_choices":[{"not_picked":["Iron Wave","Anger"],"picked":"Clash","floor":1.0},{"not_picked":["Clash","Armaments","Sentinel"],"picked":"SKIP","floor":4.0},{"not_picked":["Feel No Pain","Warcry"],"picked":"Inflame","floor":7.0},{"not_picked":["Rupture","Wild Strike","Body Slam"],"picked":"SKIP","floor":10.0},{"not_picked":["Power Through","Warcry","Wild Strike"],"picked":"SKIP","floor":13.0},{"not_picked":["Wild Strike","Clash"],"picked":"Limit Break","floor":14.0},{"not_picked":["Bludgeon","Immolate"],"picked":"Feed","floor":16.0},{"not_picked":["Intimidate","Cleave","Armaments+1"],"picked":"SKIP","floor":18.0},{"not_picked":["Body Slam","Clothesline","Cleave"],"picked":"SKIP","floor":19.0},{"not_picked":["Clothesline","Battle Trance+1"],"picked":"Heavy Blade","floor":21.0},{"not_picked":["Clash+1","Sword Boomerang","Iron Wave"],"picked":"SKIP","floor":22.0},{"not_picked":["Blood for Blood","Headbutt","Thunderclap+1"],"picked":"SKIP","floor":29.0},{"not_picked":["Corruption","Dropkick"],"picked":"Uppercut","floor":31.0},{"not_picked":["Fiend Fire","Dark Embrace"],"picked":"Double Tap","floor":33.0},{"not_picked":["Feel No Pain+1","Warcry+1","Sentinel+1"],"picked":"SKIP","floor":35},{"not_picked":["True Grit","Sword Boomerang","Sever Soul+1"],"picked":"SKIP","floor":36},{"not_picked":["Feel No Pain","Sword Boomerang+1","Flex"],"picked":"SKIP","floor":40},{"not_picked":["Warcry","Juggernaut","Armaments"],"picked":"SKIP","floor":42},{"not_picked":["Wild Strike","Cleave","True Grit+1"],"picked":"SKIP","floor":44},{"not_picked":["Twin Strike+1","Shrug It Off+1","Perfected Strike"],"picked":"SKIP","floor":46},{"not_picked":["Hemokinesis+1","Seeing Red","Demon Form"],"picked":"SKIP","floor":47}],"player_experience":880314,"relics_obtained":[{"floor":9.0,"key":"Gremlin Horn"},{"floor":13.0,"key":"War Paint"},{"floor":24.0,"key":"Red Mask"},{"floor":26.0,"key":"PreservedInsect"},{"floor":39,"key":"Ginger"},{"floor":40,"key":"Blue Candle"},{"floor":47,"key":"Whetstone"}],"event_choices":[{"damage_healed":0.0,"max_hp_gain":0.0,"max_hp_loss":0.0,"gold_gain":0.0,"event_name":"Liars Game","player_choice":"Ignored","floor":3.0,"gold_loss":0.0,"damage_taken":0.0},{"damage_healed":0.0,"max_hp_gain":0.0,"max_hp_loss":0.0,"gold_gain":0.0,"event_name":"Upgrade Shrine","player_choice":"Upgraded","floor":5.0,"gold_loss":0.0,"damage_taken":0.0,"cards_upgraded":["Bash"]},{"damage_healed":0.0,"max_hp_gain":5.0,"max_hp_loss":0.0,"gold_gain":0.0,"event_name":"Big Fish","player_choice":"Donut","floor":11.0,"gold_loss":0.0,"damage_taken":0.0},{"damage_healed":0.0,"max_hp_gain":0.0,"max_hp_loss":0.0,"gold_gain":0.0,"event_name":"Addict","player_choice":"Obtained Relic","floor":20.0,"gold_loss":85.0,"damage_taken":0.0,"relics_obtained":["Bag of Preparation"]},{"damage_healed":0.0,"max_hp_gain":0.0,"max_hp_loss":0.0,"gold_gain":0.0,"event_name":"Masked Bandits","player_choice":"Fought Bandits","floor":24.0,"gold_loss":0.0,"damage_taken":0.0},{"damage_healed":0.0,"max_hp_gain":0.0,"max_hp_loss":0.0,"gold_gain":50.0,"event_name":"Golden Shrine","player_choice":"Pray","floor":28.0,"gold_loss":0.0,"damage_taken":0.0},{"damage_healed":0,"gold_gain":0,"player_choice":"Ignored","damage_taken":0,"max_hp_gain":0,"max_hp_loss":0,"event_name":"Tomb of Lord Red Mask","floor":38,"gold_loss":0},{"damage_healed":0,"gold_gain":0,"player_choice":"Fight","damage_taken":0,"max_hp_gain":0,"max_hp_loss":0,"event_name":"MindBloom","floor":39,"gold_loss":0}],"is_beta":false,"boss_relics":[{"not_picked":["Calling Bell","Runic Pyramid"],"picked":"Philosopher\u0027s Stone"},{"not_picked":["Coffee Dripper","Pandora\u0027s Box"],"picked":"Empty Cage"}],"items_purged_floors":[2,25],"is_endless":false,"potions_floor_spawned":[7,10,16,19,29,31,33,36,39,40,44,47],"killed_by":"Donu and Deca","ascension_level":20}