{"gold_per_floor":[119,1,14,29,29,29,39,51,78,91,91,16,16,40,40,117,117,127,177,93,108,108],"floor_reached":22,"playtime":473,"items_purged":["Pain"],"score":343,"play_id":"53ad5cfc-fad8-492e-af09-e7d715b13f91","local_time":"20181101122138","is_ascension_mode":true,"campfire_choices":[{"data":"White Noise","floor":6,"key":"SMITH"},{"data":"Defragment","floor":11,"key":"SMITH"},{"data":"Fusion","floor":13,"key":"SMITH"},{"data":"White Noise","floor":15,"key":"SMITH"}],"neow_cost":"NONE","seed_source_timestamp":353924131794428,"circlet_count":0,"master_deck":["AscendersBane","Strike_B","Strike_B","Strike_B","Strike_B","Defend_B","Defend_B","Defend_B","Defend_B","Zap","Dualcast","Sunder","White Noise+1","Fusion+1","White Noise+1","White Noise","Zap","Coolheaded","Defragment+1","Echo Form","Loop"],"relics":["Cracked Core","NeowsBlessing","Regal Pillow","Orichalcum","Nuclear Battery"],"potions_floor_usage":[16,21,22],"damage_taken":[{"damage":0,"enemies":"Cultist","floor":1,"turns":1},{"damage":0,"enemies":"2 Louse","floor":3,"turns":1},{"damage":0,"enemies":"Jaw Worm","floor":4,"turns":1},{"damage":11,"enemies":"2 Fungi Beasts","floor":7,"turns":4},{"damage":11,"enemies":"Red Slaver","floor":8,"turns":4},{"damage":11,"enemies":"3 Louse","floor":10,"turns":4},{"damage":18,"enemies":"Hexaghost","floor":16,"turns":6},{"damage":12,"enemies":"Spheric Guardian","floor":18,"turns":4},{"damage":34,"enemies":"3 Byrds","floor":21,"turns":5},{"damage":24,"enemies":"Colosseum Slavers","floor":22,"turns":3}],"seed_played":"-1639598480609799535","potions_obtained":[{"floor":1,"key":"FairyPotion"},{"floor":4,"key":"Ancient Potion"},{"floor":8,"key":"FocusPotion"},{"floor":16,"key":"SkillPotion"},{"floor":21,"key":"Poison Potion"}],"is_trial":false,"path_per_floor":["M","$","M","M","?","R","M","M","T","M","R","$","R","T","R","B",null,"M","?","$","M","?"],"character_chosen":"DEFECT","items_purchased":["White Noise","Fusion","Loop"],"campfire_rested":0,"item_purchase_floors":[2,2,20],"current_hp_per_floor":[64,64,64,64,64,64,53,42,42,31,31,31,31,31,31,13,57,45,45,45,11,0],"gold":108,"neow_bonus":"THREE_ENEMY_KILL","is_prod":false,"is_daily":false,"chose_seed":false,"campfire_upgraded":4,"win_rate":0,"timestamp":1541071298,"path_taken":["M","$","M","?","?","R","M","M","T","M","R","?","R","?","R","BOSS","M","?","$","?","?"],"build_version":"2018-10-31v2","purchased_purges":1,"victory":false,"max_hp_per_floor":[71,71,71,71,71,71,71,71,71,71,71,71,71,71,71,71,71,71,71,71,71,71],"card_choices":[{"not_picked":["Go for the Eyes","Stack"],"picked":"Sunder","floor":1},{"not_picked":["Go for the Eyes","Ball Lightning"],"picked":"White Noise","floor":3},{"not_picked":["Chill","Sweeping Beam"],"picked":"White Noise","floor":4},{"not_picked":["Cold Snap","Double Energy"],"picked":"Coolheaded","floor":7},{"not_picked":["Rainbow","Hologram"],"picked":"Defragment","floor":8},{"not_picked":["Stack","Go for the Eyes","Gash"],"picked":"SKIP","floor":10},{"not_picked":["Thunder Strike","Creative AI"],"picked":"Echo Form","floor":16},{"not_picked":["Turbo","Barrage","Hologram"],"picked":"SKIP","floor":18},{"not_picked":["Streamline","Blizzard","Ball Lightning"],"picked":"SKIP","floor":21}],"player_experience":732563,"relics_obtained":[{"floor":9,"key":"Regal Pillow"},{"floor":14,"key":"Orichalcum"}],"event_choices":[{"damage_healed":0,"gold_gain":0,"player_choice":"2 cards matched","damage_taken":0,"max_hp_gain":0,"max_hp_loss":0,"event_name":"Match and Keep!","floor":5,"gold_loss":0,"cards_obtained":["Pain","Zap"]},{"damage_healed":0,"gold_gain":50,"player_choice":"Pray","damage_taken":0,"max_hp_gain":0,"max_hp_loss":0,"event_name":"Golden Shrine","floor":19,"gold_loss":0},{"damage_healed":0,"gold_gain":0,"player_choice":"Fight","damage_taken":0,"max_hp_gain":0,"max_hp_loss":0,"event_name":"Colosseum","floor":22,"gold_loss":0}],"is_beta":true,"boss_relics":[{"not_picked":["Fusion Hammer","Calling Bell"],"picked":"Nuclear Battery"}],"items_purged_floors":[12],"is_endless":false,"potions_floor_spawned":[1,4,8,16,21],"killed_by":"Colosseum Slavers","ascension_level":19}