{"gold_per_floor":[112,112,128,139,157,184,201,201,201,236,250,269,18,51,51,150,150,168,186,186,186,186,221,237,37,60,60,9,9,21,36,36,36],"floor_reached":33,"playtime":3186,"items_purged":["Strike_R","Strike_R"],"score":364,"play_id":"fe8f77b5-16f6-4927-a8b4-3a6466d72c4d","local_time":"20180630145252","is_ascension_mode":false,"campfire_choices":[{"floor":15,"key":"REST"},{"floor":27,"key":"REST"},{"floor":32,"key":"REST"}],"neow_cost":"NONE","seed_source_timestamp":3138564309144,"circlet_count":0,"master_deck":["Strike_R","Defend_R+1","Defend_R","Defend_R","Defend_R+1","Bash","Armaments","Headbutt","Infernal Blade","Headbutt","Parasite","Pommel Strike","Rampage","Headbutt","Double Tap","Feed","Armaments+1","Rampage","RitualDagger","Madness+1","Shrug It Off","Injury"],"relics":["Burning Blood","NeowsBlessing","Mercury Hourglass","Mummified Hand","Shuriken","Blood Vial","Frozen Egg 2","Runic Pyramid","Strawberry","War Paint"],"potions_floor_usage":[10,14,18,19,31],"damage_taken":[{"damage":0,"enemies":"2 Louse","floor":1,"turns":1},{"damage":0,"enemies":"Cultist","floor":3,"turns":1},{"damage":0,"enemies":"Small Slimes","floor":4,"turns":1},{"damage":25,"enemies":"Exordium Thugs","floor":5,"turns":4},{"damage":30,"enemies":"3 Sentries","floor":6,"turns":9},{"damage":11,"enemies":"Exordium Wildlife","floor":7,"turns":3},{"damage":28,"enemies":"Gremlin Nob","floor":10,"turns":4},{"damage":1,"enemies":"3 Louse","floor":11,"turns":2},{"damage":5,"enemies":"Large Slime","floor":12,"turns":5},{"damage":22,"enemies":"Lagavulin","floor":14,"turns":5},{"damage":0,"enemies":"Slime Boss","floor":16,"turns":7},{"damage":10,"enemies":"Spheric Guardian","floor":18,"turns":3},{"damage":35,"enemies":"3 Byrds","floor":19,"turns":6},{"damage":35,"enemies":"Gremlin Leader","floor":23,"turns":8},{"damage":43,"enemies":"3 Cultists","floor":24,"turns":5},{"damage":31,"enemies":"Snake Plant","floor":30,"turns":4},{"damage":16,"enemies":"Slaver and Parasite","floor":31,"turns":6},{"damage":78,"enemies":"Champ","floor":33,"turns":10}],"seed_played":"2758063303023660140","potions_obtained":[{"floor":6,"key":"BloodPotion"},{"floor":7,"key":"Regen Potion"},{"floor":10,"key":"Fire Potion"},{"floor":11,"key":"SkillPotion"},{"floor":16,"key":"SpeedPotion"},{"floor":19,"key":"Ancient Potion"},{"floor":23,"key":"GamblersBrew"},{"floor":30,"key":"FairyPotion"}],"is_trial":false,"path_per_floor":["M","?","M","M","M","E","M","?","T","E","M","M","$","E","R","B",null,"M","M","?","?","?","E","M","$","T","R","$","?","M","M","R"],"character_chosen":"IRONCLAD","items_purchased":["Headbutt","Blood Vial","Madness","Shrug It Off"],"campfire_rested":3,"item_purchase_floors":[13,13,25,28],"current_hp_per_floor":[80,80,80,80,61,37,32,52,52,38,43,44,44,30,54,62,80,76,53,53,47,47,31,8,8,8,36,36,36,13,20,48,0],"gold":36,"neow_bonus":"THREE_ENEMY_KILL","is_prod":false,"is_daily":false,"chose_seed":false,"campfire_upgraded":0,"win_rate":0.0,"timestamp":1530341572,"path_taken":["M","?","M","M","M","E","?","?","T","E","M","M","?","E","R","BOSS","M","M","?","?","?","E","M","$","T","R","$","?","M","M","R","BOSS"],"build_version":"2018-06-28","purchased_purges":2,"victory":false,"max_hp_per_floor":[80,80,80,80,80,80,80,80,80,80,80,80,80,80,80,80,80,80,84,84,84,84,95,95,95,95,95,95,95,95,95,95,95],"card_choices":[{"not_picked":["Heavy Blade","Thunderclap"],"picked":"Armaments","floor":1},{"not_picked":["Heavy Blade","Iron Wave"],"picked":"Headbutt","floor":3},{"not_picked":["Intimidate","Combust","Twin Strike"],"picked":"SKIP","floor":4},{"not_picked":["Warcry","Thunderclap"],"picked":"Infernal Blade","floor":5},{"not_picked":["Anger","Body Slam","Fiend Fire"],"picked":"SKIP","floor":6},{"not_picked":["Intimidate","Heavy Blade"],"picked":"Headbutt","floor":7},{"not_picked":["Thunderclap","True Grit","Sever Soul"],"picked":"SKIP","floor":10},{"not_picked":["Cleave","Anger"],"picked":"Pommel Strike","floor":11},{"not_picked":["Dropkick","Entrench"],"picked":"Rampage","floor":12},{"not_picked":["Seeing Red","Intimidate"],"picked":"Double Tap","floor":14},{"not_picked":["Bludgeon","Fiend Fire"],"picked":"Feed","floor":16},{"not_picked":["Shrug It Off","Iron Wave","Twin Strike+1"],"picked":"SKIP","floor":18},{"not_picked":["Heavy Blade","Perfected Strike"],"picked":"Armaments+1","floor":19},{"not_picked":["Iron Wave+1","Heavy Blade","Headbutt"],"picked":"SKIP","floor":23},{"not_picked":["Combust+1","Seeing Red","Perfected Strike+1"],"picked":"SKIP","floor":24},{"not_picked":["True Grit","Rupture+1","Body Slam"],"picked":"SKIP","floor":30},{"not_picked":["Armaments","Warcry","Uppercut+1"],"picked":"SKIP","floor":31}],"player_experience":6079,"relics_obtained":[{"floor":6,"key":"Mercury Hourglass"},{"floor":9,"key":"Mummified Hand"},{"floor":10,"key":"Shuriken"},{"floor":14,"key":"Frozen Egg 2"},{"floor":23,"key":"Strawberry"},{"floor":26,"key":"War Paint"}],"event_choices":[{"event_name":"Purifier","player_choice":"One Purge","floor":2,"damage_taken":0},{"event_name":"Mushrooms","player_choice":"Healed and dodged fight","floor":8,"damage_taken":0},{"event_name":"The Library","player_choice":"Read","floor":20,"damage_taken":0},{"event_name":"Nest","player_choice":"Joined the Cult","floor":21,"damage_taken":0},{"event_name":"Back to Basics","player_choice":"Elegance","floor":22,"damage_taken":0},{"event_name":"Accursed Blacksmith","player_choice":"Forge","floor":29,"damage_taken":0}],"boss_relics":[{"not_picked":["Cursed Key","Black Blood"],"picked":"Runic Pyramid"}],"items_purged_floors":[13,25],"is_endless":false,"potions_floor_spawned":[6,7,10,11,16,19,23,30],"killed_by":"Champ","ascension_level":0}