{"gold_per_floor":[115,115,128,203,203,203,222,322,345,362,362,396,413,146,146,247,247,260,294,294,294,219,219,237,271,317,342,357,72,105,121,121,226,226,244,260,277,277,152,152,164,192,192,29,29,54,54,65,65,65],"floor_reached":51,"playtime":2502,"items_purged":["Strike_B","Defend_B","Defend_B"],"score":938,"play_id":"f42c669a-1a5d-4aae-b36a-dac6e67dc024","local_time":"20191022030553","is_ascension_mode":false,"campfire_choices":[{"data":"Dualcast","floor":6,"key":"SMITH"},{"data":"Defragment","floor":11,"key":"SMITH"},{"data":"Defragment","floor":15,"key":"SMITH"},{"data":"Chill","floor":23,"key":"SMITH"},{"data":"Chaos","floor":32,"key":"SMITH"},{"data":"Rainbow","floor":40,"key":"SMITH"},{"data":"Electrodynamics","floor":47,"key":"SMITH"},{"data":"Coolheaded","floor":49,"key":"SMITH"}],"neow_cost":"NONE","seed_source_timestamp":22343610493324,"circlet_count":0,"master_deck":["Strike_B+1","Strike_B+1","Zap+1","Dualcast+1","Defragment+1","Chill+1","Cold Snap","Self Repair","Defragment+1","Cold Snap","Core Surge","Coolheaded+1","Rebound+1","Rainbow+1","Chaos+1","Hologram+1","Electrodynamics+1","Chill+1","Machine Learning+1"],"relics":["Black Star","Mango","Whetstone","Blood Vial","InkBottle","DataDisk","SacredBark","Red Mask","Enchiridion","Anchor","Mercury Hourglass","Lizard Tail","Potion Belt","Omamori","Gremlin Horn","Runic Capacitor","Art of War","Boot","Empty Cage","Frozen Egg 2","Bag of Preparation","MealTicket","Regal Pillow","Sundial"],"potions_floor_usage":[18,50,50,50,50,50],"damage_taken":[{"damage":1,"enemies":"Jaw Worm","floor":1,"turns":4},{"damage":1,"enemies":"2 Louse","floor":3,"turns":3},{"damage":1,"enemies":"Cultist","floor":7,"turns":3},{"damage":3,"enemies":"3 Louse","floor":10,"turns":5},{"damage":39,"enemies":"Gremlin Nob","floor":12,"turns":6},{"damage":13,"enemies":"Gremlin Gang","floor":13,"turns":4},{"damage":7,"enemies":"Hexaghost","floor":16,"turns":12},{"damage":0,"enemies":"3 Byrds","floor":18,"turns":6},{"damage":0,"enemies":"Masked Bandits","floor":19,"turns":7},{"damage":0,"enemies":"Shell Parasite","floor":24,"turns":6},{"damage":0,"enemies":"Gremlin Leader","floor":25,"turns":9},{"damage":5,"enemies":"Slavers","floor":27,"turns":10},{"damage":7,"enemies":"Snecko","floor":28,"turns":4},{"damage":0,"enemies":"Gremlin Leader","floor":30,"turns":6},{"damage":0,"enemies":"Centurion and Healer","floor":31,"turns":6},{"damage":0,"enemies":"Automaton","floor":33,"turns":8},{"damage":0,"enemies":"Orb Walker","floor":35,"turns":3},{"damage":0,"enemies":"3 Shapes","floor":36,"turns":3},{"damage":0,"enemies":"Jaw Worm Horde","floor":37,"turns":3},{"damage":7,"enemies":"Maw","floor":41,"turns":6},{"damage":0,"enemies":"Giant Head","floor":42,"turns":7},{"damage":0,"enemies":"Nemesis","floor":46,"turns":6},{"damage":5,"enemies":"Transient","floor":48,"turns":5},{"damage":5,"enemies":"Awakened One","floor":50,"turns":7}],"seed_played":"3400513483581966743","potions_obtained":[{"floor":3,"key":"SmokeBomb"},{"floor":10,"key":"PotionOfCapacity"},{"floor":12,"key":"Ancient Potion"},{"floor":18,"key":"Fruit Juice"},{"floor":25,"key":"Regen Potion"},{"floor":28,"key":"DuplicationPotion"},{"floor":30,"key":"SpeedPotion"},{"floor":36,"key":"PowerPotion"},{"floor":46,"key":"Strength Potion"},{"floor":48,"key":"DuplicationPotion"}],"is_trial":false,"path_per_floor":["M","?","M","?","?","R","M","?","T","M","R","E","M","$","R","B",null,"M","?","?","T","?","R","M","E","T","E","M","$","E","M","R","B",null,"M","M","M","?","$","R","M","E","T","$","?","E","R","M","R","B",null],"character_chosen":"DEFECT","items_purchased":["DataDisk","Cold Snap","Runic Capacitor","Chaos","Machine Learning+1"],"campfire_rested":0,"item_purchase_floors":[14,14,29,29,44],"current_hp_per_floor":[74,81,80,69,69,69,68,68,68,65,65,26,22,22,22,24,89,99,99,83,83,83,83,92,99,99,99,99,99,99,99,99,99,99,99,99,99,94,94,94,94,94,94,94,94,94,94,94,94,89],"gold":65,"neow_bonus":"BOSS_RELIC","is_prod":false,"is_daily":false,"chose_seed":false,"campfire_upgraded":8,"win_rate":0,"timestamp":1571681153,"path_taken":["M","?","M","?","?","R","?","?","T","M","R","E","?","$","R","BOSS","M","?","?","?","?","R","M","E","T","E","?","?","E","M","R","BOSS","M","M","M","?","$","R","M","E","T","$","?","E","R","M","R","BOSS"],"build_version":"2019-10-18","purchased_purges":3,"victory":true,"max_hp_per_floor":[75,89,89,89,89,89,89,89,89,89,89,89,89,89,89,89,89,99,99,99,99,99,99,99,99,99,99,99,99,99,99,99,99,99,99,99,99,94,94,94,94,94,94,94,94,94,94,94,94,94],"card_choices":[{"not_picked":["Beam Cell","Streamline"],"picked":"Defragment","floor":1},{"not_picked":["Barrage","Conserve Battery","Darkness"],"picked":"SKIP","floor":3},{"not_picked":["Conserve Battery","Barrage"],"picked":"Chill","floor":7},{"not_picked":["Turbo","Sweeping Beam"],"picked":"Cold Snap","floor":10},{"not_picked":["Go for the Eyes","Creative AI"],"picked":"Self Repair","floor":12},{"not_picked":["Sunder","Ball Lightning"],"picked":"Defragment","floor":13},{"not_picked":["Meteor Strike","Hyperbeam"],"picked":"Core Surge","floor":16},{"not_picked":["Genetic Algorithm+1","Gash","Hologram"],"picked":"SKIP","floor":18},{"not_picked":["Streamline","Glacier"],"picked":"Coolheaded","floor":19},{"not_picked":["Darkness","Compile Driver+1"],"picked":"Rebound+1","floor":24},{"not_picked":["Beam Cell","Sweeping Beam+1"],"picked":"Rainbow","floor":25},{"not_picked":["Streamline","Sweeping Beam","Compile Driver"],"picked":"SKIP","floor":27},{"not_picked":["Steam","Aggregate","Undo"],"picked":"SKIP","floor":28},{"not_picked":["Ball Lightning","Sweeping Beam+1"],"picked":"Hologram+1","floor":30},{"not_picked":["Fusion","Beam Cell"],"picked":"Electrodynamics","floor":31},{"not_picked":["Hologram+1","Leap","Stack"],"picked":"SKIP","floor":35},{"not_picked":["Leap","Turbo+1"],"picked":"Chill+1","floor":36},{"not_picked":["Stack","Gash+1","Steam+1"],"picked":"SKIP","floor":37},{"not_picked":["Rebound+1","Hologram","Streamline"],"picked":"SKIP","floor":41},{"not_picked":["Double Energy","Rainbow","Hologram+1"],"picked":"SKIP","floor":42},{"not_picked":["Rip and Tear+1","Gash","Doom and Gloom"],"picked":"SKIP","floor":46},{"not_picked":["Conserve Battery","Consume+1","Force Field+1"],"picked":"SKIP","floor":48}],"player_experience":621912,"relics_obtained":[{"floor":9,"key":"Whetstone"},{"floor":12,"key":"Blood Vial"},{"floor":12,"key":"InkBottle"},{"floor":19,"key":"Red Mask"},{"floor":20,"key":"Enchiridion"},{"floor":21,"key":"Anchor"},{"floor":25,"key":"Mercury Hourglass"},{"floor":25,"key":"Lizard Tail"},{"floor":26,"key":"Potion Belt"},{"floor":27,"key":"Omamori"},{"floor":27,"key":"Gremlin Horn"},{"floor":30,"key":"Art of War"},{"floor":30,"key":"Boot"},{"floor":42,"key":"Frozen Egg 2"},{"floor":42,"key":"Bag of Preparation"},{"floor":43,"key":"MealTicket"},{"floor":46,"key":"Regal Pillow"},{"floor":46,"key":"Sundial"}],"event_choices":[{"damage_healed":0,"gold_gain":0,"player_choice":"Success","damage_taken":7,"relics_obtained":["Mango"],"max_hp_gain":0,"max_hp_loss":0,"event_name":"Scrap Ooze","floor":2,"gold_loss":0},{"damage_healed":0,"gold_gain":75,"player_choice":"Gather Gold","damage_taken":11,"max_hp_gain":0,"max_hp_loss":0,"event_name":"World of Goop","floor":4,"gold_loss":0},{"damage_healed":0,"gold_gain":0,"player_choice":"Forge","damage_taken":0,"max_hp_gain":0,"max_hp_loss":0,"event_name":"Accursed Blacksmith","floor":5,"gold_loss":0,"cards_upgraded":["Zap"]},{"damage_healed":0,"gold_gain":100,"player_choice":"Pray","damage_taken":0,"max_hp_gain":0,"max_hp_loss":0,"event_name":"Golden Shrine","floor":8,"gold_loss":0},{"damage_healed":0,"gold_gain":0,"player_choice":"Fought Bandits","damage_taken":0,"max_hp_gain":0,"max_hp_loss":0,"event_name":"Masked Bandits","floor":19,"gold_loss":0},{"damage_healed":0,"gold_gain":0,"player_choice":"Obtained Book","damage_taken":16,"max_hp_gain":0,"max_hp_loss":0,"event_name":"Cursed Tome","floor":20,"gold_loss":0},{"cards_removed":["Strike_B"],"damage_healed":0,"gold_gain":0,"player_choice":"Gave Gold","damage_taken":0,"max_hp_gain":0,"max_hp_loss":0,"event_name":"Beggar","floor":22,"gold_loss":75},{"damage_healed":0,"gold_gain":0,"player_choice":"Max HP","damage_taken":0,"max_hp_gain":0,"max_hp_loss":5,"event_name":"Winding Halls","floor":38,"gold_loss":0},{"damage_healed":0,"gold_gain":0,"player_choice":"Memory 1","damage_taken":0,"max_hp_gain":0,"max_hp_loss":0,"event_name":"SensoryStone","floor":45,"gold_loss":0}],"is_beta":true,"boss_relics":[{"not_picked":["Pandora\u0027s Box","Snecko Eye"],"picked":"SacredBark"},{"not_picked":["Sozu","Astrolabe"],"picked":"Empty Cage"}],"items_purged_floors":[14,29,39],"is_endless":false,"potions_floor_spawned":[3,10,12,18,25,28,30,36,46,48],"ascension_level":0}