{"gold_per_floor":[115,65,79,79,104,140,140,155,155,155],"floor_reached":10,"playtime":730,"items_purged":[],"score":68,"play_id":"5dac8d59-73ec-4510-9f9d-e1c3d955aa51","local_time":"20180704211131","is_ascension_mode":false,"campfire_choices":[],"neow_cost":"","seed_source_timestamp":3216287575496,"circlet_count":0,"master_deck":["Strike_B","Strike_B","Strike_B","Defend_B","Defend_B","Defend_B","Defend_B","Zap","Dualcast","Coolheaded","Ball Lightning","Hologram","Go for the Eyes"],"relics":["Cracked Core","Golden Idol","Dodecahedron","Juzu Bracelet","Toolbox"],"potions_floor_usage":[10],"damage_taken":[{"damage":1,"enemies":"Jaw Worm","floor":1,"turns":3},{"damage":2,"enemies":"2 Louse","floor":3,"turns":4},{"damage":0,"enemies":"Cultist","floor":5,"turns":3},{"damage":20,"enemies":"3 Sentries","floor":6,"turns":7},{"damage":10,"enemies":"Red Slaver","floor":8,"turns":2},{"damage":12,"enemies":"Lagavulin","floor":10,"turns":7}],"seed_played":"-8329880361012640038","potions_obtained":[{"floor":1,"key":"SpeedPotion"},{"floor":6,"key":"FearPotion"}],"is_trial":false,"path_per_floor":["M","?","M","?","M","E","?","M","T"],"character_chosen":"DEFECT","items_purchased":[],"campfire_rested":0,"item_purchase_floors":[],"current_hp_per_floor":[74,74,72,54,54,34,22,12,12,0],"gold":155,"neow_bonus":"","is_prod":false,"is_daily":false,"chose_seed":false,"campfire_upgraded":0,"win_rate":0,"timestamp":1530709891,"path_taken":["M","?","M","?","?","E","?","M","T","E"],"build_version":"2018-06-28","purchased_purges":0,"victory":false,"max_hp_per_floor":[75,75,75,75,75,75,75,75,75,75],"card_choices":[{"not_picked":["Hello World","Force Field"],"picked":"Coolheaded","floor":1},{"not_picked":["Cold Snap","Turbo"],"picked":"Ball Lightning","floor":3},{"not_picked":["Coolheaded","Double Energy"],"picked":"Hologram","floor":5},{"not_picked":["Streamline","Genetic Algorithm","Storm"],"picked":"SKIP","floor":6},{"not_picked":["Reinforced Body","Beam Cell"],"picked":"Go for the Eyes","floor":8}],"player_experience":61486,"relics_obtained":[{"floor":6,"key":"Dodecahedron"},{"floor":9,"key":"Toolbox"}],"event_choices":[{"event_name":"The Cleric","player_choice":"Card Removal","floor":2,"damage_taken":0},{"event_name":"Golden Idol","player_choice":"Take Damage","floor":4,"damage_taken":0},{"event_name":"Scrap Ooze","player_choice":"success","floor":7,"damage_taken":12}],"boss_relics":[],"items_purged_floors":[],"is_endless":false,"potions_floor_spawned":[1,6],"killed_by":"Lagavulin","ascension_level":0}