{"gold_per_floor":[117,137,137,154,154,189,189,139,166,209,228,244,263,286,286,410,410,423,338,169,169,69,98,98,148,148,148,162,162],"floor_reached":29,"playtime":2468,"items_purged":["Defend_R","Strike_R"],"score":266,"play_id":"080b9254-f36a-4005-bb19-33f906628bd0","local_time":"20180701221050","is_ascension_mode":true,"campfire_choices":[{"floor":7.0,"key":"REST"},{"floor":15.0,"key":"REST"},{"floor":24.0,"key":"REST"}],"neow_cost":"","seed_source_timestamp":0,"circlet_count":0,"master_deck":["Bash","Armaments","Anger","Flex","Flash of Steel"],"special_seed":0,"relics":["Runic Pyramid","Bloody Idol","Dream Catcher","Boot","Omamori","Empty Cage","Pen Nib","Self Forming Clay","Nloth\u0027s Gift"],"potions_floor_usage":[],"damage_taken":[{"damage":0.0,"enemies":"2 Louse","floor":1.0,"turns":5.0},{"damage":5.0,"enemies":"Small Slimes","floor":2.0,"turns":5.0},{"damage":0.0,"enemies":"Jaw Worm","floor":4.0,"turns":3.0},{"damage":30.0,"enemies":"Lagavulin","floor":6.0,"turns":8.0},{"damage":21.0,"enemies":"3 Sentries","floor":10.0,"turns":9.0},{"damage":7.0,"enemies":"Large Slime","floor":11.0,"turns":5.0},{"damage":19.0,"enemies":"Exordium Wildlife","floor":12.0,"turns":5.0},{"damage":2.0,"enemies":"3 Louse","floor":13.0,"turns":4.0},{"damage":2.0,"enemies":"Large Slime","floor":14.0,"turns":6.0},{"damage":33.0,"enemies":"Hexaghost","floor":16.0,"turns":10.0},{"damage":23.0,"enemies":"2 Thieves","floor":18.0,"turns":5.0},{"damage":49.0,"enemies":"Gremlin Leader","floor":23.0,"turns":8.0},{"damage":19,"enemies":"3 Byrds","floor":28,"turns":4},{"damage":0,"enemies":"Snake Plant","floor":29,"turns":1}],"seed_played":"8295298125064351000","potions_obtained":[{"floor":1.0,"key":"Weak Potion"},{"floor":2.0,"key":"Swift Potion"},{"floor":11.0,"key":"Regen Potion"},{"floor":13.0,"key":"Poison Potion"},{"floor":28,"key":"GamblersBrew"}],"is_trial":false,"path_per_floor":["M","M","?","M","?","E","R","?","T","E","M","M","M","M","R","B",null,"M","?","$","?","$","E","R","?","T","?","M"],"character_chosen":"IRONCLAD","items_purchased":["Flash of Steel"],"campfire_rested":3,"item_purchase_floors":[],"current_hp_per_floor":[80,75,75,75,55,25,49,49,49,28,21,14,12,10,34,1,80,57,57,57,57,57,13,37,42,42,42,28,28],"gold":162,"neow_bonus":"","is_prod":false,"is_daily":false,"chose_seed":false,"campfire_upgraded":0,"win_rate":0,"timestamp":1530454250,"path_taken":["M","M","?","M","?","E","R","?","T","E","M","?","?","M","R","BOSS","M","?","$","?","$","E","R","?","T","?","E","?"],"build_version":"2018-06-28","purchased_purges":2,"victory":false,"max_hp_per_floor":[80,80,80,80,80,80,80,80,80,80,80,80,80,80,80,80,80,80,80,80,80,80,80,80,80,80,80,80,80],"card_choices":[{"not_picked":["Pommel Strike","Metallicize"],"picked":"Armaments","floor":1.0},{"not_picked":["Wild Strike","Clothesline"],"picked":"Anger","floor":2.0},{"not_picked":["Headbutt","Shrug It Off","Clash"],"picked":"SKIP","floor":4.0},{"not_picked":["Clothesline","Sever Soul","Perfected Strike"],"picked":"SKIP","floor":6.0},{"not_picked":["Armaments","Demon Form","Combust"],"picked":"SKIP","floor":10.0},{"not_picked":["Iron Wave","Sword Boomerang","Corruption"],"picked":"SKIP","floor":11.0},{"not_picked":["Twin Strike","Carnage","Feel No Pain"],"picked":"SKIP","floor":12.0},{"not_picked":["Iron Wave","Seeing Red","Shrug It Off"],"picked":"SKIP","floor":13.0},{"not_picked":["Cleave","Evolve","Headbutt"],"picked":"SKIP","floor":14.0},{"not_picked":["Sever Soul","Wild Strike"],"picked":"Flex","floor":18.0},{"not_picked":["Demon Form","Disarm","Rage"],"picked":"SKIP","floor":23.0},{"not_picked":["Dropkick","Armaments","Body Slam"],"picked":"SKIP","floor":28}],"player_experience":43346,"relics_obtained":[{"floor":6.0,"key":"Dream Catcher"},{"floor":9.0,"key":"Boot"},{"floor":10.0,"key":"Omamori"},{"floor":23.0,"key":"Pen Nib"},{"floor":26.0,"key":"Self Forming Clay"}],"event_choices":[{"event_name":"Living Wall","player_choice":"Forget","floor":3.0,"damage_taken":0.0},{"event_name":"Golden Idol","player_choice":"Take Damage","floor":5.0,"damage_taken":0.0},{"event_name":"The Cleric","player_choice":"Card Removal","floor":8.0,"damage_taken":0.0},{"event_name":"Addict","player_choice":"Obtained Relic","floor":19.0,"damage_taken":0.0},{"event_name":"Forgotten Altar","player_choice":"Gave Idol","floor":21.0,"damage_taken":0.0},{"event_name":"The Joust","player_choice":"Bet on Murderer","floor":25.0,"damage_taken":0.0},{"event_name":"N\u0027loth","player_choice":"Traded a Potion Belt","floor":27.0,"damage_taken":0.0}],"boss_relics":[{"not_picked":["White Beast Statue","Fusion Hammer"],"picked":"Empty Cage"}],"items_purged_floors":[],"is_endless":false,"potions_floor_spawned":[1,2,11,13,28],"killed_by":"Snake Plant","ascension_level":1}