{"gold_per_floor":[116,136,152,164,184,213,213,244,324,341,368,382,382,396,396,396],"floor_reached":16,"playtime":721,"items_purged":[],"score":116,"play_id":"a5e1737a-a9de-43bb-a11b-a29a6afd364a","local_time":"20190926222253","is_ascension_mode":false,"campfire_choices":[{"data":"Eruption","floor":7,"key":"SMITH"},{"data":"FearNoEvil","floor":13,"key":"SMITH"},{"data":"WaveOfTheHand","floor":15,"key":"SMITH"}],"neow_cost":"NONE","seed_source_timestamp":10547433223541,"circlet_count":0,"master_deck":["Strike_P","Strike_P","Strike_P","Strike_P","Defend_P","Defend_P","Defend_P","Defend_P","Eruption+1","Vigilance","Halt","FearNoEvil+1","BowlingBash","WaveOfTheHand+1","EmptyBody"],"special_seed":0,"relics":["Sozu","HornCleat","Yang","Tiny Chest","Anchor"],"potions_floor_usage":[],"damage_taken":[{"damage":0.0,"enemies":"Cultist","floor":1.0,"turns":2.0},{"damage":0.0,"enemies":"Jaw Worm","floor":2.0,"turns":3.0},{"damage":0.0,"enemies":"Small Slimes","floor":3.0,"turns":2.0},{"damage":2.0,"enemies":"Blue Slaver","floor":4.0,"turns":2.0},{"damage":2.0,"enemies":"Looter","floor":5.0,"turns":3.0},{"damage":14,"enemies":"3 Sentries","floor":6,"turns":7},{"damage":22,"enemies":"Gremlin Nob","floor":8,"turns":4},{"damage":1,"enemies":"Large Slime","floor":10,"turns":6},{"damage":0,"enemies":"Red Slaver","floor":12,"turns":2},{"damage":0,"enemies":"3 Louse","floor":14,"turns":3},{"damage":25,"enemies":"Hexaghost","floor":16,"turns":9}],"seed_played":"978401884899544949","potions_obtained":[],"is_trial":false,"path_per_floor":["M","M","M","M","M","E","R","E","T","M","T","M","R","M","R","B"],"character_chosen":"WATCHER","items_purchased":[],"campfire_rested":0,"item_purchase_floors":[],"current_hp_per_floor":[65,65,65,63,61,47,47,25,25,24,24,24,24,24,24,0],"gold":396,"neow_bonus":"BOSS_RELIC","is_prod":false,"is_daily":false,"chose_seed":false,"campfire_upgraded":3,"win_rate":0,"timestamp":1569504173,"path_taken":["M","?","M","M","M","E","R","E","T","M","?","M","R","M","R","BOSS"],"build_version":"2019-09-25","purchased_purges":0,"victory":false,"max_hp_per_floor":[65,65,65,65,65,65,65,65,65,65,65,65,65,65,65,65],"card_choices":[{"not_picked":["ClearTheMind","Sanctity"],"picked":"Halt","floor":1.0},{"not_picked":["Crescendo","Meditate"],"picked":"FearNoEvil","floor":2.0},{"not_picked":["DevaForm","Crescendo","CleanseEvil"],"picked":"SKIP","floor":3.0},{"not_picked":["Consecrate","CutThroughFate"],"picked":"BowlingBash","floor":4.0},{"not_picked":["WreathOfFlame","FlyingSleeves"],"picked":"WaveOfTheHand","floor":5.0},{"not_picked":["ForeignInfluence","EmptyBody","BattleHymn"],"picked":"SKIP","floor":6},{"not_picked":["ThirdEye","DevaForm"],"picked":"EmptyBody","floor":8},{"not_picked":["BattleHymn","ThirdEye","PathToVictory"],"picked":"SKIP","floor":10},{"not_picked":["EmptyBody","Protect","ClearTheMind"],"picked":"SKIP","floor":12},{"not_picked":["ThirdEye","EmptyBody","ClearTheMind"],"picked":"SKIP","floor":14}],"player_experience":543218,"relics_obtained":[{"floor":6,"key":"HornCleat"},{"floor":8,"key":"Yang"},{"floor":9,"key":"Tiny Chest"},{"floor":11,"key":"Anchor"}],"event_choices":[],"is_beta":true,"boss_relics":[],"items_purged_floors":[],"is_endless":false,"potions_floor_spawned":[2,5,6,10],"killed_by":"Hexaghost","ascension_level":0}