{"gold_per_floor":[112,112,112,130,29,29,45,76,100,16,43,43,43,62,62,136,136,146,146,158,158],"floor_reached":21,"playtime":444,"items_purged":[],"score":374,"play_id":"5aca4627-86de-4572-b413-367c9462209e","local_time":"20190512115548","is_ascension_mode":true,"campfire_choices":[{"data":"Whirlwind","floor":6,"key":"SMITH"},{"data":"Flex","floor":13,"key":"SMITH"},{"floor":15,"key":"REST"}],"neow_cost":"NONE","seed_source_timestamp":88064014082277,"circlet_count":0,"master_deck":["AscendersBane","Strike_R","Strike_R","Strike_R","Strike_R","Defend_R","Defend_R","Defend_R","Defend_R","Bash","Impervious","Spot Weakness","Flex+1","Whirlwind+1","Thunderclap","Twin Strike","Inflame","Flex","Sword Boomerang","Berserk"],"relics":["Burning Blood","Red Skull","Shuriken","MawBank","FossilizedHelix","Sozu"],"potions_floor_usage":[8,11,11],"damage_taken":[{"damage":4,"enemies":"2 Louse","floor":1,"turns":4},{"damage":7,"enemies":"Small Slimes","floor":4,"turns":4},{"damage":2,"enemies":"Jaw Worm","floor":7,"turns":4},{"damage":15,"enemies":"3 Sentries","floor":8,"turns":6},{"damage":20,"enemies":"Gremlin Nob","floor":11,"turns":4},{"damage":0,"enemies":"2 Fungi Beasts","floor":14,"turns":2},{"damage":10,"enemies":"The Guardian","floor":16,"turns":8},{"damage":22,"enemies":"2 Thieves","floor":18,"turns":4},{"damage":9,"enemies":"Chosen","floor":20,"turns":4},{"damage":24,"enemies":"Snake Plant","floor":21,"turns":3}],"seed_played":"-6957001589764419122","potions_obtained":[{"floor":1,"key":"GamblersBrew"},{"floor":4,"key":"Block Potion"},{"floor":8,"key":"Poison Potion"}],"is_trial":false,"path_per_floor":["M","?","?","M","$","R","M","E","T","$","E","?","R","M","R","B",null,"M","?","M","M"],"character_chosen":"IRONCLAD","items_purchased":["Flex","Whirlwind","Inflame","Flex"],"campfire_rested":1,"item_purchase_floors":[5,5,10,10],"current_hp_per_floor":[70,75,57,56,56,56,60,51,51,51,37,37,37,43,67,63,76,60,56,53,29],"gold":158,"neow_bonus":"TRANSFORM_CARD","is_prod":false,"is_daily":false,"chose_seed":false,"campfire_upgraded":2,"win_rate":0,"timestamp":1557654948,"path_taken":["M","?","?","M","$","R","M","E","T","?","E","?","R","M","R","BOSS","M","?","M","?"],"build_version":"2019-01-23","purchased_purges":0,"victory":false,"max_hp_per_floor":[75,80,80,80,80,80,80,80,80,80,80,80,80,80,80,80,80,80,80,80,80],"card_choices":[{"not_picked":["Feel No Pain","Havoc","Heavy Blade"],"picked":"SKIP","floor":1},{"not_picked":["Shrug It Off","Ghostly Armor"],"picked":"Spot Weakness","floor":4},{"not_picked":["Rupture","Cleave"],"picked":"Thunderclap","floor":7},{"not_picked":["Anger","Metallicize"],"picked":"Twin Strike","floor":8},{"not_picked":["Pommel Strike","Havoc","Clothesline"],"picked":"SKIP","floor":11},{"not_picked":["Dropkick","Shrug It Off"],"picked":"Sword Boomerang","floor":14},{"not_picked":["Juggernaut","Brutality"],"picked":"Berserk","floor":16},{"not_picked":["Ghostly Armor","Burning Pact+1","Pommel Strike"],"picked":"SKIP","floor":18},{"not_picked":["Sever Soul","Armaments","Ghostly Armor"],"picked":"SKIP","floor":20}],"player_experience":878762,"relics_obtained":[{"floor":8,"key":"Shuriken"},{"floor":9,"key":"MawBank"},{"floor":11,"key":"FossilizedHelix"}],"event_choices":[{"damage_healed":0,"gold_gain":0,"player_choice":"Donut","damage_taken":0,"max_hp_gain":5,"max_hp_loss":0,"event_name":"Big Fish","floor":2,"gold_loss":0},{"damage_healed":0,"gold_gain":0,"player_choice":"Success","damage_taken":18,"relics_obtained":["Red Skull"],"max_hp_gain":0,"max_hp_loss":0,"event_name":"Scrap Ooze","floor":3,"gold_loss":0},{"damage_healed":0,"gold_gain":0,"player_choice":"Ignored","damage_taken":0,"max_hp_gain":0,"max_hp_loss":0,"event_name":"Golden Idol","floor":12,"gold_loss":0},{"damage_healed":0,"gold_gain":0,"player_choice":"Bought 0 Potions","damage_taken":0,"max_hp_gain":0,"max_hp_loss":0,"event_name":"The Woman in Blue","floor":19,"gold_loss":0}],"is_beta":false,"boss_relics":[{"not_picked":["Astrolabe","Busted Crown"],"picked":"Sozu"}],"items_purged_floors":[],"is_endless":false,"potions_floor_spawned":[1,4,8],"killed_by":"Snake Plant","ascension_level":20}