{"gold_per_floor":[109,129,54,54,129,163,185,197,233,257,299,328,371,393,405,513,525,556,568,590,619,546,586,598,622,634,679,691],"floor_reached":28,"playtime":1595,"items_purged":["Defend_B"],"score":308,"play_id":"66201917-8e19-41e8-8843-aae2ba14b001","local_time":"20180720131521","is_ascension_mode":true,"campfire_choices":[{"data":"Machine Learning","floor":8.0,"key":"SMITH"},{"floor":15.0,"key":"REST"},{"floor":24.0,"key":"REST"}],"neow_cost":"NONE","seed_source_timestamp":15956647778423,"circlet_count":0,"master_deck":["Strike_B","Strike_B","Defend_B","Defend_B","Zap","Dualcast","Sunder+1","Chaos+1","Machine Learning+1","Conserve Battery","Genetic Algorithm","Reinforced Body","Cold Snap+1","Conserve Battery","Rainbow","Leap+1","Echo Form+1","Blizzard+1","Lockon+1","Conserve Battery+1","Sweeping Beam+1","Fission","Beam Cell+1"],"special_seed":0,"relics":["Cracked Core","Bronze Scales","MawBank","Potion Belt","Symbiotic Virus","Dream Catcher","Astrolabe","Darkstone Periapt","Blood Vial","Question Card","Whetstone"],"potions_floor_usage":[],"damage_taken":[{"damage":0.0,"enemies":"Cultist","floor":1.0,"turns":3.0},{"damage":4.0,"enemies":"2 Louse","floor":2.0,"turns":2.0},{"damage":8.0,"enemies":"3 Sentries","floor":6.0,"turns":5.0},{"damage":0.0,"enemies":"Small Slimes","floor":7.0,"turns":3.0},{"damage":1.0,"enemies":"2 Fungi Beasts","floor":10.0,"turns":2.0},{"damage":22.0,"enemies":"Lagavulin","floor":11.0,"turns":5.0},{"damage":11.0,"enemies":"3 Louse","floor":12.0,"turns":2.0},{"damage":6.0,"enemies":"3 Sentries","floor":13.0,"turns":4.0},{"damage":9.0,"enemies":"Exordium Wildlife","floor":14.0,"turns":5.0},{"damage":7.0,"enemies":"Hexaghost","floor":16.0,"turns":9.0},{"damage":2.0,"enemies":"Spheric Guardian","floor":18.0,"turns":4.0},{"damage":9.0,"enemies":"Shell Parasite","floor":20.0,"turns":4.0},{"damage":29.0,"enemies":"Centurion and Healer","floor":21.0,"turns":5.0},{"damage":14.0,"enemies":"Book of Stabbing","floor":23.0,"turns":4.0},{"damage":24.0,"enemies":"Snake Plant","floor":25.0,"turns":4.0},{"damage":28.0,"enemies":"Slavers","floor":27.0,"turns":6.0},{"damage":0,"enemies":"Slaver and Parasite","floor":28,"turns":1}],"seed_played":"-1575098126027513343","potions_obtained":[{"floor":6.0,"key":"Weak Potion"},{"floor":7.0,"key":"AttackPotion"},{"floor":12.0,"key":"GamblersBrew"},{"floor":13.0,"key":"Strength Potion"},{"floor":14.0,"key":"Fire Potion"},{"floor":16.0,"key":"LiquidBronze"},{"floor":21.0,"key":"FairyPotion"},{"floor":25.0,"key":"Explosive Potion"},{"floor":27.0,"key":"Strength Potion"}],"is_trial":false,"path_per_floor":["M","M","$","?","?","E","M","R","T","M","E","M","E","M","R","B",null,"M","?","M","M","?","E","R","M","T","E"],"character_chosen":"DEFECT","items_purchased":[],"campfire_rested":2,"item_purchase_floors":[],"current_hp_per_floor":[75,71,71,71,60,52,52,52,52,51,29,18,12,3,25,18,75,73,73,64,35,35,21,43,21,21,4,6],"gold":691,"neow_bonus":"RANDOM_COMMON_RELIC","is_prod":false,"is_daily":false,"chose_seed":false,"campfire_upgraded":1,"win_rate":0,"timestamp":1532063721,"path_taken":["M","?","$","?","?","E","?","R","T","M","E","M","E","M","R","BOSS","M","?","M","M","?","E","R","M","T","E","?"],"build_version":"2018-07-19","purchased_purges":1,"victory":false,"max_hp_per_floor":[75,75,75,75,75,75,75,75,75,75,75,75,75,75,75,75,75,75,75,75,75,75,75,75,75,75,75,75],"card_choices":[{"not_picked":["Cold Snap","Consume"],"picked":"Sunder","floor":1.0},{"not_picked":["Static Discharge","Scrape"],"picked":"Chaos","floor":2.0},{"not_picked":["Stack","Turbo"],"picked":"Machine Learning","floor":6.0},{"not_picked":["Hologram","Turbo"],"picked":"Conserve Battery","floor":7.0},{"not_picked":["Storm","Barrage","Go for the Eyes"],"picked":"SKIP","floor":10.0},{"not_picked":["Steam Power","Redo"],"picked":"Genetic Algorithm","floor":11.0},{"not_picked":["Creative AI","Doom and Gloom","Heatsinks"],"picked":"SKIP","floor":12.0},{"not_picked":["Storm","Steam"],"picked":"Reinforced Body","floor":13.0},{"not_picked":["Genetic Algorithm","Double Energy"],"picked":"Cold Snap","floor":14.0},{"not_picked":["Streamline","Barrage"],"picked":"Conserve Battery","floor":15.0},{"not_picked":["Creative AI","All For One"],"picked":"Rainbow","floor":16.0},{"not_picked":["Skim+1","Redo"],"picked":"Lockon+1","floor":18.0},{"not_picked":["Gash","Hello World","Turbo"],"picked":"SKIP","floor":20.0},{"not_picked":["BootSequence","Tempest"],"picked":"Conserve Battery+1","floor":21.0},{"not_picked":["Cold Snap","Scrape"],"picked":"Sweeping Beam+1","floor":23.0},{"not_picked":["Darkness","Ball Lightning"],"picked":"Fission","floor":24.0},{"not_picked":["Streamline","Leap"],"picked":"Beam Cell+1","floor":25.0},{"not_picked":["Beam Cell","Electrodynamics","Blizzard","Capacitor"],"picked":"SKIP","floor":27.0}],"player_experience":165756,"relics_obtained":[{"floor":6.0,"key":"MawBank"},{"floor":9.0,"key":"Potion Belt"},{"floor":11.0,"key":"Symbiotic Virus"},{"floor":13.0,"key":"Dream Catcher"},{"floor":23.0,"key":"Blood Vial"},{"floor":26.0,"key":"Question Card"},{"floor":27.0,"key":"Whetstone"}],"event_choices":[{"event_name":"Living Wall","player_choice":"Grow","floor":4.0,"damage_taken":0.0},{"event_name":"World of Goop","player_choice":"Gather Gold","floor":5.0,"damage_taken":0.0},{"event_name":"Drug Dealer","player_choice":"Ignored","floor":19.0,"damage_taken":0.0},{"event_name":"Addict","player_choice":"Obtained Relic","floor":22.0,"damage_taken":0.0}],"is_beta":false,"boss_relics":[{"not_picked":["Runic Dome","Lizard Tail"],"picked":"Astrolabe"}],"items_purged_floors":[3],"is_endless":false,"potions_floor_spawned":[6,7,12,13,14,16,21,25,27],"killed_by":"Slaver and Parasite","ascension_level":2}