{"gold_per_floor":[115,127,127,52,66,97,115,149,228,240,240,258,292,309,309,409,409,425,425,443,368,383,395,427,427,427,437,469,495,395,395,395,493,493,509,522,537,759,420,420,439,439,439,439,466,477,497,528,528,528],"floor_reached":51,"playtime":4078,"items_purged":["Writhe","Strike_G","Defend_G"],"score":796,"play_id":"5570cab5-ce0c-4937-8bcf-2c43deb84174","local_time":"20180728181916","is_ascension_mode":false,"campfire_choices":[{"data":"Neutralize","floor":11.0,"key":"SMITH"},{"data":"Reflex","floor":15.0,"key":"SMITH"},{"data":"Defend_G","floor":25.0,"key":"PURGE"},{"data":"Calculated Gamble","floor":32.0,"key":"SMITH"},{"data":"Choke","floor":40.0,"key":"SMITH"},{"data":"Tools of the Trade","floor":42,"key":"SMITH"},{"data":"Finisher","floor":44,"key":"SMITH"},{"data":"Infinite Blades","floor":49,"key":"SMITH"}],"neow_cost":"NONE","seed_source_timestamp":6445559676286,"circlet_count":0,"master_deck":["Defend_G","Defend_G","Defend_G","Strike_G","Strike_G","Strike_G","Strike_G","Survivor","Neutralize+1","Escape Plan","Escape Plan","Dagger Throw","Backflip","Dagger Throw","Reflex+1","Adrenaline","Calculated Gamble+1","Backflip","Infinite Blades+1","Underhanded Strike","Choke+1","Tools of the Trade+1","Cloak And Dagger+1","Well Laid Plans","Finisher+1","Dash","Endless Agony+1","Tools of the Trade","Dodge and Roll+1","Quick Slash+1","Underhanded Strike+1"],"special_seed":0,"relics":["Calling Bell","Oddly Smooth Stone","Meat on the Bone","Torii","Singing Bowl","Tingsha","Letter Opener","Ancient Tea Set","Philosopher\u0027s Stone","Peace Pipe","Juzu Bracelet","Red Mask","Omamori","Turnip","Sozu","Pen Nib","Molten Egg 2","Smiling Mask","Bag of Preparation"],"potions_floor_usage":[50],"damage_taken":[{"damage":1.0,"enemies":"2 Louse","floor":1.0,"turns":4.0},{"damage":0.0,"enemies":"Small Slimes","floor":2.0,"turns":4.0},{"damage":2.0,"enemies":"Jaw Worm","floor":5.0,"turns":7.0},{"damage":57.0,"enemies":"Gremlin Nob","floor":6.0,"turns":7.0},{"damage":1.0,"enemies":"3 Louse","floor":7.0,"turns":3.0},{"damage":3.0,"enemies":"3 Sentries","floor":8.0,"turns":12.0},{"damage":0.0,"enemies":"Looter","floor":10.0,"turns":3.0},{"damage":2.0,"enemies":"Exordium Thugs","floor":12.0,"turns":4.0},{"damage":25.0,"enemies":"Gremlin Nob","floor":13.0,"turns":5.0},{"damage":1.0,"enemies":"Red Slaver","floor":14.0,"turns":3.0},{"damage":29.0,"enemies":"Slime Boss","floor":16.0,"turns":12.0},{"damage":1.0,"enemies":"Shell Parasite","floor":18.0,"turns":4.0},{"damage":5.0,"enemies":"3 Byrds","floor":20.0,"turns":2.0},{"damage":1.0,"enemies":"Snake Plant","floor":22.0,"turns":3.0},{"damage":11.0,"enemies":"Centurion and Healer","floor":23.0,"turns":4.0},{"damage":9.0,"enemies":"Slavers","floor":24.0,"turns":5.0},{"damage":12.0,"enemies":"Slaver and Parasite","floor":27.0,"turns":5.0},{"damage":0.0,"floor":28.0,"turns":3.0},{"damage":7.0,"enemies":"Book of Stabbing","floor":29.0,"turns":5.0},{"damage":38.0,"enemies":"Collector","floor":33.0,"turns":12.0},{"damage":0.0,"enemies":"Flame Bruiser 1 Orb","floor":35.0,"turns":4.0},{"damage":9.0,"enemies":"3 Darklings","floor":36.0,"turns":4.0},{"damage":11.0,"enemies":"Transient","floor":37.0,"turns":5.0},{"damage":10,"enemies":"Sphere and 2 Shapes","floor":41,"turns":4},{"damage":0,"enemies":"2 Orb Walkers","floor":45,"turns":2},{"damage":28,"enemies":"Spire Growth","floor":46,"turns":3},{"damage":0,"enemies":"3 Darklings","floor":47,"turns":3},{"damage":1,"enemies":"Giant Head","floor":48,"turns":6},{"damage":53,"enemies":"Awakened One","floor":50,"turns":6}],"seed_played":"-5214177592854640919","potions_obtained":[{"floor":1.0,"key":"Weak Potion"},{"floor":7.0,"key":"Strength Potion"},{"floor":10.0,"key":"Strength Potion"},{"floor":12.0,"key":"SteroidPotion"},{"floor":14.0,"key":"Ancient Potion"},{"floor":18.0,"key":"LiquidBronze"},{"floor":22.0,"key":"GamblersBrew"},{"floor":27.0,"key":"GhostInAJar"}],"is_trial":false,"path_per_floor":["M","M","?","$","M","E","M","E","T","M","R","M","E","M","R","B",null,"M","?","M","?","M","M","E","R","T","M","?","E","$","?","R","B",null,"M","M","M","?","$","R","M","R","T","R","E","M","M","E","R","B"],"character_chosen":"THE_SILENT","items_purchased":["Pen Nib","Dash"],"campfire_rested":0,"item_purchase_floors":[39,39],"current_hp_per_floor":[69,69,69,69,67,24,37,46,46,46,46,46,33,46,46,29,78,77,62,57,57,56,47,52,52,52,52,54,47,47,47,47,21,89,89,80,69,69,69,69,59,59,59,59,59,43,55,54,54,13],"gold":528,"neow_bonus":"BOSS_RELIC","is_prod":false,"is_daily":false,"chose_seed":false,"campfire_upgraded":7,"win_rate":0,"timestamp":1532773156,"path_taken":["M","M","?","$","M","E","M","E","T","M","R","M","E","M","R","BOSS","M","?","M","?","M","M","E","R","T","M","?","E","$","?","R","BOSS","M","M","M","?","$","R","M","R","T","R","E","M","M","E","R","BOSS"],"build_version":"2018-07-26","purchased_purges":3,"victory":true,"max_hp_per_floor":[70,70,70,70,70,72,74,74,74,74,74,76,76,78,78,78,78,78,83,83,83,83,85,87,87,87,87,89,89,89,89,89,89,89,89,89,89,89,89,89,89,89,89,89,89,89,89,89,89,89],"card_choices":[{"not_picked":["Backstab","Slice"],"picked":"Escape Plan","floor":1.0},{"not_picked":["Dagger Throw","Underhanded Strike"],"picked":"Escape Plan","floor":2.0},{"not_picked":["Flying Knee","Accuracy"],"picked":"Dagger Throw","floor":5.0},{"not_picked":["PiercingWail","Bouncing Flask","Prepared"],"picked":"Singing Bowl","floor":6.0},{"not_picked":["Finisher","Flechettes","PiercingWail"],"picked":"Singing Bowl","floor":7.0},{"not_picked":["Quick Slash","Crippling Poison"],"picked":"Backflip","floor":8.0},{"not_picked":["Choke","Slice"],"picked":"Dagger Throw","floor":10.0},{"not_picked":["Accuracy","Poisoned Stab","Heel Hook"],"picked":"Singing Bowl","floor":12.0},{"not_picked":["Outmaneuver","Quick Slash"],"picked":"Reflex","floor":13.0},{"not_picked":["Slice","Night Terror","Flying Knee"],"picked":"Singing Bowl","floor":14.0},{"not_picked":["Bullet Time","Die Die Die"],"picked":"Adrenaline","floor":16.0},{"not_picked":["Deflect","Bane"],"picked":"Calculated Gamble","floor":18.0},{"not_picked":["Bane","Deflect+1"],"picked":"Backflip","floor":20.0},{"not_picked":["Bane","Poisoned Stab+1"],"picked":"Infinite Blades","floor":22.0},{"not_picked":["Choke","Quick Slash+1","Wraith Form v2"],"picked":"Singing Bowl","floor":23.0},{"not_picked":["Setup","Blade Dance","Dagger Spray"],"picked":"Singing Bowl","floor":24.0},{"not_picked":["Dagger Throw+1","Deadly Poison+1"],"picked":"Underhanded Strike","floor":27.0},{"not_picked":["Riddle With Holes","Accuracy+1","Predator"],"picked":"Singing Bowl","floor":28.0},{"not_picked":["Setup","Bouncing Flask"],"picked":"Choke","floor":29.0},{"not_picked":["Corpse Explosion","Phantasmal Killer"],"picked":"Tools of the Trade","floor":33.0},{"not_picked":["Outmaneuver+1","Deadly Poison"],"picked":"Cloak And Dagger+1","floor":35.0},{"not_picked":["Calculated Gamble","Blade Dance"],"picked":"Well Laid Plans","floor":36.0},{"not_picked":["Noxious Fumes","Blur"],"picked":"Finisher","floor":37.0},{"not_picked":["Slice+1","Crippling Poison"],"picked":"Endless Agony+1","floor":41},{"not_picked":["Flying Knee+1","Sucker Punch+1"],"picked":"Tools of the Trade","floor":45},{"not_picked":["Flying Knee+1","Expertise+1"],"picked":"Dodge and Roll+1","floor":46},{"not_picked":["Dodge and Roll+1","Slice+1"],"picked":"Quick Slash+1","floor":47},{"not_picked":["Acrobatics","Outmaneuver+1"],"picked":"Underhanded Strike+1","floor":48}],"player_experience":225046,"relics_obtained":[{"floor":0.0,"key":"Oddly Smooth Stone"},{"floor":0.0,"key":"Meat on the Bone"},{"floor":0.0,"key":"Torii"},{"floor":6.0,"key":"Singing Bowl"},{"floor":8.0,"key":"Tingsha"},{"floor":9.0,"key":"Letter Opener"},{"floor":13.0,"key":"Ancient Tea Set"},{"floor":24.0,"key":"Peace Pipe"},{"floor":26.0,"key":"Juzu Bracelet"},{"floor":28.0,"key":"Red Mask"},{"floor":29.0,"key":"Omamori"},{"floor":43,"key":"Molten Egg 2"},{"floor":45,"key":"Smiling Mask"},{"floor":48,"key":"Bag of Preparation"}],"event_choices":[{"event_name":"Living Wall","player_choice":"Forget","floor":3.0,"damage_taken":0.0},{"event_name":"Forgotten Altar","player_choice":"Shed Blood","floor":19.0,"damage_taken":0.0},{"event_name":"Beggar","player_choice":"Gave Gold","floor":21.0,"damage_taken":0.0},{"event_name":"Masked Bandits","player_choice":"Fought over 437 gold","floor":28.0,"damage_taken":0.0},{"event_name":"The Mausoleum","player_choice":"Yes","floor":31.0,"damage_taken":0.0},{"event_name":"Tomb of Lord Red Mask","player_choice":"Wore Mask","floor":38.0,"damage_taken":0.0}],"is_beta":false,"boss_relics":[{"not_picked":["Snecko Eye","Tiny House"],"picked":"Philosopher\u0027s Stone"},{"not_picked":["Runic Dome","Pandora\u0027s Box"],"picked":"Sozu"}],"items_purged_floors":[4,30,39],"is_endless":false,"potions_floor_spawned":[1,7,10,12,14,18,22,27,35,41,48],"ascension_level":0}