{"gold_per_floor":[112,130,205,46,62,91,91,103,126,141,152,180,355,355,355,454,454,473,473,508,524,539,539,869,869,869,869],"floor_reached":27,"playtime":1624,"items_purged":["Strike_B"],"score":292,"play_id":"12c70bb3-5d00-431c-bac3-ddb427c3f9c0","local_time":"20180910000720","is_ascension_mode":true,"campfire_choices":[{"data":"Sunder","floor":7.0,"key":"SMITH"},{"floor":15.0,"key":"REST"},{"data":"Zap","floor":23,"key":"SMITH"},{"data":"Dualcast","floor":25,"key":"SMITH"}],"neow_cost":"","seed_source_timestamp":0,"circlet_count":0,"master_deck":["Strike_B","Strike_B","Strike_B","Defend_B","Defend_B","Defend_B","Defend_B","Zap+1","Dualcast+1","Steam","Sunder+1","FTL","Gash","Leap","Scrape","Cold Snap","Seek","Gash","Conserve Battery","All For One","Sweeping Beam","Ball Lightning+1","Sunder+1","Hologram+1","Normality"],"special_seed":0,"relics":["Cracked Core","Centennial Puzzle","Happy Flower","Ancient Tea Set","Cursed Key","Red Mask","Old Coin","Dodecahedron"],"potions_floor_usage":[16,24,24],"damage_taken":[{"damage":9.0,"enemies":"Jaw Worm","floor":1.0,"turns":3.0},{"damage":0.0,"enemies":"2 Louse","floor":2.0,"turns":2.0},{"damage":0.0,"enemies":"Cultist","floor":5.0,"turns":3.0},{"damage":36.0,"enemies":"Gremlin Nob","floor":6.0,"turns":4.0},{"damage":0.0,"enemies":"Gremlin Gang","floor":8.0,"turns":4.0},{"damage":0.0,"enemies":"Looter","floor":10.0,"turns":3.0},{"damage":0.0,"enemies":"3 Louse","floor":11.0,"turns":2.0},{"damage":12.0,"enemies":"Lagavulin","floor":12.0,"turns":5.0},{"damage":14,"enemies":"Hexaghost","floor":16,"turns":9},{"damage":0,"enemies":"Spheric Guardian","floor":18,"turns":3},{"damage":0,"enemies":"Masked Bandits","floor":20,"turns":3},{"damage":0,"enemies":"Chosen","floor":21,"turns":3},{"damage":6,"enemies":"3 Cultists","floor":22,"turns":3},{"damage":17,"enemies":"Gremlin Leader","floor":24,"turns":4},{"damage":58,"enemies":"Book of Stabbing","floor":27,"turns":5}],"seed_played":"8081717339832190775","potions_obtained":[{"floor":2.0,"key":"SpeedPotion"},{"floor":6.0,"key":"Explosive Potion"},{"floor":10.0,"key":"SteroidPotion"},{"floor":16,"key":"EssenceOfSteel"},{"floor":21,"key":"Explosive Potion"},{"floor":24,"key":"SteroidPotion"}],"is_trial":false,"path_per_floor":["M","M","?","$","M","E","R","M","T","M","M","E","?","?","R","B",null,"M","?","?","M","M","R","E","R","T"],"character_chosen":"DEFECT","items_purchased":["FTL","Gash"],"campfire_rested":1,"item_purchase_floors":[4,4],"current_hp_per_floor":[66,66,55,55,55,19,19,19,19,19,19,7,7,7,29,15,75,75,75,75,75,69,69,52,52,52,0],"gold":869,"neow_bonus":"","is_prod":false,"is_daily":false,"chose_seed":false,"campfire_upgraded":3,"win_rate":0,"timestamp":1536509240,"path_taken":["M","M","?","?","M","E","R","?","T","M","M","E","?","?","R","BOSS","M","?","?","M","?","R","E","R","T","E"],"build_version":"2018-09-06","purchased_purges":1,"victory":false,"max_hp_per_floor":[75,75,75,75,75,75,75,75,75,75,75,75,75,75,75,75,75,75,75,75,75,75,75,75,75,75,75],"card_choices":[{"not_picked":["Hello World","Stack"],"picked":"Steam","floor":1.0},{"not_picked":["Glacier","Conserve Battery"],"picked":"Sunder","floor":2.0},{"not_picked":["Conserve Battery","Stack"],"picked":"Leap","floor":5.0},{"not_picked":["Redo","Ball Lightning"],"picked":"Scrape","floor":6.0},{"not_picked":["Reprogram","Tempest"],"picked":"Cold Snap","floor":8.0},{"not_picked":["Capacitor","Sweeping Beam"],"picked":"Seek","floor":10.0},{"not_picked":["Skim","Fusion"],"picked":"Gash","floor":11.0},{"not_picked":["Go for the Eyes","Turbo"],"picked":"Conserve Battery","floor":12.0},{"not_picked":["Creative AI","Multi-Cast"],"picked":"All For One","floor":16},{"not_picked":["Streamline","Double Energy","Conserve Battery"],"picked":"SKIP","floor":18},{"not_picked":["Chaos","Compile Driver"],"picked":"Ball Lightning+1","floor":20},{"not_picked":["Cold Snap","Steam Power"],"picked":"Sunder+1","floor":21},{"not_picked":["Rebound","Cold Snap"],"picked":"Hologram+1","floor":22},{"not_picked":["Force Field","Streamline","Redo"],"picked":"SKIP","floor":24}],"player_experience":278671,"relics_obtained":[{"floor":6.0,"key":"Centennial Puzzle"},{"floor":9.0,"key":"Happy Flower"},{"floor":12.0,"key":"Ancient Tea Set"},{"floor":20,"key":"Red Mask"},{"floor":24,"key":"Old Coin"},{"floor":26,"key":"Dodecahedron"}],"event_choices":[{"event_name":"World of Goop","player_choice":"Gather Gold","floor":3.0,"damage_taken":0.0},{"event_name":"Liars Game","player_choice":"agreed","floor":13.0,"damage_taken":0.0},{"event_name":"Living Wall","player_choice":"Forget","floor":14.0,"damage_taken":0.0},{"event_name":"The Library","player_choice":"Read","floor":19,"damage_taken":0},{"event_name":"Masked Bandits","player_choice":"Fought Bandits","floor":20,"damage_taken":0}],"is_beta":false,"boss_relics":[{"not_picked":["Eternal Feather","Runic Dome"],"picked":"Cursed Key"}],"items_purged_floors":[4],"is_endless":false,"potions_floor_spawned":[2,6,10,12,16,21,24],"killed_by":"Book of Stabbing","ascension_level":4}