{"gold_per_floor":[110,110,110,123,47,47,74,74,74,24,42,42],"floor_reached":12,"playtime":135,"items_purged":["Strike_G"],"score":202,"play_id":"a9d2ef74-9a5f-4940-ba11-fd1cf788ba3f","local_time":"20190418124049","is_ascension_mode":true,"campfire_choices":[{"data":"Noxious Fumes","floor":6,"key":"SMITH"},{"data":"Dodge and Roll","floor":8,"key":"SMITH"}],"neow_cost":"NONE","seed_source_timestamp":179984351691792,"circlet_count":0,"master_deck":["AscendersBane","Defend_G","Defend_G","Defend_G","Defend_G","Defend_G","Strike_G","Strike_G","Strike_G","Strike_G","Survivor","Neutralize","Dodge and Roll+1","Noxious Fumes+1","Blur"],"relics":["Ring of the Snake","NeowsBlessing","Smiling Mask"],"potions_floor_usage":[],"damage_taken":[{"damage":0,"enemies":"Cultist","floor":1,"turns":1},{"damage":0,"enemies":"Small Slimes","floor":4,"turns":1},{"damage":0,"enemies":"Lagavulin","floor":7,"turns":1},{"damage":1,"enemies":"Jaw Worm","floor":11,"turns":5},{"damage":22,"enemies":"Gremlin Nob","floor":12,"turns":4}],"seed_played":"-6038224271955506995","potions_obtained":[{"floor":4,"key":"Explosive Potion"},{"floor":11,"key":"Regen Potion"}],"is_trial":false,"path_per_floor":["M","?","?","M","$","R","E","R","T","$","M","?"],"character_chosen":"THE_SILENT","items_purchased":["Noxious Fumes"],"campfire_rested":0,"item_purchase_floors":[5],"current_hp_per_floor":[59,59,64,64,64,64,64,64,64,64,63,41],"gold":42,"neow_bonus":"THREE_ENEMY_KILL","is_prod":false,"is_daily":false,"chose_seed":false,"campfire_upgraded":2,"win_rate":0,"timestamp":1555584049,"path_taken":["M","?","?","M","$","R","E","R","T","$","M","?"],"build_version":"2019-01-23","purchased_purges":1,"victory":false,"max_hp_per_floor":[66,66,71,71,71,71,71,71,71,71,71,71],"card_choices":[{"not_picked":["Terror","Dagger Spray"],"picked":"Dodge and Roll","floor":1},{"not_picked":["Sucker Punch","Acrobatics","Masterful Stab"],"picked":"SKIP","floor":4},{"not_picked":["Cloak And Dagger","Flying Knee","Wraith Form v2"],"picked":"SKIP","floor":7},{"not_picked":["Sucker Punch","Dodge and Roll"],"picked":"Blur","floor":11}],"player_experience":847856,"relics_obtained":[{"floor":7,"key":"Smiling Mask"}],"event_choices":[{"damage_healed":0,"gold_gain":0,"player_choice":"Leave","damage_taken":0,"max_hp_gain":0,"max_hp_loss":0,"event_name":"The Cleric","floor":2,"gold_loss":0},{"damage_healed":0,"gold_gain":0,"player_choice":"Donut","damage_taken":0,"max_hp_gain":5,"max_hp_loss":0,"event_name":"Big Fish","floor":3,"gold_loss":0},{"damage_healed":0,"gold_gain":0,"player_choice":"Searched \u00271\u0027 times","damage_taken":0,"max_hp_gain":0,"max_hp_loss":0,"event_name":"Dead Adventurer","floor":12,"gold_loss":0}],"is_beta":false,"boss_relics":[],"items_purged_floors":[10],"is_endless":false,"potions_floor_spawned":[4,11],"killed_by":"Gremlin Nob","ascension_level":20}