{"gold_per_floor":[114,125,11,186,86,86,114,114,114,114,148,148,163,238,238,339,339,351,362,376,396,412,412,412],"floor_reached":24,"playtime":1181,"items_purged":["Defend_P","Doubt"],"score":268,"play_id":"f548f1a2-3dd7-482f-91ee-264866c9c1a5","local_time":"20191005220609","is_ascension_mode":true,"campfire_choices":[{"data":"Eruption","floor":6,"key":"SMITH"},{"data":"Wallop","floor":8,"key":"SMITH"},{"floor":10,"key":"REST"},{"data":"Vigilance","floor":12,"key":"SMITH"},{"data":"SashWhip","floor":15,"key":"SMITH"},{"data":"MentalFortress","floor":23,"key":"SMITH"}],"neow_cost":"NONE","seed_source_timestamp":1571216822750,"circlet_count":0,"master_deck":["Strike_P","Strike_P","Strike_P","Strike_P","Defend_P","Defend_P","Defend_P","Eruption+1","Vigilance+1","EmptyFist","InnerPeace","Wallop+1","FearNoEvil","BowlingBash","Vengeance","SashWhip+1","Vault","Sanctity+1","MentalFortress+1"],"relics":["VioletLotus","Matryoshka","Regal Pillow","Dream Catcher","Sundial","Sozu"],"potions_floor_usage":[24],"damage_taken":[{"damage":10,"enemies":"2 Louse","floor":1,"turns":3},{"damage":7,"enemies":"Jaw Worm","floor":2,"turns":3},{"damage":12,"enemies":"3 Sentries","floor":7,"turns":6},{"damage":6,"enemies":"Gremlin Nob","floor":11,"turns":3},{"damage":0,"enemies":"Small Slimes","floor":13,"turns":3},{"damage":15,"enemies":"Hexaghost","floor":16,"turns":8},{"damage":0,"enemies":"Chosen","floor":18,"turns":4},{"damage":3,"enemies":"Shell Parasite","floor":19,"turns":5},{"damage":18,"enemies":"Snake Plant","floor":20,"turns":5},{"damage":0,"enemies":"3 Cultists","floor":21,"turns":5},{"damage":8,"enemies":"Snecko","floor":22,"turns":5},{"damage":40,"enemies":"Slavers","floor":24,"turns":4}],"seed_played":"5523010527394565185","potions_obtained":[{"floor":2,"key":"EssenceOfSteel"}],"is_trial":false,"path_per_floor":["M","M","$","?","$","R","E","R","T","R","E","R","M","?","R","B",null,"M","M","M","M","M","R","E"],"character_chosen":"WATCHER","items_purchased":["Wallop"],"campfire_rested":1,"item_purchase_floors":[3],"current_hp_per_floor":[55,48,48,48,48,48,36,36,36,72,66,66,66,55,55,40,64,64,61,43,43,35,35,0],"gold":412,"neow_bonus":"BOSS_RELIC","is_prod":false,"is_daily":false,"chose_seed":false,"campfire_upgraded":5,"win_rate":0,"timestamp":1570280769,"path_taken":["M","M","$","?","$","R","E","R","T","R","E","R","M","?","R","BOSS","M","M","M","M","M","R","E"],"build_version":"2019-10-04","purchased_purges":2,"victory":false,"max_hp_per_floor":[72,72,72,72,72,72,72,72,72,72,72,72,72,72,72,72,72,72,72,72,72,72,72,72],"card_choices":[{"not_picked":["Sanctity","Prostrate"],"picked":"EmptyFist","floor":1},{"not_picked":["ClearTheMind","Fasting2"],"picked":"InnerPeace","floor":2},{"not_picked":["WindmillStrike","JustLucky"],"picked":"FearNoEvil","floor":7},{"not_picked":["InnerPeace","Crescendo"],"picked":"BowlingBash","floor":10},{"not_picked":["PathToVictory","ClearTheMind"],"picked":"Vengeance","floor":11},{"not_picked":["CrushJoints","Crescendo"],"picked":"SashWhip","floor":13},{"not_picked":["Judgement","Brilliance"],"picked":"Vault","floor":16},{"not_picked":["Sanctity","Halt","Crescendo"],"picked":"SKIP","floor":18},{"not_picked":["SashWhip","ClearTheMind"],"picked":"Sanctity+1","floor":19},{"not_picked":["MasterReality","CrushJoints","Prostrate"],"picked":"SKIP","floor":20},{"not_picked":["Halt","Protect+1"],"picked":"MentalFortress","floor":21},{"not_picked":["WaveOfTheHand","Evaluate","Crescendo+1"],"picked":"SKIP","floor":22}],"player_experience":576125,"relics_obtained":[{"floor":7,"key":"Matryoshka"},{"floor":9,"key":"Regal Pillow"},{"floor":9,"key":"Dream Catcher"},{"floor":11,"key":"Sundial"}],"event_choices":[{"damage_healed":0,"gold_gain":175,"player_choice":"AGREE","damage_taken":0,"max_hp_gain":0,"max_hp_loss":0,"event_name":"Liars Game","floor":4,"gold_loss":0,"cards_obtained":["Doubt"]},{"damage_healed":0,"gold_gain":75,"player_choice":"Gather Gold","damage_taken":11,"max_hp_gain":0,"max_hp_loss":0,"event_name":"World of Goop","floor":14,"gold_loss":0}],"is_beta":true,"boss_relics":[{"not_picked":["Cursed Key","Velvet Choker"],"picked":"Sozu"}],"items_purged_floors":[3,5],"is_endless":false,"potions_floor_spawned":[2,20],"killed_by":"Slavers","ascension_level":6}