{"gold_per_floor":[109,109,127,138,138,138,150,150,202,221,221,254,254,265,265,369,369,382,382],"floor_reached":19,"playtime":845,"items_purged":[],"score":228,"play_id":"409fcbfb-5977-45c5-aef4-4448273095c1","local_time":"20191018165016","is_ascension_mode":true,"campfire_choices":[{"data":"Eruption","floor":6.0,"key":"SMITH"},{"data":"Prostrate","floor":8.0,"key":"SMITH"},{"data":"CrushJoints","floor":15.0,"key":"SMITH"}],"neow_cost":"NONE","seed_source_timestamp":561567300355,"circlet_count":0,"master_deck":["Strike_P","Strike_P","Strike_P","Defend_P","Defend_P","Defend_P","Eruption+1","Vigilance","CrushJoints+1","Prostrate+1","SpiritShield","FearNoEvil","Judgement"],"special_seed":0,"relics":["Runic Pyramid","MealTicket","Bronze Scales","Anchor","Snecko Eye"],"potions_floor_usage":[16,19],"damage_taken":[{"damage":6.0,"enemies":"2 Louse","floor":1.0,"turns":3.0},{"damage":0.0,"enemies":"Cultist","floor":3.0,"turns":2.0},{"damage":3.0,"enemies":"Jaw Worm","floor":4.0,"turns":3.0},{"damage":5.0,"enemies":"Large Slime","floor":7.0,"turns":4.0},{"damage":0.0,"enemies":"Exordium Thugs","floor":10.0,"turns":2.0},{"damage":15.0,"enemies":"3 Sentries","floor":12.0,"turns":4.0},{"damage":0.0,"enemies":"Blue Slaver","floor":14.0,"turns":3.0},{"damage":20,"enemies":"Slime Boss","floor":16,"turns":9},{"damage":0,"enemies":"3 Byrds","floor":18,"turns":2},{"damage":2,"enemies":"Masked Bandits","floor":19,"turns":2}],"seed_played":"-5676389917958716971","potions_obtained":[{"floor":3.0,"key":"AttackPotion"},{"floor":4.0,"key":"Ambrosia"},{"floor":7.0,"key":"Explosive Potion"},{"floor":12.0,"key":"Fire Potion"},{"floor":18,"key":"Swift Potion"}],"is_trial":false,"path_per_floor":["M","?","M","M","?","R","M","R","T","M","?","E","?","M","R","B",null,"M","?"],"character_chosen":"WATCHER","items_purchased":[],"campfire_rested":0,"item_purchase_floors":[],"current_hp_per_floor":[59,59,59,56,56,56,51,51,51,51,44,29,22,22,22,2,55,55,53],"gold":382,"neow_bonus":"BOSS_RELIC","is_prod":false,"is_daily":false,"chose_seed":false,"campfire_upgraded":3,"win_rate":0,"timestamp":1571385016,"path_taken":["M","?","?","M","?","R","?","R","T","?","?","E","?","M","R","BOSS","M","?"],"build_version":"2019-10-17","purchased_purges":0,"victory":false,"max_hp_per_floor":[72,72,72,72,72,72,72,72,72,72,72,72,72,72,72,72,72,72,72],"card_choices":[{"not_picked":["ReachHeaven","CutThroughFate"],"picked":"CrushJoints","floor":1.0},{"not_picked":["Protect","Swivel"],"picked":"Prostrate","floor":3.0},{"not_picked":["FollowUp","Wireheading"],"picked":"SpiritShield","floor":4.0},{"not_picked":["Sanctity","CrushJoints"],"picked":"FearNoEvil","floor":7.0},{"not_picked":["Crescendo","ClearTheMind","Sanctity"],"picked":"SKIP","floor":10.0},{"not_picked":["LikeWater","ReachHeaven","Wireheading"],"picked":"SKIP","floor":12.0},{"not_picked":["Protect","WaveOfTheHand","SandsOfTime"],"picked":"SKIP","floor":14.0},{"not_picked":["DevaForm","Wish"],"picked":"Judgement","floor":16},{"not_picked":["Prostrate+1","Collect+1","WreathOfFlame+1"],"picked":"SKIP","floor":18}],"player_experience":601022,"relics_obtained":[{"floor":9.0,"key":"MealTicket"},{"floor":12.0,"key":"Anchor"}],"event_choices":[{"cards_removed":["Strike_P"],"damage_healed":0.0,"max_hp_gain":0.0,"max_hp_loss":0.0,"gold_gain":0.0,"event_name":"Bonfire Elementals","player_choice":"Offered Basic","floor":2.0,"gold_loss":0.0,"damage_taken":0.0},{"damage_healed":0.0,"max_hp_gain":0.0,"max_hp_loss":0.0,"gold_gain":0.0,"event_name":"The Woman in Blue","player_choice":"Bought 0 Potions","floor":5.0,"gold_loss":0.0,"damage_taken":0.0},{"damage_healed":0.0,"max_hp_gain":0.0,"max_hp_loss":0.0,"gold_gain":0.0,"event_name":"Scrap Ooze","player_choice":"Success","floor":11.0,"gold_loss":0.0,"damage_taken":7.0,"relics_obtained":["Bronze Scales"]},{"cards_removed":["Defend_P"],"damage_healed":0.0,"max_hp_gain":0.0,"max_hp_loss":0.0,"gold_gain":0.0,"event_name":"Golden Wing","player_choice":"Card Removal","floor":13.0,"gold_loss":0.0,"damage_taken":7.0},{"damage_healed":0,"gold_gain":0,"player_choice":"Fought Bandits","damage_taken":0,"max_hp_gain":0,"max_hp_loss":0,"event_name":"Masked Bandits","floor":19,"gold_loss":0}],"is_beta":true,"boss_relics":[{"not_picked":["SlaversCollar","Busted Crown"],"picked":"Snecko Eye"}],"items_purged_floors":[],"is_endless":false,"potions_floor_spawned":[3,4,7,12,18],"killed_by":"Masked Bandits","ascension_level":7}