{"gold_per_floor":[115,115,127,127,11,11,91,120,120,148,164,195,195,87,87,163,163,178,178],"floor_reached":19,"playtime":558,"items_purged":["Strike_B"],"score":366,"play_id":"35fb539d-f18c-4e1d-ab0d-62a8a67ece73","local_time":"20181201175340","is_ascension_mode":true,"campfire_choices":[{"data":"Streamline","floor":6.0,"key":"SMITH"},{"floor":13,"key":"REST"},{"data":"Beam Cell","floor":15,"key":"SMITH"}],"neow_cost":"NONE","seed_source_timestamp":16693066424657,"circlet_count":0,"master_deck":["AscendersBane","Strike_B","Strike_B","Strike_B","Defend_B","Defend_B","Defend_B","Defend_B","Zap","Dualcast","Echo Form","Streamline+1","Beam Cell+1","Chill","Electrodynamics","Force Field+1","White Noise+1","Self Repair","Heatsinks","Leap+1","Fission+1","Hologram+1"],"special_seed":0,"relics":["Cracked Core","Toxic Egg 2","Bottled Flame","Symbiotic Virus","Gremlin Horn","Mercury Hourglass","Sozu"],"potions_floor_usage":[12,19],"damage_taken":[{"damage":8.0,"enemies":"Small Slimes","floor":1.0,"turns":2.0},{"damage":2.0,"enemies":"Jaw Worm","floor":3.0,"turns":3.0},{"damage":15.0,"enemies":"Lagavulin","floor":8.0,"turns":5.0},{"damage":16.0,"enemies":"3 Sentries","floor":10.0,"turns":4.0},{"damage":0.0,"enemies":"2 Louse","floor":11.0,"turns":2.0},{"damage":16,"enemies":"Lagavulin","floor":12,"turns":6},{"damage":4,"enemies":"Hexaghost","floor":16,"turns":9},{"damage":21,"enemies":"Shell Parasite","floor":18,"turns":4},{"damage":11,"enemies":"Colosseum Slavers","floor":19,"turns":3},{"damage":5,"enemies":"Colosseum Nobs","floor":19,"turns":3}],"seed_played":"-426970569245280769","potions_obtained":[{"floor":11.0,"key":"Weak Potion"},{"floor":16,"key":"Block Potion"}],"is_trial":false,"path_per_floor":["M","?","M","?","$","R","T","E","T","E","M","E","R","$","R","B",null,"M","?"],"character_chosen":"DEFECT","items_purchased":["Chill","Heatsinks","Leap+1"],"campfire_rested":1,"item_purchase_floors":[5,14,14],"current_hp_per_floor":[56,56,54,59,59,59,59,44,44,28,28,12,34,34,34,37,66,52,43],"gold":178,"neow_bonus":"ONE_RANDOM_RARE_CARD","is_prod":false,"is_daily":false,"chose_seed":false,"campfire_upgraded":2,"win_rate":0,"timestamp":1543683220,"path_taken":["M","?","M","?","$","R","?","E","T","E","M","E","R","$","R","BOSS","M","?"],"build_version":"2018-11-15","purchased_purges":1,"victory":false,"max_hp_per_floor":[71,71,71,76,76,76,76,76,76,76,76,76,76,76,76,76,76,76,76],"card_choices":[{"not_picked":["Cold Snap","Compile Driver"],"picked":"Streamline","floor":1.0},{"not_picked":["Barrage","Double Energy"],"picked":"Beam Cell","floor":3.0},{"not_picked":["Go for the Eyes","Lockon"],"picked":"Electrodynamics","floor":8.0},{"not_picked":["Compile Driver","Heatsinks"],"picked":"Force Field+1","floor":10.0},{"not_picked":["Gash","Stack+1"],"picked":"White Noise+1","floor":11.0},{"not_picked":["Darkness+1","Beam Cell"],"picked":"Self Repair","floor":12},{"not_picked":["Echo Form","All For One"],"picked":"Fission+1","floor":16},{"not_picked":["Auto Shields+1","Cold Snap+1"],"picked":"Hologram+1","floor":18}],"player_experience":786856,"relics_obtained":[{"floor":7.0,"key":"Toxic Egg 2"},{"floor":8.0,"key":"Bottled Flame"},{"floor":9.0,"key":"Symbiotic Virus"},{"floor":10.0,"key":"Gremlin Horn"},{"floor":12,"key":"Mercury Hourglass"}],"event_choices":[{"damage_healed":0.0,"max_hp_gain":0.0,"max_hp_loss":0.0,"gold_gain":0.0,"event_name":"Golden Idol","player_choice":"Ignored","floor":2.0,"gold_loss":0.0,"damage_taken":0.0},{"damage_healed":0.0,"max_hp_gain":5.0,"max_hp_loss":0.0,"gold_gain":0.0,"event_name":"Big Fish","player_choice":"Donut","floor":4.0,"gold_loss":0.0,"damage_taken":0.0},{"damage_healed":0,"gold_gain":0,"player_choice":"Fight","damage_taken":0,"max_hp_gain":0,"max_hp_loss":0,"event_name":"Colosseum","floor":19,"gold_loss":0},{"damage_healed":0,"gold_gain":0,"player_choice":"Fought Nobs","damage_taken":0,"max_hp_gain":0,"max_hp_loss":0,"event_name":"Colosseum","floor":19,"gold_loss":0}],"is_beta":true,"boss_relics":[{"not_picked":["Cursed Key","Pandora\u0027s Box"],"picked":"Sozu"}],"items_purged_floors":[5],"is_endless":false,"potions_floor_spawned":[11,16,19],"killed_by":"Colosseum Nobs","ascension_level":20}