{"gold_per_floor":[112,129,129,129,56,56,82,102,173,205,219,219,294,307,307,412,412,430,430,40,60,80,80,5,5,5,5,16,16],"floor_reached":29,"playtime":2696,"items_purged":[],"score":413,"play_id":"857c2322-0be3-4a68-93ce-0256bfb50c5b","local_time":"20180810005938","is_ascension_mode":true,"campfire_choices":[{"data":"Sweeping Beam","floor":6,"key":"SMITH"},{"floor":12,"key":"DIG"},{"floor":15,"key":"DIG"},{"data":"Defragment","floor":23,"key":"SMITH"},{"data":"Seek","floor":27,"key":"SMITH"}],"neow_cost":"NONE","seed_source_timestamp":12920467315865,"circlet_count":0,"master_deck":["Strike_B+1","Defend_B","Defend_B","Defend_B","Zap","Dualcast+1","AscendersBane","Steam","Sweeping Beam+1","Self Repair","Steam Power","Coolheaded","Streamline","Seek+1","Capacitor","Seek","Fusion+1","Meteor Strike+1","Skim+1","Defragment+1","Cold Snap","Storm"],"relics":["Cracked Core","NeowsBlessing","Lantern","Smiling Mask","Shovel","Singing Bowl","Cables","Astrolabe","DataDisk","Lee\u0027s Waffle","Shuriken","Darkstone Periapt"],"potions_floor_usage":[16,16,22],"damage_taken":[{"damage":0,"enemies":"Small Slimes","floor":1,"turns":1},{"damage":0,"enemies":"Cultist","floor":2,"turns":1},{"damage":0,"enemies":"Gremlin Nob","floor":7,"turns":1},{"damage":0,"enemies":"2 Louse","floor":8,"turns":2},{"damage":18,"enemies":"3 Sentries","floor":10,"turns":6},{"damage":7,"enemies":"Exordium Wildlife","floor":11,"turns":5},{"damage":2,"enemies":"Blue Slaver","floor":14,"turns":2},{"damage":9,"enemies":"The Guardian","floor":16,"turns":12},{"damage":6,"enemies":"Chosen","floor":18,"turns":5},{"damage":24,"enemies":"Shell Parasite","floor":21,"turns":5},{"damage":18,"enemies":"Sentry and Sphere","floor":22,"turns":6},{"damage":7,"enemies":"Centurion and Healer","floor":28,"turns":7},{"damage":61,"enemies":"Slavers","floor":29,"turns":3}],"seed_played":"-348358422382073921","potions_obtained":[{"floor":2,"key":"Swift Potion"},{"floor":11,"key":"Poison Potion"},{"floor":16,"key":"PowerPotion"},{"floor":21,"key":"Ancient Potion"},{"floor":28,"key":"SpeedPotion"}],"is_trial":false,"path_per_floor":["M","M","?","?","$","R","E","M","T","E","M","R","?","M","R","B",null,"M","?","$","M","M","R","?","T","T","R","M"],"character_chosen":"DEFECT","items_purchased":["Self Repair","Defragment","DataDisk","Lee\u0027s Waffle"],"campfire_rested":0,"item_purchase_floors":[5,20,20,20],"current_hp_per_floor":[68,68,68,53,53,53,53,53,53,42,42,42,31,29,29,27,63,66,66,84,67,58,58,58,58,58,58,58,0],"gold":16,"neow_bonus":"THREE_ENEMY_KILL","is_prod":false,"is_daily":false,"chose_seed":false,"campfire_upgraded":3,"win_rate":0,"timestamp":1533855578,"path_taken":["M","M","?","?","$","R","E","M","T","E","?","R","?","M","R","BOSS","M","?","$","?","M","R","?","?","T","R","M","E"],"build_version":"2018-08-08","purchased_purges":0,"victory":false,"max_hp_per_floor":[75,75,75,75,75,75,75,75,75,75,75,75,75,75,75,75,75,77,77,84,84,86,86,86,86,86,86,86,86],"card_choices":[{"not_picked":["Go for the Eyes","Reprogram"],"picked":"Steam","floor":1},{"not_picked":["Hello World","Leap"],"picked":"Sweeping Beam","floor":2},{"not_picked":["Double Energy","Lockon"],"picked":"Steam Power","floor":7},{"not_picked":["Barrage","Redo"],"picked":"Coolheaded","floor":8},{"not_picked":["Go for the Eyes","Steam"],"picked":"Streamline","floor":10},{"not_picked":["Scrape","Beam Cell"],"picked":"Seek","floor":11},{"not_picked":["Tempest","Cold Snap"],"picked":"Capacitor","floor":14},{"not_picked":["Core Surge","Thunder Strike"],"picked":"Seek","floor":16},{"not_picked":["Aggregate","Redo","FTL+1"],"picked":"Singing Bowl","floor":18},{"not_picked":["Gash","Streamline"],"picked":"Cold Snap","floor":21},{"not_picked":["Tempest","Redo","Conserve Battery"],"picked":"Singing Bowl","floor":22},{"not_picked":["Compile Driver","Beam Cell"],"picked":"Storm","floor":28}],"player_experience":508721,"relics_obtained":[{"floor":7,"key":"Lantern"},{"floor":9,"key":"Smiling Mask"},{"floor":10,"key":"Shovel"},{"floor":12,"key":"Singing Bowl"},{"floor":15,"key":"Cables"},{"floor":25,"key":"Shuriken"},{"floor":26,"key":"Darkstone Periapt"}],"event_choices":[{"event_name":"The Woman in Blue","player_choice":"Bought 0 Potions","floor":3,"damage_taken":0},{"event_name":"Shining Light","player_choice":"Entered Light","floor":4,"damage_taken":0},{"event_name":"World of Goop","player_choice":"Gather Gold","floor":13,"damage_taken":0},{"event_name":"Vampires","player_choice":"Ignored","floor":19,"damage_taken":0},{"event_name":"Beggar","player_choice":"Gave Gold","floor":24,"damage_taken":0}],"is_beta":true,"boss_relics":[{"not_picked":["White Beast Statue","Tiny House"],"picked":"Astrolabe"}],"items_purged_floors":[],"is_endless":false,"potions_floor_spawned":[2,11,16,21,28],"killed_by":"Slavers","ascension_level":12}