{"gold_per_floor":[116,116,8,8,26,55,66,66,66,81,106,106,121,121,121,121],"floor_reached":16,"playtime":293,"items_purged":[],"score":231,"play_id":"e8e30a68-13e3-4a6a-bf49-62f987223875","local_time":"20181028230331","is_ascension_mode":true,"campfire_choices":[{"data":"Storm","floor":8,"key":"SMITH"},{"floor":12,"key":"REST"},{"floor":15,"key":"REST"}],"neow_cost":"NONE","seed_source_timestamp":47024152321894,"circlet_count":0,"master_deck":["Strike_B","Strike_B","Strike_B+1","Strike_B","Defend_B+1","Defend_B","Defend_B","Defend_B","Zap","Dualcast","AscendersBane","Coolheaded","Storm+1","Turbo","Go for the Eyes","Loop+1","Capacitor+1","Self Repair+1"],"relics":["Cracked Core","NeowsBlessing","Frozen Egg 2","Singing Bowl","Oddly Smooth Stone","Girya"],"potions_floor_usage":[11,16],"damage_taken":[{"damage":0,"enemies":"Jaw Worm","floor":1,"turns":1},{"damage":0,"enemies":"2 Louse","floor":5,"turns":1},{"damage":0,"enemies":"3 Sentries","floor":6,"turns":2},{"damage":8,"enemies":"Small Slimes","floor":7,"turns":3},{"damage":5,"enemies":"Blue Slaver","floor":10,"turns":3},{"damage":27,"enemies":"3 Sentries","floor":11,"turns":7},{"damage":18,"enemies":"Large Slime","floor":13,"turns":5},{"damage":41,"enemies":"Slime Boss","floor":16,"turns":6}],"seed_played":"-5119724399669179569","potions_obtained":[{"floor":7,"key":"Block Potion"},{"floor":10,"key":"Strength Potion"}],"is_trial":false,"path_per_floor":["M","?","$","?","M","E","M","R","T","M","?","R","M","T","R"],"character_chosen":"DEFECT","items_purchased":["Storm","Turbo"],"campfire_rested":2,"item_purchase_floors":[3,3],"current_hp_per_floor":[64,43,43,43,43,43,35,35,35,30,3,24,18,18,39,0],"gold":121,"neow_bonus":"THREE_ENEMY_KILL","is_prod":false,"is_daily":false,"chose_seed":false,"campfire_upgraded":1,"win_rate":0,"timestamp":1540764211,"path_taken":["M","?","$","?","?","E","M","R","T","M","?","R","M","?","R","BOSS"],"build_version":"2018-10-25v2","purchased_purges":0,"victory":false,"max_hp_per_floor":[71,71,71,71,71,71,71,71,71,71,71,71,73,73,73,73],"card_choices":[{"not_picked":["Barrage","Reinforced Body"],"picked":"Coolheaded","floor":1},{"not_picked":["Recycle","Chill"],"picked":"Go for the Eyes","floor":5},{"not_picked":["Compile Driver","Rebound","Leap"],"picked":"SKIP","floor":6},{"not_picked":["Steam","Stack"],"picked":"Loop+1","floor":7},{"not_picked":["Leap","Go for the Eyes"],"picked":"Capacitor+1","floor":10},{"not_picked":["Hyperbeam","Leap"],"picked":"Self Repair+1","floor":11},{"not_picked":["Melter","Redo","Barrage"],"picked":"Singing Bowl","floor":13}],"player_experience":715102,"relics_obtained":[{"floor":6,"key":"Frozen Egg 2"},{"floor":9,"key":"Singing Bowl"},{"floor":11,"key":"Oddly Smooth Stone"},{"floor":14,"key":"Girya"}],"event_choices":[{"damage_healed":0,"gold_gain":0,"player_choice":"Entered Light","damage_taken":21,"max_hp_gain":0,"max_hp_loss":0,"event_name":"Shining Light","floor":2,"gold_loss":0,"cards_upgraded":["Defend_B","Strike_B"]},{"damage_healed":0,"gold_gain":0,"player_choice":"Leave","damage_taken":0,"max_hp_gain":0,"max_hp_loss":0,"event_name":"The Cleric","floor":4,"gold_loss":0},{"damage_healed":0,"gold_gain":30,"player_choice":"Searched \u00272\u0027 times","damage_taken":0,"max_hp_gain":0,"max_hp_loss":0,"event_name":"Dead Adventurer","floor":11,"gold_loss":0}],"is_beta":true,"boss_relics":[],"items_purged_floors":[],"is_endless":false,"potions_floor_spawned":[7,10],"killed_by":"Slime Boss","ascension_level":17}