{"gold_per_floor":[111,111,111,36,56,86,86,101,151,183,183,208,236,249,249,249],"floor_reached":16,"playtime":524,"items_purged":["Regret"],"score":236,"play_id":"ecbfba2d-e5a6-47da-afb3-70adc5df9bfc","local_time":"20181130201501","is_ascension_mode":true,"campfire_choices":[{"data":"Bash","floor":7,"key":"SMITH"},{"floor":15,"key":"REST"}],"neow_cost":"CURSE","seed_source_timestamp":8715608106990,"circlet_count":0,"master_deck":["AscendersBane","Strike_R","Strike_R","Strike_R","Strike_R","Strike_R","Defend_R","Defend_R","Defend_R","Defend_R","Bash+1","Parasite","Shockwave","Carnage","Battle Trance"],"special_seed":0,"relics":["Burning Blood","Du-Vu Doll","Omamori","The Courier","Happy Flower","Orichalcum","Odd Mushroom","Kunai"],"potions_floor_usage":[6,10,14,16],"damage_taken":[{"damage":12.0,"enemies":"Small Slimes","floor":1.0,"turns":4.0},{"damage":6,"enemies":"Jaw Worm","floor":5,"turns":4},{"damage":29,"enemies":"Gremlin Nob","floor":6,"turns":4},{"damage":0,"enemies":"2 Louse","floor":8,"turns":3},{"damage":25,"enemies":"3 Sentries","floor":10,"turns":7},{"damage":13,"enemies":"The Mushroom Lair","floor":12,"turns":4},{"damage":23,"enemies":"Lagavulin","floor":13,"turns":4},{"damage":0,"enemies":"Large Slime","floor":14,"turns":1},{"damage":40,"enemies":"The Guardian","floor":16,"turns":9}],"seed_played":"5392286791922983752","potions_obtained":[{"floor":1.0,"key":"FearPotion"},{"floor":8,"key":"BloodPotion"},{"floor":12,"key":"Explosive Potion"},{"floor":13,"key":"AttackPotion"},{"floor":14,"key":"Swift Potion"}],"is_trial":false,"path_per_floor":["M","?","?","$","M","E","R","M","T","E","?","?","E","M","R","B"],"character_chosen":"IRONCLAD","items_purchased":[],"campfire_rested":1,"item_purchase_floors":[],"current_hp_per_floor":[62,62,62,62,62,39,39,45,45,33,33,26,9,15,37,0],"gold":249,"neow_bonus":"ONE_RARE_RELIC","is_prod":false,"is_daily":false,"chose_seed":false,"campfire_upgraded":1,"win_rate":0,"timestamp":1543605301,"path_taken":["M","?","?","$","M","E","R","M","T","E","?","?","E","M","R","BOSS"],"build_version":"2018-11-15","purchased_purges":1,"victory":false,"max_hp_per_floor":[75,75,75,75,75,75,75,75,75,75,75,75,75,75,75,75],"card_choices":[{"not_picked":["Seeing Red","Combust","Blood for Blood"],"picked":"SKIP","floor":1.0},{"not_picked":["Bloodletting","Iron Wave"],"picked":"Shockwave","floor":5},{"not_picked":["Clash","Wild Strike","Body Slam"],"picked":"SKIP","floor":6},{"not_picked":["Corruption","Wild Strike"],"picked":"Carnage","floor":8},{"not_picked":["Fire Breathing","Warcry","Shrug It Off"],"picked":"SKIP","floor":10},{"not_picked":["Bloodletting","True Grit"],"picked":"Battle Trance","floor":12},{"not_picked":["Entrench","Wild Strike","Clash"],"picked":"SKIP","floor":13},{"not_picked":["Sentinel","Clothesline","Iron Wave"],"picked":"SKIP","floor":14}],"player_experience":784775,"relics_obtained":[{"floor":6,"key":"The Courier"},{"floor":9,"key":"Happy Flower"},{"floor":10,"key":"Orichalcum"},{"floor":12,"key":"Odd Mushroom"},{"floor":13,"key":"Kunai"}],"event_choices":[{"damage_healed":0.0,"max_hp_gain":0.0,"max_hp_loss":0.0,"gold_gain":0.0,"event_name":"Big Fish","player_choice":"Box","floor":2.0,"gold_loss":0.0,"damage_taken":0.0,"relics_obtained":["Omamori"],"cards_obtained":["Regret"]},{"damage_healed":0,"gold_gain":0,"player_choice":"Fled","damage_taken":0,"max_hp_gain":0,"max_hp_loss":0,"event_name":"Scrap Ooze","floor":3,"gold_loss":0},{"damage_healed":0,"gold_gain":0,"player_choice":"Ignored","damage_taken":0,"max_hp_gain":0,"max_hp_loss":0,"event_name":"Shining Light","floor":11,"gold_loss":0},{"damage_healed":0,"gold_gain":0,"player_choice":"Fought Mushrooms","damage_taken":0,"max_hp_gain":0,"max_hp_loss":0,"event_name":"Mushrooms","floor":12,"gold_loss":0}],"is_beta":true,"boss_relics":[],"items_purged_floors":[4],"is_endless":false,"potions_floor_spawned":[1,8,12,13,14],"killed_by":"The Guardian","ascension_level":20}