{"gold_per_floor":[363,379,429,429,3,33,33,33,33,47,47,62,62,80,80,156,156,176,188,188,88,88,108,128,128,128,128,139,139],"floor_reached":29,"playtime":817,"items_purged":["Shame","Writhe"],"score":405,"play_id":"64ac42be-001b-416f-b517-b47f6eb1e072","local_time":"20181003142035","is_ascension_mode":true,"campfire_choices":[{"data":"Feed","floor":7,"key":"SMITH"},{"data":"Bash","floor":11,"key":"SMITH"},{"data":"Disarm","floor":13,"key":"SMITH"},{"data":"Uppercut","floor":15,"key":"SMITH"},{"floor":25,"key":"REST"},{"data":"Limit Break","floor":27,"key":"SMITH"}],"neow_cost":"CURSE","seed_source_timestamp":3327766688755,"circlet_count":0,"master_deck":["Strike_R","Strike_R","Strike_R","Strike_R","Strike_R","Defend_R","Defend_R","Defend_R","Defend_R","Bash+1","AscendersBane","Pommel Strike","Cleave","Feed+1","Disarm+1","Uppercut+1","Limit Break+1","Heavy Blade"],"relics":["Burning Blood","Oddly Smooth Stone","Bronze Scales","Dead Branch","WingedGreaves","Philosopher\u0027s Stone","Letter Opener","MutagenicStrength","Lantern"],"potions_floor_usage":[18,19,24,24,24,29,29],"damage_taken":[{"damage":0,"enemies":"Small Slimes","floor":1,"turns":3},{"damage":6,"enemies":"Cultist","floor":2,"turns":3},{"damage":48,"enemies":"Lagavulin","floor":6,"turns":8},{"damage":12,"enemies":"Jaw Worm","floor":10,"turns":2},{"damage":6,"enemies":"2 Fungi Beasts","floor":12,"turns":3},{"damage":8,"enemies":"Red Slaver","floor":14,"turns":5},{"damage":13,"enemies":"Hexaghost","floor":16,"turns":9},{"damage":18,"enemies":"3 Byrds","floor":18,"turns":4},{"damage":39,"enemies":"2 Thieves","floor":19,"turns":4},{"damage":12,"enemies":"Chosen and Byrds","floor":23,"turns":4},{"damage":15,"enemies":"Snake Plant","floor":24,"turns":4},{"damage":12,"enemies":"Cultist and Chosen","floor":28,"turns":7},{"damage":37,"enemies":"Slavers","floor":29,"turns":3}],"seed_played":"684581673858258271","potions_obtained":[{"floor":2,"key":"Poison Potion"},{"floor":6,"key":"Swift Potion"},{"floor":12,"key":"AttackPotion"},{"floor":18,"key":"LiquidBronze"},{"floor":23,"key":"EntropicBrew"},{"floor":28,"key":"Explosive Potion"}],"is_trial":false,"path_per_floor":["M","M","?","?","$","E","R","$","T","M","R","M","R","M","R","B",null,"M","M","?","$","?","M","M","R","T","R","M"],"character_chosen":"IRONCLAD","items_purchased":["Feed","Bronze Scales"],"campfire_rested":1,"item_purchase_floors":[5,5],"current_hp_per_floor":[74,74,74,74,74,32,32,32,32,26,26,30,30,28,28,21,65,57,28,28,28,28,22,13,39,39,39,33,0],"gold":139,"neow_bonus":"TWO_FIFTY_GOLD","is_prod":false,"is_daily":false,"chose_seed":false,"campfire_upgraded":5,"win_rate":0,"timestamp":1538569235,"path_taken":["M","M","?","?","$","E","R","$","T","M","R","M","R","M","R","BOSS","M","?","?","?","?","M","?","R","T","R","?","E"],"build_version":"2018-10-02","purchased_purges":2,"victory":false,"max_hp_per_floor":[75,75,75,75,75,75,75,75,75,75,75,79,79,79,79,79,79,83,87,87,87,87,87,87,87,87,87,87,87],"card_choices":[{"not_picked":["Dual Wield","Sword Boomerang"],"picked":"Pommel Strike","floor":1},{"not_picked":["Body Slam","Burning Pact"],"picked":"Cleave","floor":2},{"not_picked":["Sword Boomerang","Metallicize"],"picked":"Disarm","floor":6},{"not_picked":["Battle Trance","Clash","Havoc"],"picked":"SKIP","floor":10},{"not_picked":["Body Slam","Infernal Blade","Cleave"],"picked":"SKIP","floor":12},{"not_picked":["Clothesline","Shrug It Off"],"picked":"Uppercut","floor":14},{"not_picked":["Barricade","Fiend Fire"],"picked":"Limit Break","floor":16},{"not_picked":["Perfected Strike","Dropkick"],"picked":"Heavy Blade","floor":18},{"not_picked":["Anger","Body Slam","Flame Barrier"],"picked":"SKIP","floor":19},{"not_picked":["Perfected Strike","Searing Blow","Hemokinesis"],"picked":"SKIP","floor":23},{"not_picked":["Fire Breathing","Anger","Wild Strike"],"picked":"SKIP","floor":24},{"not_picked":["Thunderclap","Shockwave","Evolve"],"picked":"SKIP","floor":28}],"player_experience":665207,"relics_obtained":[{"floor":6,"key":"Dead Branch"},{"floor":9,"key":"WingedGreaves"},{"floor":26,"key":"Lantern"}],"event_choices":[{"event_name":"Golden Shrine","player_choice":"Pray","floor":3,"damage_taken":0},{"event_name":"WeMeetAgain","player_choice":"Potion","floor":4,"damage_taken":0},{"event_name":"The Mausoleum","player_choice":"Yes","floor":20,"damage_taken":0},{"event_name":"Drug Dealer","player_choice":"Inject Mutagens","floor":22,"damage_taken":0}],"is_beta":true,"boss_relics":[{"not_picked":["Runic Cube","Calling Bell"],"picked":"Philosopher\u0027s Stone"}],"items_purged_floors":[5,21],"is_endless":false,"potions_floor_spawned":[2,6,12,18,23,28],"killed_by":"Slavers","ascension_level":16}