{"gold_per_floor":[116,39,50,30,49,76,76,109,109,109,124,143,143,168,168,269,269,257,64,64,79,99,99],"floor_reached":23,"playtime":1237,"items_purged":["Strike_B"],"score":253,"play_id":"6d633f1d-a18b-4fc4-b472-8dfdb4e3f08d","local_time":"20190716092237","is_ascension_mode":true,"campfire_choices":[{"data":"Defragment","floor":7,"key":"SMITH"},{"data":"Steam","floor":10,"key":"SMITH"},{"data":"Capacitor","floor":15,"key":"SMITH"}],"neow_cost":"NONE","seed_source_timestamp":301381996965900,"circlet_count":0,"master_deck":["Strike_B","Strike_B","Strike_B","Defend_B","Defend_B","Defend_B","Defend_B","Zap","Dualcast","Coolheaded","Defragment+1","Cold Snap","Ball Lightning","Loop","Steam+1","Capacitor+1","Parasite","Conserve Battery","Fission","Heatsinks+1","Self Repair","Redo","Storm","Darkness"],"relics":["Cracked Core","Centennial Puzzle","Singing Bowl","Potion Belt","Du-Vu Doll","Nuclear Battery"],"potions_floor_usage":[6,16,16,23,23],"damage_taken":[{"damage":2,"enemies":"2 Louse","floor":1,"turns":2},{"damage":0,"enemies":"Cultist","floor":3,"turns":3},{"damage":7,"enemies":"Jaw Worm","floor":5,"turns":4},{"damage":4,"enemies":"Lagavulin","floor":6,"turns":6},{"damage":18,"enemies":"Gremlin Nob","floor":8,"turns":3},{"damage":5,"enemies":"Exordium Wildlife","floor":11,"turns":4},{"damage":8,"enemies":"Large Slime","floor":12,"turns":4},{"damage":15,"enemies":"Lagavulin","floor":14,"turns":7},{"damage":4,"enemies":"Hexaghost","floor":16,"turns":9},{"damage":23,"enemies":"2 Thieves","floor":18,"turns":5},{"damage":0,"enemies":"Spheric Guardian","floor":21,"turns":3},{"damage":5,"enemies":"Shelled Parasite and Fungi","floor":22,"turns":9},{"damage":71,"enemies":"Gremlin Leader","floor":23,"turns":9}],"seed_played":"-1531370253039551397","potions_obtained":[{"floor":1,"key":"Block Potion"},{"floor":4,"key":"EntropicBrew"},{"floor":5,"key":"Fire Potion"},{"floor":8,"key":"PowerPotion"},{"floor":12,"key":"GamblersBrew"},{"floor":22,"key":"SmokeBomb"}],"is_trial":false,"path_per_floor":["M","$","M","?","M","E","R","E","T","R","M","M","?","E","R","B",null,"M","$","?","M","M","E"],"character_chosen":"DEFECT","items_purchased":["Defragment","Self Repair","Redo"],"campfire_rested":0,"item_purchase_floors":[2,19,19],"current_hp_per_floor":[73,73,73,73,66,62,62,44,44,44,39,33,52,37,37,33,77,54,54,54,63,65,0],"gold":99,"neow_bonus":"THREE_CARDS","is_prod":false,"is_daily":false,"chose_seed":false,"campfire_upgraded":3,"win_rate":0,"timestamp":1563283357,"path_taken":["M","$","M","?","M","E","R","E","T","R","?","M","?","E","R","BOSS","M","$","?","M","M","E"],"build_version":"2019-07-05","purchased_purges":1,"victory":false,"max_hp_per_floor":[75,75,75,75,75,75,75,75,75,75,75,77,77,77,77,77,77,77,77,77,79,79,79],"card_choices":[{"not_picked":["White Noise","Recycle"],"picked":"Coolheaded","floor":0},{"not_picked":["Fusion","Barrage","Recycle"],"picked":"SKIP","floor":1},{"not_picked":["Undo","Redo"],"picked":"Cold Snap","floor":3},{"not_picked":["Turbo","Tempest"],"picked":"Ball Lightning","floor":5},{"not_picked":["Scrape","Redo"],"picked":"Loop","floor":6},{"not_picked":["Cold Snap","Streamline"],"picked":"Steam","floor":8},{"not_picked":["Turbo","Gash"],"picked":"Capacitor","floor":11},{"not_picked":["Double Energy","Force Field","Chaos"],"picked":"Singing Bowl","floor":12},{"not_picked":["Ball Lightning","Hyperbeam"],"picked":"Conserve Battery","floor":14},{"not_picked":["All For One","Rainbow"],"picked":"Fission","floor":16},{"not_picked":["Leap","Double Energy"],"picked":"Heatsinks+1","floor":18},{"not_picked":["Beam Cell","Leap","Ball Lightning"],"picked":"Singing Bowl","floor":21},{"not_picked":["Recycle+1","Beam Cell"],"picked":"Darkness","floor":22}],"player_experience":360350,"relics_obtained":[{"floor":6,"key":"Centennial Puzzle"},{"floor":8,"key":"Singing Bowl"},{"floor":9,"key":"Potion Belt"},{"floor":14,"key":"Du-Vu Doll"}],"event_choices":[{"damage_healed":0,"gold_gain":0,"player_choice":"Bought 1 Potion","damage_taken":0,"max_hp_gain":0,"max_hp_loss":0,"event_name":"The Woman in Blue","floor":4,"gold_loss":0},{"damage_healed":19,"gold_gain":0,"player_choice":"Healed and dodged fight","damage_taken":0,"max_hp_gain":0,"max_hp_loss":0,"event_name":"Mushrooms","floor":13,"gold_loss":0,"cards_obtained":["Parasite"]},{"damage_healed":0,"gold_gain":0,"player_choice":"Read","damage_taken":0,"max_hp_gain":0,"max_hp_loss":0,"event_name":"The Library","floor":20,"gold_loss":0,"cards_obtained":["Storm"]}],"is_beta":false,"boss_relics":[{"not_picked":["Runic Pyramid","Eternal Feather"],"picked":"Nuclear Battery"}],"items_purged_floors":[19],"is_endless":false,"potions_floor_spawned":[1,5,8,12,22],"killed_by":"Gremlin Leader","ascension_level":4}