{"gold_per_floor":[111,36,47,12,12,45,45,45,45,45,108,29,42,42],"floor_reached":14,"playtime":425,"items_purged":["Strike_P"],"score":158,"play_id":"32723966-1cd5-402f-990b-d21b07294402","local_time":"20191010220013","is_ascension_mode":true,"campfire_choices":[{"data":"CrushJoints","floor":7,"key":"SMITH"},{"data":"Consecrate","floor":10,"key":"SMITH"}],"neow_cost":"NONE","seed_source_timestamp":44396337280800,"circlet_count":0,"master_deck":["AscendersBane","Strike_P","Strike_P","Defend_P","Defend_P","Defend_P","Defend_P","Eruption+1","Vigilance","CrushJoints+1","ThirdEye","Consecrate+1","MentalFortress+1","FlurryOfBlows","Study+1","ClearTheMind"],"relics":["PureWater","Frozen Egg 2","Shuriken","Tiny Chest"],"potions_floor_usage":[6],"damage_taken":[{"damage":3,"enemies":"Jaw Worm","floor":1,"turns":3},{"damage":2,"enemies":"2 Louse","floor":3,"turns":3},{"damage":46,"enemies":"3 Sentries","floor":6,"turns":18},{"damage":11,"enemies":"Gremlin Nob","floor":11,"turns":3},{"damage":3,"enemies":"Cultist","floor":13,"turns":3},{"damage":14,"enemies":"Exordium Wildlife","floor":14,"turns":1}],"seed_played":"-1966876669093277281","potions_obtained":[{"floor":1,"key":"GamblersBrew"}],"is_trial":false,"path_per_floor":["M","$","M","?","?","E","R","?","T","R","E","$","M","M"],"character_chosen":"WATCHER","items_purchased":["Study+1"],"campfire_rested":0,"item_purchase_floors":[12],"current_hp_per_floor":[62,62,60,72,72,26,26,26,26,26,15,15,12,0],"gold":42,"neow_bonus":"UPGRADE_CARD","is_prod":false,"is_daily":false,"chose_seed":false,"campfire_upgraded":2,"win_rate":0,"timestamp":1570759213,"path_taken":["M","$","M","?","?","E","R","?","T","R","E","$","M","?"],"build_version":"2019-10-10","purchased_purges":1,"victory":false,"max_hp_per_floor":[72,72,72,72,72,72,72,72,72,72,72,72,72,72],"card_choices":[{"not_picked":["SpiritShield","EmptyBody"],"picked":"CrushJoints","floor":1},{"not_picked":["DeceiveReality","CrushJoints"],"picked":"ThirdEye","floor":3},{"not_picked":["SignatureMove","JustLucky"],"picked":"Consecrate","floor":6},{"not_picked":["Worship","Perseverance"],"picked":"FlurryOfBlows","floor":11},{"not_picked":["ThirdEye","Consecrate"],"picked":"ClearTheMind","floor":13}],"player_experience":1284650,"relics_obtained":[{"floor":6,"key":"Frozen Egg 2"},{"floor":9,"key":"Shuriken"},{"floor":11,"key":"Tiny Chest"}],"event_choices":[{"damage_healed":18,"gold_gain":0,"player_choice":"Healed","damage_taken":0,"max_hp_gain":0,"max_hp_loss":0,"event_name":"The Cleric","floor":4,"gold_loss":35},{"damage_healed":0,"gold_gain":0,"player_choice":"Ignored","damage_taken":0,"max_hp_gain":0,"max_hp_loss":0,"event_name":"Liars Game","floor":5,"gold_loss":0},{"damage_healed":0,"gold_gain":0,"cards_transformed":["Strike_P"],"player_choice":"Transformed","damage_taken":0,"max_hp_gain":0,"max_hp_loss":0,"event_name":"Transmorgrifier","floor":8,"gold_loss":0,"cards_obtained":["MentalFortress"]}],"is_beta":true,"boss_relics":[],"items_purged_floors":[2],"is_endless":false,"potions_floor_spawned":[1],"killed_by":"Exordium Wildlife","ascension_level":13}