{"gold_per_floor":[209,228,241,108,108,134,134,166,190,190,205,231,231,264,264,341,341,352,402,421,435,435,435,470,470],"floor_reached":25,"playtime":720,"items_purged":["Strike_P"],"score":681,"play_id":"44cfc7e9-429b-421d-b234-b77b1e82f4db","local_time":"20191023085933","is_ascension_mode":true,"campfire_choices":[{"floor":7.0,"key":"REST"},{"floor":10.0,"key":"REST"},{"data":"Conclude","floor":13.0,"key":"SMITH"},{"data":"FlurryOfBlows","floor":15.0,"key":"SMITH"},{"floor":23.0,"key":"REST"}],"neow_cost":"NONE","seed_source_timestamp":385763880653000,"circlet_count":0,"master_deck":["AscendersBane","Strike_P","Strike_P","Strike_P","Defend_P","Defend_P","Defend_P+1","Defend_P","Eruption+1","Vigilance","InnerPeace+1","Tantrum","BowlingBash","FollowUp","Conclude+1","Adaptation","Halt","MentalFortress","FlurryOfBlows+1","Ragnarok","EmptyBody+1","Vault"],"special_seed":0,"relics":["PureWater","Akabeko","War Paint","PreservedInsect","Mummified Hand","Darkstone Periapt","Fusion Hammer","Bronze Scales"],"potions_floor_usage":[24],"damage_taken":[{"damage":0.0,"enemies":"Small Slimes","floor":1.0,"turns":2.0},{"damage":12.0,"enemies":"Jaw Worm","floor":2.0,"turns":3.0},{"damage":0.0,"enemies":"Cultist","floor":3.0,"turns":3.0},{"damage":35.0,"enemies":"Lagavulin","floor":6.0,"turns":3.0},{"damage":2.0,"enemies":"3 Sentries","floor":8.0,"turns":6.0},{"damage":0.0,"enemies":"Large Slime","floor":11.0,"turns":3.0},{"damage":0.0,"enemies":"Lagavulin","floor":12.0,"turns":2.0},{"damage":0.0,"enemies":"Gremlin Nob","floor":14.0,"turns":1.0},{"damage":0.0,"enemies":"Slime Boss","floor":16.0,"turns":6.0},{"damage":22.0,"enemies":"3 Byrds","floor":18.0,"turns":4.0},{"damage":7.0,"enemies":"Chosen","floor":20.0,"turns":3.0},{"damage":15.0,"enemies":"Snake Plant","floor":21.0,"turns":3.0},{"damage":24,"enemies":"Book of Stabbing","floor":24,"turns":4},{"damage":20,"enemies":"Chosen and Byrds","floor":25,"turns":4}],"seed_played":"-112344542078752881","potions_obtained":[{"floor":1.0,"key":"Fire Potion"},{"floor":2.0,"key":"DuplicationPotion"},{"floor":8.0,"key":"FearPotion"},{"floor":16.0,"key":"Fire Potion"},{"floor":20.0,"key":"Energy Potion"}],"is_trial":false,"path_per_floor":["M","M","M","$","?","E","R","E","T","R","M","E","R","E","R","B",null,"M","?","M","M","?","R","E","M"],"character_chosen":"WATCHER","items_purchased":["FollowUp"],"campfire_rested":3,"item_purchase_floors":[4],"current_hp_per_floor":[61,49,49,49,49,14,34,32,32,52,52,52,52,52,52,52,64,42,42,35,20,20,40,16,0],"gold":470,"neow_bonus":"HUNDRED_GOLD","is_prod":false,"is_daily":false,"chose_seed":false,"campfire_upgraded":2,"win_rate":0,"timestamp":1571835573,"path_taken":["M","M","M","$","?","E","R","E","T","R","M","E","R","E","R","BOSS","M","?","?","M","?","R","E","?"],"build_version":"2019-10-22","purchased_purges":1,"victory":false,"max_hp_per_floor":[68,68,68,68,68,68,68,68,68,68,68,68,68,68,68,68,68,68,68,68,68,68,68,68,68],"card_choices":[{"not_picked":["Vengeance","Consecrate"],"picked":"InnerPeace","floor":1.0},{"not_picked":["EmptyFist","Halt"],"picked":"Tantrum","floor":2.0},{"not_picked":["CarveReality","Collect"],"picked":"BowlingBash","floor":3.0},{"not_picked":["EmptyFist","WreathOfFlame"],"picked":"Conclude","floor":6.0},{"not_picked":["EmptyBody","Tantrum"],"picked":"Adaptation","floor":8.0},{"not_picked":["WreathOfFlame","Establishment"],"picked":"Halt","floor":11.0},{"not_picked":["Meditate","Wish"],"picked":"MentalFortress","floor":12.0},{"not_picked":["Evaluate","SpiritShield"],"picked":"FlurryOfBlows","floor":14.0},{"not_picked":["Alpha","Establishment"],"picked":"Ragnarok","floor":16.0},{"not_picked":["SashWhip","ThirdEye","FlurryOfBlows"],"picked":"SKIP","floor":18.0},{"not_picked":["WaveOfTheHand","Nirvana"],"picked":"EmptyBody+1","floor":20.0},{"not_picked":["WreathOfFlame","Worship","Adaptation"],"picked":"SKIP","floor":21.0},{"not_picked":["Crescendo+1","Consecrate"],"picked":"Vault","floor":24}],"player_experience":1377836,"relics_obtained":[{"floor":6.0,"key":"Akabeko"},{"floor":8.0,"key":"War Paint"},{"floor":9.0,"key":"PreservedInsect"},{"floor":12.0,"key":"Mummified Hand"},{"floor":14.0,"key":"Darkstone Periapt"},{"floor":24,"key":"Bronze Scales"}],"event_choices":[{"damage_healed":0.0,"max_hp_gain":0.0,"max_hp_loss":0.0,"gold_gain":0.0,"event_name":"Living Wall","player_choice":"Grow","floor":5.0,"gold_loss":0.0,"damage_taken":0.0,"cards_upgraded":["Eruption"]},{"damage_healed":0.0,"max_hp_gain":0.0,"max_hp_loss":0.0,"gold_gain":100.0,"event_name":"The Joust","player_choice":"Bet on Murderer","floor":19.0,"gold_loss":50.0,"damage_taken":0.0},{"damage_healed":0.0,"max_hp_gain":0.0,"max_hp_loss":0.0,"gold_gain":0.0,"event_name":"Match and Keep!","player_choice":"0 cards matched","floor":22.0,"gold_loss":0.0,"damage_taken":0.0,"cards_obtained":[]}],"is_beta":true,"boss_relics":[{"not_picked":["Busted Crown","Runic Dome"],"picked":"Fusion Hammer"}],"items_purged_floors":[4],"is_endless":false,"potions_floor_spawned":[1,2,3,8,16,20],"killed_by":"Chosen and Byrds","ascension_level":19}