{"gold_per_floor":[15,31,51,63,81,81,110,110,137,153,153,188,188,217,217,288,288,308,308,121,141,152,152,183,183,183,183,27,42,42,42,42,115,115,133,147,167,7,24,24,55,67,67,67,78,97,10,10,10,10],"floor_reached":51,"playtime":3226,"items_purged":["Strike_B"],"score":1479,"play_id":"8e640f78-c3e2-4fcb-840f-d6bf97b8956c","local_time":"20190816214117","is_ascension_mode":true,"campfire_choices":[{"data":"Streamline","floor":6,"key":"SMITH"},{"data":"Hologram","floor":8,"key":"SMITH"},{"data":"Zap","floor":11,"key":"SMITH"},{"data":"Glacier","floor":15,"key":"SMITH"},{"data":"Leap","floor":23,"key":"SMITH"},{"data":"Coolheaded","floor":25,"key":"SMITH"},{"data":"Auto Shields","floor":27,"key":"SMITH"},{"data":"Undo","floor":32,"key":"SMITH"},{"data":"Steam","floor":40,"key":"SMITH"},{"data":"Steam","floor":44,"key":"SMITH"},{"data":"Capacitor","floor":49,"key":"SMITH"}],"neow_cost":"NO_GOLD","seed_source_timestamp":74671815472900,"circlet_count":0,"master_deck":["AscendersBane","Strike_B","Strike_B","Strike_B","Defend_B","Defend_B","Defend_B","Defend_B","Zap+1","Dualcast","Streamline+1","Genetic Algorithm","Compile Driver+1","Auto Shields+1","Hologram+1","Gash","Beam Cell+1","Glacier+1","Biased Cognition","FTL+1","Gash","Coolheaded+1","Rebound","Leap+1","Reprogram","Core Surge","Scrape","Undo+1","Echo Form","Coolheaded+1","Gash+1","Steam Power","Steam+1","Recycle","Steam+1","Capacitor+1"],"relics":["Cracked Core","FossilizedHelix","Shuriken","PreservedInsect","Whetstone","Regal Pillow","Coffee Dripper","GremlinMask","Pen Nib","Bottled Lightning","Sozu","DataDisk","Letter Opener","Singing Bowl"],"potions_floor_usage":[7,7,14,39,46],"damage_taken":[{"damage":2,"enemies":"Jaw Worm","floor":1,"turns":3},{"damage":0,"enemies":"2 Louse","floor":2,"turns":2},{"damage":0,"enemies":"Cultist","floor":3,"turns":3},{"damage":0,"enemies":"2 Fungi Beasts","floor":4,"turns":3},{"damage":3,"enemies":"Blue Slaver","floor":5,"turns":3},{"damage":27,"enemies":"Gremlin Nob","floor":7,"turns":4},{"damage":0,"enemies":"Looter","floor":10,"turns":3},{"damage":0,"enemies":"Lagavulin","floor":12,"turns":4},{"damage":0,"enemies":"Gremlin Nob","floor":14,"turns":3},{"damage":0,"enemies":"The Guardian","floor":16,"turns":12},{"damage":0,"enemies":"Spheric Guardian","floor":18,"turns":5},{"damage":7,"enemies":"Shell Parasite","floor":21,"turns":4},{"damage":0,"enemies":"Cultist and Chosen","floor":22,"turns":5},{"damage":12,"enemies":"Book of Stabbing","floor":24,"turns":5},{"damage":16,"enemies":"Snake Plant","floor":29,"turns":4},{"damage":0,"enemies":"Colosseum Slavers","floor":30,"turns":5},{"damage":7,"enemies":"Collector","floor":33,"turns":11},{"damage":0,"enemies":"3 Shapes","floor":35,"turns":4},{"damage":28,"enemies":"3 Darklings","floor":36,"turns":8},{"damage":0,"enemies":"Jaw Worm Horde","floor":37,"turns":5},{"damage":4,"enemies":"Writhing Mass","floor":39,"turns":8},{"damage":0,"enemies":"Giant Head","floor":41,"turns":7},{"damage":14,"enemies":"3 Darklings","floor":42,"turns":5},{"damage":0,"enemies":"Maw","floor":45,"turns":8},{"damage":13,"enemies":"Transient","floor":46,"turns":5},{"damage":51,"enemies":"Time Eater","floor":50,"turns":14}],"seed_played":"-8035856226931392635","potions_obtained":[{"floor":1,"key":"Swift Potion"},{"floor":4,"key":"Swift Potion"},{"floor":7,"key":"Energy Potion"},{"floor":12,"key":"PowerPotion"},{"floor":16,"key":"Fire Potion"},{"floor":18,"key":"FocusPotion"}],"is_trial":false,"path_per_floor":["M","M","M","M","M","R","E","R","T","M","R","E","?","E","R","B",null,"M","?","$","M","M","R","E","R","T","R","$","M","?","?","R","B",null,"M","M","M","$","M","R","E","M","T","R","M","M","$","?","R","B",null],"character_chosen":"DEFECT","items_purchased":["Gash","Coolheaded","Core Surge","Scrape","DataDisk","Capacitor"],"campfire_rested":0,"item_purchase_floors":[20,20,28,28,38,47],"current_hp_per_floor":[62,62,62,62,59,59,32,32,32,32,32,32,32,32,32,32,61,61,61,61,54,54,54,42,42,42,42,42,26,26,26,26,19,58,58,30,30,30,26,26,26,12,12,12,14,3,3,61,61,10],"gold":10,"neow_bonus":"ONE_RARE_RELIC","is_prod":false,"is_daily":false,"chose_seed":false,"campfire_upgraded":11,"win_rate":0,"timestamp":1566006077,"path_taken":["M","M","M","M","M","R","E","R","T","M","R","E","?","E","R","BOSS","M","?","$","M","M","R","E","R","T","R","$","?","?","?","R","BOSS","M","M","M","$","M","R","E","M","T","R","M","M","$","?","R","BOSS"],"build_version":"2019-07-17","purchased_purges":1,"victory":true,"max_hp_per_floor":[71,71,71,71,71,71,71,71,71,71,71,71,71,71,71,71,71,71,71,71,71,71,71,71,71,71,71,71,71,71,71,71,71,71,71,71,71,71,71,71,71,71,71,71,73,75,75,61,61,61],"card_choices":[{"not_picked":["Storm","Hologram"],"picked":"Streamline","floor":1},{"not_picked":["Barrage","Scrape","Force Field"],"picked":"SKIP","floor":2},{"not_picked":["Barrage","Heatsinks"],"picked":"Genetic Algorithm","floor":3},{"not_picked":["Aggregate","Go for the Eyes"],"picked":"Compile Driver","floor":4},{"not_picked":["Stack","Scrape"],"picked":"Auto Shields","floor":5},{"not_picked":["Stack","Skim"],"picked":"Hologram","floor":7},{"not_picked":["Cold Snap","Hologram"],"picked":"Gash","floor":10},{"not_picked":["Stack","Streamline"],"picked":"Beam Cell","floor":12},{"not_picked":["Conserve Battery","Scrape"],"picked":"Glacier","floor":14},{"not_picked":["Buffer","Reboot"],"picked":"Biased Cognition","floor":16},{"not_picked":["BootSequence","Cold Snap"],"picked":"FTL+1","floor":18},{"not_picked":["Double Energy+1","Melter"],"picked":"Rebound","floor":21},{"not_picked":["Sweeping Beam+1","Coolheaded"],"picked":"Leap","floor":22},{"not_picked":["Double Energy","Conserve Battery"],"picked":"Reprogram","floor":24},{"not_picked":["Auto Shields","Ball Lightning+1"],"picked":"Undo","floor":29},{"not_picked":["Fission","Multi-Cast"],"picked":"Echo Form","floor":33},{"not_picked":["Reinforced Body","Turbo"],"picked":"Coolheaded+1","floor":35},{"not_picked":["Skim","Force Field"],"picked":"Gash+1","floor":36},{"not_picked":["Cold Snap","Aggregate"],"picked":"Steam Power","floor":37},{"not_picked":["Rebound","Darkness"],"picked":"Steam","floor":39},{"not_picked":["BootSequence+1","Beam Cell+1"],"picked":"Recycle","floor":41},{"not_picked":["Sunder+1","Barrage"],"picked":"Steam","floor":42},{"not_picked":["Beam Cell","Barrage+1","Static Discharge+1"],"picked":"Singing Bowl","floor":45},{"not_picked":["Fusion+1","Amplify","Streamline+1"],"picked":"Singing Bowl","floor":46}],"player_experience":783527,"relics_obtained":[{"floor":7,"key":"Shuriken"},{"floor":9,"key":"PreservedInsect"},{"floor":12,"key":"Whetstone"},{"floor":14,"key":"Regal Pillow"},{"floor":24,"key":"Pen Nib"},{"floor":26,"key":"Bottled Lightning"},{"floor":41,"key":"Letter Opener"},{"floor":43,"key":"Singing Bowl"}],"event_choices":[{"damage_healed":0,"gold_gain":0,"player_choice":"Ignored","damage_taken":0,"max_hp_gain":0,"max_hp_loss":0,"event_name":"Shining Light","floor":13,"gold_loss":0},{"damage_healed":0,"gold_gain":0,"player_choice":"Trade","damage_taken":0,"relics_obtained":["GremlinMask"],"max_hp_gain":0,"max_hp_loss":0,"event_name":"FaceTrader","floor":19,"gold_loss":0},{"damage_healed":0,"gold_gain":0,"player_choice":"Fight","damage_taken":0,"max_hp_gain":0,"max_hp_loss":0,"event_name":"Colosseum","floor":30,"gold_loss":0},{"damage_healed":0,"gold_gain":0,"player_choice":"Fled From Nobs","damage_taken":0,"max_hp_gain":0,"max_hp_loss":0,"event_name":"Colosseum","floor":30,"gold_loss":0},{"damage_healed":61,"gold_gain":0,"player_choice":"Heal","damage_taken":0,"max_hp_gain":0,"max_hp_loss":14,"event_name":"The Moai Head","floor":48,"gold_loss":0}],"is_beta":false,"boss_relics":[{"not_picked":["Runic Dome","Snecko Eye"],"picked":"Coffee Dripper"},{"not_picked":["Busted Crown","Calling Bell"],"picked":"Sozu"}],"items_purged_floors":[20],"is_endless":false,"potions_floor_spawned":[1,4,7,12,16,18,22,33,35,39,45],"ascension_level":16}