{"gold_per_floor":[111,55,55,55,73,105,105,139,139,139,170,186,111,138,138,209,209,181,191,3,13,26,26,26,26,26,26,0,0,0,32,44,56],"floor_reached":33,"playtime":1328,"items_purged":["Strike_R","Strike_R"],"score":578,"play_id":"c277af36-5135-47f5-a696-1f49e03219cf","local_time":"20190926102945","is_ascension_mode":true,"campfire_choices":[{"data":"Bash","floor":7.0,"key":"SMITH"},{"floor":10.0,"key":"REST"},{"data":"Spot Weakness","floor":15.0,"key":"SMITH"},{"data":"Rupture","floor":23,"key":"SMITH"},{"data":"Whirlwind","floor":25,"key":"SMITH"},{"data":"Metallicize","floor":27,"key":"SMITH"},{"data":"Ghostly","floor":30,"key":"SMITH"},{"data":"Ghostly","floor":32,"key":"SMITH"}],"neow_cost":"NONE","seed_source_timestamp":0,"circlet_count":0,"master_deck":["AscendersBane","Strike_R","Strike_R","Strike_R","Defend_R","Defend_R","Defend_R","Defend_R","Bash+1","Bandage Up","Spot Weakness+1","Headbutt","Whirlwind+1","Sword Boomerang","Metallicize+1","Fire Breathing","Reaper","CurseOfTheBell","Armaments+1","Feel No Pain","Rupture+1","Sword Boomerang","Ghostly+1","Ghostly+1","Ghostly","Disarm"],"special_seed":0,"relics":["Burning Blood","Du-Vu Doll","Torii","Singing Bowl","Blood Vial","Strawberry","Calling Bell","InkBottle","Blue Candle","Lizard Tail","Turnip","Anchor","MawBank"],"potions_floor_usage":[33,33],"damage_taken":[{"damage":1.0,"enemies":"2 Louse","floor":1.0,"turns":3.0},{"damage":7.0,"enemies":"Cultist","floor":5.0,"turns":4.0},{"damage":64.0,"enemies":"Gremlin Nob","floor":6.0,"turns":5.0},{"damage":20.0,"enemies":"3 Sentries","floor":8.0,"turns":3.0},{"damage":25.0,"enemies":"Lagavulin","floor":11.0,"turns":5.0},{"damage":1.0,"enemies":"Jaw Worm","floor":12.0,"turns":3.0},{"damage":28.0,"enemies":"3 Sentries","floor":14.0,"turns":5.0},{"damage":27,"enemies":"The Guardian","floor":16,"turns":12},{"damage":43,"enemies":"2 Thieves","floor":18,"turns":4},{"damage":27,"enemies":"Spheric Guardian","floor":19,"turns":5},{"damage":38,"enemies":"Centurion and Healer","floor":21,"turns":8},{"damage":59,"enemies":"Snake Plant","floor":22,"turns":5},{"damage":40,"enemies":"Book of Stabbing","floor":31,"turns":6},{"damage":68,"enemies":"Collector","floor":33,"turns":8}],"seed_played":"3467438191985854144","potions_obtained":[{"floor":5.0,"key":"Regen Potion"},{"floor":8.0,"key":"SkillPotion"},{"floor":12.0,"key":"AttackPotion"},{"floor":18,"key":"ElixirPotion"},{"floor":22,"key":"Regen Potion"},{"floor":31,"key":"Dexterity Potion"}],"is_trial":false,"path_per_floor":["M","$","?","?","M","E","R","E","T","R","E","M","$","E","R","B",null,"M","M","$","M","M","R","T","R","T","R","$","?","R","E","R","B"],"character_chosen":"IRONCLAD","items_purchased":["Headbutt","Feel No Pain","Sword Boomerang"],"campfire_rested":1,"item_purchase_floors":[2,20,28],"current_hp_per_floor":[73,73,73,75,75,21,21,20,20,42,29,36,36,29,29,14,68,49,36,36,35,52,52,52,52,52,52,52,45,45,31,31,0],"gold":56,"neow_bonus":"RANDOM_COLORLESS","is_prod":false,"is_daily":false,"chose_seed":false,"campfire_upgraded":7,"win_rate":0,"timestamp":1569508185,"path_taken":["M","$","?","?","M","E","R","E","T","R","E","?","$","E","R","BOSS","M","M","$","?","M","R","?","R","T","R","$","?","R","E","R","BOSS"],"build_version":"2019-09-25","purchased_purges":2,"victory":false,"max_hp_per_floor":[75,75,75,75,75,75,75,75,75,75,77,77,77,86,86,86,86,86,88,88,88,90,90,90,90,90,90,90,45,45,45,45,45],"card_choices":[{"not_picked":["Dramatic Entrance","Forethought"],"picked":"Bandage Up","floor":0.0},{"not_picked":["Twin Strike","Searing Blow"],"picked":"Spot Weakness","floor":1.0},{"not_picked":["Reckless Charge","Thunderclap"],"picked":"Whirlwind","floor":5.0},{"not_picked":["Whirlwind","Warcry"],"picked":"Sword Boomerang","floor":6.0},{"not_picked":["Power Through","Heavy Blade"],"picked":"Metallicize","floor":8.0},{"not_picked":["Flex","Wild Strike","Burning Pact"],"picked":"Singing Bowl","floor":11.0},{"not_picked":["Evolve","Dropkick"],"picked":"Fire Breathing","floor":12.0},{"not_picked":["Second Wind","True Grit","Warcry"],"picked":"Singing Bowl","floor":14.0},{"not_picked":["Berserk","Fiend Fire"],"picked":"Reaper","floor":16},{"not_picked":["Inflame+1","Iron Wave"],"picked":"Armaments+1","floor":18},{"not_picked":["Body Slam","Spot Weakness","Twin Strike"],"picked":"Singing Bowl","floor":19},{"not_picked":["Havoc","Rage"],"picked":"Rupture","floor":21},{"not_picked":["Cleave+1","Body Slam","Rupture"],"picked":"Singing Bowl","floor":22},{"not_picked":["Havoc","Perfected Strike"],"picked":"Disarm","floor":31}],"player_experience":1136772,"relics_obtained":[{"floor":6.0,"key":"Du-Vu Doll"},{"floor":8.0,"key":"Torii"},{"floor":9.0,"key":"Singing Bowl"},{"floor":11.0,"key":"Blood Vial"},{"floor":14.0,"key":"Strawberry"},{"floor":17,"key":"InkBottle"},{"floor":17,"key":"Blue Candle"},{"floor":17,"key":"Lizard Tail"},{"floor":24,"key":"Turnip"},{"floor":26,"key":"Anchor"},{"floor":31,"key":"MawBank"}],"event_choices":[{"damage_healed":0.0,"max_hp_gain":0.0,"max_hp_loss":0.0,"gold_gain":0.0,"event_name":"The Cleric","player_choice":"Leave","floor":3.0,"gold_loss":0.0,"damage_taken":0.0},{"damage_healed":2.0,"max_hp_gain":0.0,"max_hp_loss":0.0,"gold_gain":0.0,"event_name":"Wheel of Change","player_choice":"Full Heal","floor":4.0,"gold_loss":0.0,"damage_taken":0.0},{"damage_healed":0,"gold_gain":0,"player_choice":"Became a Ghost","damage_taken":0,"max_hp_gain":0,"max_hp_loss":45,"event_name":"Ghosts","floor":29,"gold_loss":0,"cards_obtained":["Ghostly","Ghostly","Ghostly"]}],"is_beta":true,"boss_relics":[{"not_picked":["Philosopher\u0027s Stone","Pandora\u0027s Box"],"picked":"Calling Bell"}],"items_purged_floors":[13,20],"is_endless":false,"potions_floor_spawned":[5,8,12,18,22,31],"killed_by":"Collector","ascension_level":20}