{"gold_per_floor":[10,21,31,31,50,50,76,76,100,134,146,156,156,81,81,160,160,144,144,44,60,72,72,72,84,84,99,99,130,142,17,17,94,94,111,111,121,136,136,166,166,192,192,192,202,52,52,80,80,80],"floor_reached":51,"playtime":3406,"items_purged":["Strike_R","Strike_R","Strike_R","Spot Weakness+1"],"score":1521,"play_id":"f481d5bb-be4d-4ba9-8582-8585c3d99ab4","local_time":"20190116055034","is_ascension_mode":true,"campfire_choices":[{"data":"Bash","floor":6.0,"key":"SMITH"},{"data":"Finesse","floor":8.0,"key":"SMITH"},{"data":"Shrug It Off","floor":13.0,"key":"SMITH"},{"data":"Shrug It Off","floor":15.0,"key":"SMITH"},{"data":"Barricade","floor":23.0,"key":"SMITH"},{"data":"Impervious","floor":28.0,"key":"SMITH"},{"data":"Disarm","floor":32.0,"key":"SMITH"},{"data":"Evolve","floor":41.0,"key":"SMITH"},{"data":"Finesse","floor":47.0,"key":"SMITH"},{"floor":49.0,"key":"REST"}],"neow_cost":"NO_GOLD","seed_source_timestamp":291124054321956,"circlet_count":0,"master_deck":["AscendersBane","Defend_R","Defend_R","Defend_R","Bash+1","Madness+1","Finesse+1","Shrug It Off+1","Shrug It Off+1","Battle Trance","Barricade+1","Evolve+1","Body Slam+1","Disarm+1","Impervious+1","Ghostly Armor","Finesse+1","Blind","Shrug It Off+1","Shrug It Off"],"special_seed":0,"relics":["Burning Blood","War Paint","Orichalcum","Strawberry","Empty Cage","StoneCalendar","Oddly Smooth Stone","Mark of Pain","Molten Egg 2","Ancient Tea Set","Gremlin Horn","Ornamental Fan"],"potions_floor_usage":[50,50],"damage_taken":[{"damage":7.0,"enemies":"Jaw Worm","floor":1.0,"turns":6.0},{"damage":8.0,"enemies":"Small Slimes","floor":2.0,"turns":3.0},{"damage":0.0,"enemies":"Cultist","floor":3.0,"turns":4.0},{"damage":6.0,"enemies":"3 Louse","floor":5.0,"turns":4.0},{"damage":31.0,"enemies":"3 Sentries","floor":7.0,"turns":10.0},{"damage":23.0,"enemies":"Lagavulin","floor":10.0,"turns":7.0},{"damage":6.0,"enemies":"Looter","floor":11.0,"turns":4.0},{"damage":13.0,"enemies":"Large Slime","floor":12.0,"turns":4.0},{"damage":22.0,"enemies":"The Guardian","floor":16.0,"turns":11.0},{"damage":16.0,"enemies":"2 Thieves","floor":18.0,"turns":4.0},{"damage":24.0,"enemies":"Chosen","floor":21.0,"turns":8.0},{"damage":28.0,"enemies":"Shelled Parasite and Fungi","floor":22.0,"turns":7.0},{"damage":0.0,"enemies":"Cultist and Chosen","floor":25.0,"turns":7.0},{"damage":15.0,"enemies":"Sentry and Sphere","floor":27.0,"turns":7.0},{"damage":0.0,"enemies":"Book of Stabbing","floor":29.0,"turns":6.0},{"damage":2.0,"enemies":"Shelled Parasite and Fungi","floor":30.0,"turns":6.0},{"damage":12.0,"enemies":"Champ","floor":33.0,"turns":8.0},{"damage":13.0,"enemies":"3 Darklings","floor":35.0,"turns":6.0},{"damage":20.0,"enemies":"3 Shapes","floor":37.0,"turns":7.0},{"damage":0.0,"enemies":"Sphere and 2 Shapes","floor":38.0,"turns":6.0},{"damage":0.0,"enemies":"Giant Head","floor":40.0,"turns":6.0},{"damage":25.0,"enemies":"Reptomancer","floor":42.0,"turns":6.0},{"damage":13.0,"enemies":"Jaw Worm Horde","floor":45.0,"turns":5.0},{"damage":0.0,"enemies":"Nemesis","floor":48.0,"turns":3.0},{"damage":26,"enemies":"Time Eater","floor":50,"turns":9}],"seed_played":"-1072889113670467083","potions_obtained":[{"floor":1.0,"key":"GamblersBrew"},{"floor":2.0,"key":"Block Potion"},{"floor":3.0,"key":"SpeedPotion"},{"floor":11.0,"key":"Explosive Potion"},{"floor":16.0,"key":"BloodPotion"},{"floor":18.0,"key":"SmokeBomb"},{"floor":21.0,"key":"Regen Potion"},{"floor":30.0,"key":"Explosive Potion"},{"floor":33.0,"key":"Fire Potion"},{"floor":38.0,"key":"Swift Potion"},{"floor":42.0,"key":"Weak Potion"},{"floor":48.0,"key":"EssenceOfSteel"}],"is_trial":false,"path_per_floor":["M","M","M","?","M","R","E","R","T","E","M","M","R","$","R","B",null,"M","?","$","M","M","R","?","M","T","M","R","E","M","$","R","B",null,"M","?","M","M","?","E","R","E","T","?","M","$","R","E","R","B",null],"character_chosen":"IRONCLAD","items_purchased":[],"campfire_rested":1,"item_purchase_floors":[],"current_hp_per_floor":[67,65,71,76,76,76,51,51,51,41,41,34,34,34,34,18,70,60,35,35,26,19,19,19,25,25,16,16,22,26,26,26,20,74,67,57,43,49,49,55,55,36,36,36,29,29,29,35,61,41],"gold":80,"neow_bonus":"RANDOM_COLORLESS_2","is_prod":false,"is_daily":false,"chose_seed":false,"campfire_upgraded":9,"win_rate":0,"timestamp":1547614234,"path_taken":["M","M","M","?","M","R","E","R","T","E","M","M","R","$","R","BOSS","M","?","$","M","M","R","?","M","T","M","R","E","?","$","R","BOSS","M","?","M","M","?","E","R","E","T","?","M","$","R","E","R","BOSS"],"build_version":"2019-01-10","purchased_purges":4,"victory":true,"max_hp_per_floor":[75,75,75,80,80,80,80,80,80,87,87,87,87,87,87,87,87,87,92,92,92,92,92,92,92,92,92,92,92,92,92,92,92,92,92,92,92,92,87,87,87,87,87,87,87,87,87,87,87,87],"card_choices":[{"not_picked":["Sentinel","Twin Strike"],"picked":"Spot Weakness","floor":1.0},{"not_picked":["Warcry","Perfected Strike","Clash"],"picked":"SKIP","floor":2.0},{"not_picked":["Hemokinesis","Dropkick"],"picked":"Shrug It Off","floor":3.0},{"not_picked":["Corruption","Dropkick","Armaments"],"picked":"SKIP","floor":5.0},{"not_picked":["Wild Strike","Thunderclap"],"picked":"Shrug It Off","floor":7.0},{"not_picked":["Clothesline","Thunderclap","Brutality"],"picked":"SKIP","floor":10.0},{"not_picked":["Clothesline","Headbutt","Thunderclap"],"picked":"SKIP","floor":11.0},{"not_picked":["True Grit","Flex"],"picked":"Battle Trance","floor":12.0},{"not_picked":["Double Tap","Brutality"],"picked":"Barricade","floor":16.0},{"not_picked":["Blood for Blood","Havoc+1"],"picked":"Evolve","floor":18.0},{"not_picked":["Wild Strike","Power Through"],"picked":"Body Slam+1","floor":21.0},{"not_picked":["Flex","Dropkick"],"picked":"Disarm","floor":22.0},{"not_picked":["Sentinel","Anger","Rupture"],"picked":"SKIP","floor":25.0},{"not_picked":["Twin Strike","Cleave","Anger"],"picked":"SKIP","floor":27.0},{"not_picked":["Clash","Armaments"],"picked":"Ghostly Armor","floor":29.0},{"not_picked":["Armaments","Combust+1","Dual Wield"],"picked":"SKIP","floor":30.0},{"not_picked":["Armaments","Combust+1","Dual Wield"],"picked":"SKIP","floor":30.0},{"not_picked":["Reckless Charge","Havoc","Wild Strike+1"],"picked":"SKIP","floor":35.0},{"not_picked":["Enlightenment","Metamorphosis"],"picked":"Finesse","floor":36.0},{"not_picked":["Mind Blast","PanicButton"],"picked":"Blind","floor":36.0},{"not_picked":["Rampage","Clash","True Grit"],"picked":"SKIP","floor":37.0},{"not_picked":["Clash+1","True Grit","Whirlwind"],"picked":"SKIP","floor":38.0},{"not_picked":["Wild Strike","Anger+1","Power Through+1"],"picked":"SKIP","floor":40.0},{"not_picked":["Perfected Strike+1","Bloodletting"],"picked":"Shrug It Off+1","floor":42.0},{"not_picked":["Juggernaut","Havoc"],"picked":"Shrug It Off","floor":45.0},{"not_picked":["True Grit","Berserk","Perfected Strike+1"],"picked":"SKIP","floor":48.0}],"player_experience":508172,"relics_obtained":[{"floor":7.0,"key":"War Paint"},{"floor":9.0,"key":"Orichalcum"},{"floor":10.0,"key":"Strawberry"},{"floor":26.0,"key":"StoneCalendar"},{"floor":29.0,"key":"Oddly Smooth Stone"},{"floor":40.0,"key":"Molten Egg 2"},{"floor":42.0,"key":"Ancient Tea Set"},{"floor":43.0,"key":"Gremlin Horn"},{"floor":48.0,"key":"Ornamental Fan"}],"event_choices":[{"damage_healed":0.0,"max_hp_gain":5.0,"max_hp_loss":0.0,"gold_gain":0.0,"event_name":"Big Fish","player_choice":"Donut","floor":4.0,"gold_loss":0.0,"damage_taken":0.0},{"damage_healed":0.0,"max_hp_gain":5.0,"max_hp_loss":0.0,"gold_gain":0.0,"event_name":"Forgotten Altar","player_choice":"Shed Blood","floor":19.0,"gold_loss":0.0,"damage_taken":30.0},{"damage_healed":0.0,"max_hp_gain":0.0,"max_hp_loss":0.0,"gold_gain":0.0,"event_name":"Match and Keep!","player_choice":"1 cards matched","floor":24.0,"gold_loss":0.0,"damage_taken":0.0,"cards_obtained":["Impervious"]},{"damage_healed":0.0,"max_hp_gain":0.0,"max_hp_loss":0.0,"gold_gain":0.0,"event_name":"SensoryStone","player_choice":"Memory 3","floor":36.0,"gold_loss":0.0,"damage_taken":10.0},{"damage_healed":0.0,"max_hp_gain":0.0,"max_hp_loss":5.0,"gold_gain":0.0,"event_name":"Winding Halls","player_choice":"Max HP","floor":39.0,"gold_loss":0.0,"damage_taken":0.0},{"cards_removed":["Defend_R"],"damage_healed":0.0,"max_hp_gain":0.0,"max_hp_loss":0.0,"gold_gain":0.0,"event_name":"Falling","player_choice":"Removed Skill","floor":44.0,"gold_loss":0.0,"damage_taken":0.0}],"is_beta":false,"boss_relics":[{"not_picked":["White Beast Statue","Lizard Tail"],"picked":"Empty Cage"},{"not_picked":["Pandora\u0027s Box","Fusion Hammer"],"picked":"Mark of Pain"}],"items_purged_floors":[14,20,31,46],"is_endless":false,"potions_floor_spawned":[1,2,3,11,16,18,21,30,33,38,42,48],"ascension_level":16}