{"gold_per_floor":[209,66,66,66,66,97,97,114,169,200,200,55,74,93,93,93],"floor_reached":16,"playtime":570,"items_purged":["Strike_G"],"score":124,"play_id":"ed94baf0-57ea-4d38-a6ea-20720df7ef5e","local_time":"20190714214001","is_ascension_mode":true,"campfire_choices":[{"data":"Quick Slash","floor":7,"key":"SMITH"},{"floor":15,"key":"REST"}],"neow_cost":"NONE","seed_source_timestamp":173487399326300,"circlet_count":0,"master_deck":["Strike_G","Strike_G","Strike_G","Defend_G","Defend_G","Defend_G","Defend_G","Defend_G+1","Survivor","Neutralize","Poisoned Stab","Well Laid Plans+1","Backstab+1","Quick Slash+1","Night Terror","Infinite Blades","Footwork","Backflip"],"relics":["Ring of the Snake","Strawberry","Tiny Chest","Anchor"],"potions_floor_usage":[16,16,16],"damage_taken":[{"damage":4,"enemies":"2 Louse","floor":1,"turns":5},{"damage":14,"enemies":"3 Sentries","floor":6,"turns":12},{"damage":0,"enemies":"Small Slimes","floor":8,"turns":2},{"damage":29,"enemies":"Gremlin Nob","floor":10,"turns":4},{"damage":0,"enemies":"Cultist","floor":13,"turns":3},{"damage":8,"enemies":"Looter","floor":14,"turns":3},{"damage":39,"enemies":"Slime Boss","floor":16,"turns":6}],"seed_played":"-341155343745274037","potions_obtained":[{"floor":10,"key":"PowerPotion"},{"floor":13,"key":"LiquidBronze"},{"floor":14,"key":"LiquidBronze"}],"is_trial":false,"path_per_floor":["M","$","?","?","?","E","R","M","T","E","?","$","M","M","R","B"],"character_chosen":"THE_SILENT","items_purchased":["Well Laid Plans","Backstab","Footwork"],"campfire_rested":1,"item_purchase_floors":[2,2,12],"current_hp_per_floor":[66,66,71,71,56,49,49,49,49,20,20,20,20,12,36,0],"gold":93,"neow_bonus":"HUNDRED_GOLD","is_prod":false,"is_daily":false,"chose_seed":false,"campfire_upgraded":1,"win_rate":0,"timestamp":1563154801,"path_taken":["M","$","?","?","?","E","R","M","T","E","?","$","M","?","R","BOSS"],"build_version":"2019-07-05","purchased_purges":1,"victory":false,"max_hp_per_floor":[70,70,75,75,75,82,82,82,82,82,82,82,82,82,82,82],"card_choices":[{"not_picked":["Blade Dance","Bane"],"picked":"Poisoned Stab","floor":1},{"not_picked":["Poisoned Stab","Setup"],"picked":"Quick Slash","floor":6},{"not_picked":["Underhanded Strike","Slice"],"picked":"Night Terror","floor":8},{"not_picked":["Prepared","Backstab"],"picked":"Infinite Blades","floor":10},{"not_picked":["Sucker Punch","Acrobatics","Dodge and Roll"],"picked":"SKIP","floor":13},{"not_picked":["Flying Knee","Tactician"],"picked":"Backflip","floor":14}],"player_experience":341810,"relics_obtained":[{"floor":6,"key":"Strawberry"},{"floor":9,"key":"Tiny Chest"},{"floor":10,"key":"Anchor"}],"event_choices":[{"damage_healed":0,"gold_gain":0,"player_choice":"Donut","damage_taken":0,"max_hp_gain":5,"max_hp_loss":0,"event_name":"Big Fish","floor":3,"gold_loss":0},{"damage_healed":0,"gold_gain":0,"player_choice":"Grow","damage_taken":0,"max_hp_gain":0,"max_hp_loss":0,"event_name":"Living Wall","floor":4,"gold_loss":0,"cards_upgraded":["Backstab"]},{"damage_healed":0,"gold_gain":0,"player_choice":"Entered Light","damage_taken":15,"max_hp_gain":0,"max_hp_loss":0,"event_name":"Shining Light","floor":5,"gold_loss":0,"cards_upgraded":["Defend_G","Well Laid Plans"]},{"cards_removed":["Strike_G"],"damage_healed":0,"gold_gain":0,"player_choice":"Purged","damage_taken":0,"max_hp_gain":0,"max_hp_loss":0,"event_name":"Purifier","floor":11,"gold_loss":0}],"is_beta":false,"boss_relics":[],"items_purged_floors":[12],"is_endless":false,"potions_floor_spawned":[10,13,14],"killed_by":"Slime Boss","ascension_level":3}