{"gold_per_floor":[112,37,37,47,47,47,66,66,92,127,52,25,25,59,59,59],"floor_reached":16,"playtime":636,"items_purged":["Strike_R"],"score":200,"play_id":"b4a896db-48b0-46f1-8f63-feafb60512b1","local_time":"20190117002158","is_ascension_mode":true,"campfire_choices":[{"data":"Uppercut","floor":6,"key":"SMITH"},{"data":"Shockwave","floor":8,"key":"SMITH"},{"data":"Reaper","floor":13,"key":"SMITH"},{"data":"Bash","floor":15,"key":"SMITH"}],"neow_cost":"NONE","seed_source_timestamp":360719996609169,"circlet_count":0,"master_deck":["AscendersBane","Strike_R","Strike_R","Defend_R","Defend_R","Defend_R","Defend_R","Bash+1","Shockwave+1","Uppercut+1","Reaper+1"],"relics":["Burning Blood","Anchor","Ancient Tea Set","Ornamental Fan"],"potions_floor_usage":[14,16],"damage_taken":[{"damage":9,"enemies":"Jaw Worm","floor":1,"turns":5},{"damage":2,"enemies":"2 Louse","floor":4,"turns":4},{"damage":3,"enemies":"Cultist","floor":7,"turns":4},{"damage":33,"enemies":"Gremlin Nob","floor":10,"turns":5},{"damage":8,"enemies":"Exordium Thugs","floor":12,"turns":4},{"damage":21,"enemies":"3 Sentries","floor":14,"turns":13},{"damage":31,"enemies":"Hexaghost","floor":16,"turns":11}],"seed_played":"3094044767870936779","potions_obtained":[{"floor":7,"key":"SpeedPotion"},{"floor":10,"key":"GamblersBrew"}],"is_trial":false,"path_per_floor":["M","?","?","M","$","R","M","R","T","E","$","M","R","E","R","B"],"character_chosen":"IRONCLAD","items_purchased":[],"campfire_rested":0,"item_purchase_floors":[],"current_hp_per_floor":[65,65,54,58,58,58,61,61,61,34,34,32,32,24,24,0],"gold":59,"neow_bonus":"REMOVE_CARD","is_prod":false,"is_daily":false,"chose_seed":false,"campfire_upgraded":4,"win_rate":0,"timestamp":1547680918,"path_taken":["M","?","?","?","?","R","M","R","T","E","$","?","R","E","R","BOSS"],"build_version":"2019-01-10","purchased_purges":1,"victory":false,"max_hp_per_floor":[75,75,75,75,75,75,75,75,75,75,75,75,75,75,75,75],"card_choices":[{"not_picked":["Armaments","Searing Blow"],"picked":"Shockwave","floor":1},{"not_picked":["Body Slam","Clash"],"picked":"Uppercut","floor":4},{"not_picked":["Clash","Thunderclap","Wild Strike"],"picked":"SKIP","floor":7},{"not_picked":["Dropkick","Heavy Blade","Corruption"],"picked":"SKIP","floor":10},{"not_picked":["Headbutt","Combust"],"picked":"Reaper","floor":12},{"not_picked":["Sword Boomerang","Cleave","Dual Wield"],"picked":"SKIP","floor":14}],"player_experience":514382,"relics_obtained":[{"floor":9,"key":"Anchor"},{"floor":10,"key":"Ancient Tea Set"},{"floor":14,"key":"Ornamental Fan"}],"event_choices":[{"cards_removed":["Strike_R"],"damage_healed":0,"gold_gain":0,"player_choice":"Card Removal","damage_taken":0,"max_hp_gain":0,"max_hp_loss":0,"event_name":"The Cleric","floor":2,"gold_loss":75},{"damage_healed":0,"gold_gain":0,"player_choice":"Damaged","damage_taken":11,"max_hp_gain":0,"max_hp_loss":0,"event_name":"Wheel of Change","floor":3,"gold_loss":0}],"is_beta":false,"boss_relics":[],"items_purged_floors":[11],"is_endless":false,"potions_floor_spawned":[7,10],"killed_by":"Hexaghost","ascension_level":17}