{"gold_per_floor":[111,111,131,147,160,160,190,190,190,190],"floor_reached":10,"playtime":368,"items_purged":[],"score":136,"play_id":"99d80ae6-4f6d-4416-991b-88c9b2a95e7e","local_time":"20191002191807","is_ascension_mode":true,"campfire_choices":[{"data":"True Grit","floor":6.0,"key":"SMITH"},{"data":"Pommel Strike","floor":8.0,"key":"SMITH"}],"neow_cost":"PERCENT_DAMAGE","seed_source_timestamp":0,"circlet_count":0,"master_deck":["AscendersBane","Strike_R+1","Strike_R","Strike_R+1","Strike_R","Defend_R","Defend_R","Defend_R","Defend_R","Bash","Demon Form","Burning Pact","True Grit+1","Thunderclap","Pommel Strike+1"],"special_seed":0,"relics":["Burning Blood","Whetstone","Smiling Mask"],"potions_floor_usage":[10,10,10],"damage_taken":[{"damage":13.0,"enemies":"Small Slimes","floor":1.0,"turns":6.0},{"damage":2.0,"enemies":"Jaw Worm","floor":3.0,"turns":6.0},{"damage":6.0,"enemies":"Cultist","floor":4.0,"turns":5.0},{"damage":11.0,"enemies":"Lots of Slimes","floor":5.0,"turns":4.0},{"damage":26.0,"enemies":"Lagavulin","floor":7.0,"turns":5.0},{"damage":22,"enemies":"3 Sentries","floor":10,"turns":6}],"seed_played":"8069762596374622268","potions_obtained":[{"floor":1.0,"key":"EntropicBrew"},{"floor":4.0,"key":"Fire Potion"}],"is_trial":false,"path_per_floor":["M","?","M","M","M","R","E","R","T","E"],"character_chosen":"IRONCLAD","items_purchased":[],"campfire_rested":0,"item_purchase_floors":[],"current_hp_per_floor":[43,43,47,47,42,42,22,22,22,0],"gold":190,"neow_bonus":"THREE_RARE_CARDS","is_prod":false,"is_daily":false,"chose_seed":false,"campfire_upgraded":2,"win_rate":0,"timestamp":1570058287,"path_taken":["M","?","M","M","M","R","E","R","T","E"],"build_version":"2019-10-02","purchased_purges":0,"victory":false,"max_hp_per_floor":[75,75,75,75,75,75,75,75,75,75],"card_choices":[{"not_picked":["Reaper","Berserk"],"picked":"Demon Form","floor":0.0},{"not_picked":["Inflame","Warcry","Burning Pact"],"picked":"SKIP","floor":1.0},{"not_picked":["Warcry","Entrench"],"picked":"True Grit","floor":3.0},{"not_picked":["Rampage","Entrench"],"picked":"Thunderclap","floor":4.0},{"not_picked":["Body Slam","Thunderclap","Rupture"],"picked":"SKIP","floor":5.0},{"not_picked":["Carnage","Headbutt"],"picked":"Pommel Strike","floor":7.0}],"player_experience":1204126,"relics_obtained":[{"floor":7.0,"key":"Whetstone"},{"floor":9.0,"key":"Smiling Mask"}],"event_choices":[{"damage_healed":0.0,"max_hp_gain":0.0,"max_hp_loss":0.0,"gold_gain":0.0,"cards_transformed":["Strike_R"],"event_name":"Living Wall","player_choice":"Change","floor":2.0,"gold_loss":0.0,"damage_taken":0.0,"cards_obtained":["Burning Pact"]}],"is_beta":true,"boss_relics":[],"items_purged_floors":[],"is_endless":false,"potions_floor_spawned":[1,4],"killed_by":"3 Sentries","ascension_level":20}