{"gold_per_floor":[118,43,43,43,62,92,92,120,120,139,9,9,9,21,21,96,96,111,126,176,193,213,213,213],"floor_reached":24,"playtime":693,"items_purged":["Strike_B"],"score":427,"play_id":"d56a2c91-4a29-44a1-bab0-f331318dedda","local_time":"20190820012548","is_ascension_mode":true,"campfire_choices":[{"data":"Melter","floor":7,"key":"SMITH"},{"data":"Sunder","floor":13,"key":"SMITH"},{"data":"Rip and Tear","floor":15,"key":"SMITH"},{"floor":23,"key":"REST"}],"neow_cost":"NONE","seed_source_timestamp":24672378322800,"circlet_count":0,"master_deck":["AscendersBane","Strike_B","Defend_B","Defend_B","Defend_B","Defend_B","Zap","Dualcast","Rip and Tear+1","Melter+1","Ball Lightning","Cold Snap","Sunder+1","Conserve Battery","Creative AI","Glacier","Skim+1","Stack"],"special_seed":0,"relics":["Cracked Core","NeowsBlessing","Unceasing Top","Vajra","Smiling Mask","WingedGreaves","Philosopher\u0027s Stone"],"potions_floor_usage":[16,19,22],"damage_taken":[{"damage":0.0,"enemies":"Jaw Worm","floor":1.0,"turns":1.0},{"damage":0.0,"enemies":"2 Louse","floor":5.0,"turns":1.0},{"damage":0,"enemies":"Gremlin Nob","floor":6,"turns":1},{"damage":30,"enemies":"3 Sentries","floor":8,"turns":6},{"damage":0,"enemies":"Small Slimes","floor":10,"turns":2},{"damage":11,"enemies":"Exordium Thugs","floor":14,"turns":3},{"damage":29,"enemies":"Hexaghost","floor":16,"turns":8},{"damage":21,"enemies":"2 Thieves","floor":18,"turns":3},{"damage":1,"enemies":"Chosen","floor":19,"turns":5},{"damage":21,"enemies":"Snake Plant","floor":21,"turns":5},{"damage":10,"enemies":"Chosen and Byrds","floor":22,"turns":7},{"damage":24,"enemies":"Gremlin Leader","floor":24,"turns":3}],"seed_played":"3930205056015535619","potions_obtained":[{"floor":5,"key":"Poison Potion"},{"floor":10,"key":"AttackPotion"},{"floor":18,"key":"Block Potion"},{"floor":21,"key":"AttackPotion"}],"is_trial":false,"path_per_floor":["M","?","?","?","M","E","R","E","T","M","$","?","R","M","R","B",null,"M","M","?","M","M","R","E"],"character_chosen":"DEFECT","items_purchased":["Sunder"],"campfire_rested":1,"item_purchase_floors":[11],"current_hp_per_floor":[64,64,57,57,57,57,57,27,27,27,27,50,50,39,39,10,56,35,34,34,13,3,24,0],"gold":213,"neow_bonus":"THREE_ENEMY_KILL","is_prod":false,"is_daily":false,"chose_seed":false,"campfire_upgraded":3,"win_rate":0,"timestamp":1566278748,"path_taken":["M","?","?","?","M","E","R","E","T","?","$","?","R","M","R","BOSS","M","M","?","M","M","R","E"],"build_version":"2019-07-17","purchased_purges":1,"victory":false,"max_hp_per_floor":[71,71,71,71,71,71,71,71,71,71,71,71,71,71,71,71,71,71,71,71,71,71,71,71],"card_choices":[{"not_picked":["Turbo","Barrage"],"picked":"Go for the Eyes","floor":1.0},{"not_picked":["Gash","Go for the Eyes"],"picked":"Rip and Tear","floor":5},{"not_picked":["Loop","Thunder Strike"],"picked":"Melter","floor":6},{"not_picked":["Recycle","Barrage"],"picked":"Ball Lightning","floor":8},{"not_picked":["Go for the Eyes","Turbo"],"picked":"Cold Snap","floor":10},{"not_picked":["Go for the Eyes","Hologram"],"picked":"Conserve Battery","floor":14},{"not_picked":["Reboot","Fission"],"picked":"Creative AI","floor":16},{"not_picked":["Static Discharge+1","Hologram"],"picked":"Glacier","floor":18},{"not_picked":["Sunder","Ball Lightning+1","Streamline"],"picked":"SKIP","floor":19},{"not_picked":["Compile Driver","Steam Power"],"picked":"Skim+1","floor":21},{"not_picked":["Redo","Reprogram"],"picked":"Stack","floor":22}],"player_experience":829932,"relics_obtained":[{"floor":6,"key":"Vajra"},{"floor":8,"key":"Smiling Mask"},{"floor":9,"key":"WingedGreaves"}],"event_choices":[{"cards_removed":["Strike_B"],"damage_healed":0.0,"max_hp_gain":0.0,"max_hp_loss":0.0,"gold_gain":0.0,"event_name":"The Cleric","player_choice":"Card Removal","floor":2.0,"gold_loss":75.0,"damage_taken":0.0},{"cards_removed":["Strike_B"],"damage_healed":0.0,"max_hp_gain":0.0,"max_hp_loss":0.0,"gold_gain":0.0,"event_name":"Golden Wing","player_choice":"Card Removal","floor":3.0,"gold_loss":0.0,"damage_taken":7.0},{"cards_removed":["Go for the Eyes"],"damage_healed":0.0,"max_hp_gain":0.0,"max_hp_loss":0.0,"gold_gain":0.0,"event_name":"WeMeetAgain","player_choice":"Gave Card","floor":4.0,"gold_loss":0.0,"damage_taken":0.0,"relics_obtained":["Unceasing Top"]},{"damage_healed":23,"gold_gain":0,"player_choice":"Banana","damage_taken":0,"max_hp_gain":0,"max_hp_loss":0,"event_name":"Big Fish","floor":12,"gold_loss":0},{"damage_healed":0,"gold_gain":50,"player_choice":"Stole From Cult","damage_taken":0,"max_hp_gain":0,"max_hp_loss":0,"event_name":"Nest","floor":20,"gold_loss":0}],"is_beta":false,"boss_relics":[{"not_picked":["Pandora\u0027s Box","Astrolabe"],"picked":"Philosopher\u0027s Stone"}],"items_purged_floors":[11],"is_endless":false,"potions_floor_spawned":[5,10,14,18,21],"killed_by":"Gremlin Leader","ascension_level":17}