{"gold_per_floor":[109,120,120,47,66,66,97,110,110,141,141],"floor_reached":11,"playtime":364,"items_purged":[],"score":145,"play_id":"f2e18125-ceeb-433f-8d43-7e0aff13fbad","local_time":"20190822232429","is_ascension_mode":true,"campfire_choices":[{"data":"True Grit","floor":6,"key":"SMITH"}],"neow_cost":"TEN_PERCENT_HP_LOSS","seed_source_timestamp":276952322121299,"circlet_count":0,"master_deck":["AscendersBane","Strike_R","Strike_R","Strike_R","Strike_R","Strike_R","Defend_R","Defend_R","Defend_R","Defend_R","Bash","Metallicize","Uppercut","Shrug It Off","Demon Form","Sword Boomerang","Thunderclap","True Grit+1","Bloodletting","Battle Trance","Heavy Blade","Pommel Strike"],"relics":["Burning Blood","Prayer Wheel","NlothsMask","Kunai","Turnip"],"potions_floor_usage":[10],"damage_taken":[{"damage":7,"enemies":"Small Slimes","floor":1,"turns":4},{"damage":0,"enemies":"Cultist","floor":2,"turns":4},{"damage":4,"enemies":"2 Louse","floor":5,"turns":3},{"damage":47,"enemies":"3 Sentries","floor":7,"turns":8},{"damage":9,"enemies":"Looter","floor":8,"turns":4},{"damage":21,"enemies":"Gremlin Nob","floor":10,"turns":3},{"damage":10,"enemies":"Red Slaver","floor":11,"turns":5}],"seed_played":"3224005343461025644","potions_obtained":[{"floor":1,"key":"AttackPotion"},{"floor":10,"key":"Strength Potion"}],"is_trial":false,"path_per_floor":["M","M","?","$","M","R","E","M","T","E","M"],"character_chosen":"IRONCLAD","items_purchased":["Sword Boomerang","Thunderclap"],"campfire_rested":0,"item_purchase_floors":[4,4],"current_hp_per_floor":[67,68,68,68,68,68,27,24,24,9,0],"gold":141,"neow_bonus":"ONE_RARE_RELIC","is_prod":false,"is_daily":false,"chose_seed":false,"campfire_upgraded":1,"win_rate":0,"timestamp":1566530669,"path_taken":["M","M","?","$","?","R","E","M","T","E","M"],"build_version":"2019-07-17","purchased_purges":0,"victory":false,"max_hp_per_floor":[68,68,68,68,68,68,68,68,68,68,68],"card_choices":[{"not_picked":["Intimidate","Blood for Blood"],"picked":"Metallicize","floor":1},{"not_picked":["Pommel Strike","Cleave"],"picked":"Uppercut","floor":1},{"not_picked":["Warcry","Flex"],"picked":"Shrug It Off","floor":2},{"not_picked":["Shrug It Off","Wild Strike"],"picked":"Demon Form","floor":2},{"not_picked":["Bloodletting","Thunderclap"],"picked":"True Grit","floor":5},{"not_picked":["Searing Blow","Infernal Blade","Rupture"],"picked":"SKIP","floor":5},{"not_picked":["Warcry","Hemokinesis"],"picked":"Bloodletting","floor":7},{"not_picked":["Burning Pact","Cleave"],"picked":"Battle Trance","floor":8},{"not_picked":["Armaments","Sword Boomerang"],"picked":"Heavy Blade","floor":8},{"not_picked":["Blood for Blood","Hemokinesis"],"picked":"Pommel Strike","floor":10}],"player_experience":891146,"relics_obtained":[{"floor":7,"key":"Kunai"},{"floor":10,"key":"Turnip"}],"event_choices":[{"damage_healed":0,"gold_gain":0,"player_choice":"Trade","damage_taken":0,"relics_obtained":["NlothsMask"],"max_hp_gain":0,"max_hp_loss":0,"event_name":"FaceTrader","floor":3,"gold_loss":0}],"is_beta":false,"boss_relics":[],"items_purged_floors":[],"is_endless":false,"potions_floor_spawned":[1,10],"killed_by":"Red Slaver","ascension_level":15}