{"gold_per_floor":[109,59,59,71,82,114,114,114,114,114,124,49,64,92,92,192,192,206,220,232,248,55,55,55,55,55,55,73,73,93,93,93,194,194,213,213,233,253,270,270,270,270,270,281,281,301,320,334,334,334],"floor_reached":51,"playtime":3410,"items_purged":["Strike_G","Strike_G"],"score":755,"play_id":"b6bc3f5e-dcf8-41a3-b71c-c5a60f38993c","local_time":"20191023105216","is_ascension_mode":true,"campfire_choices":[{"data":"Neutralize","floor":7,"key":"SMITH"},{"data":"Blade Dance","floor":10,"key":"SMITH"},{"floor":15,"key":"REST"},{"data":"Finesse","floor":23,"key":"SMITH"},{"data":"After Image","floor":25,"key":"SMITH"},{"data":"Blade Dance","floor":27,"key":"SMITH"},{"floor":32,"key":"REST"},{"data":"Infinite Blades","floor":40,"key":"SMITH"},{"data":"Master of Strategy","floor":42,"key":"SMITH"},{"data":"Accuracy","floor":49,"key":"SMITH"}],"neow_cost":"NONE","seed_source_timestamp":67470994603400,"circlet_count":0,"master_deck":["Strike_G+1","Strike_G+1","Defend_G+1","Defend_G+1","Defend_G+1","Defend_G+1","Defend_G+1","Survivor+1","Neutralize+1","Blade Dance+1","Blade Dance+1","Venomology+1","Blade Dance+1","Blade Dance+1","Escape Plan+1","PiercingWail+1","Infinite Blades+1","After Image+1","Well Laid Plans+1","Finesse+1","Accuracy+1","Escape Plan+1","Cloak And Dagger+1","Infinite Blades+1","Master of Strategy+1","Parasite","Accuracy+1","Accuracy+1"],"relics":["Ring of the Snake","Ice Cream","Ginger","Ninja Scroll","Orrery","Prayer Wheel","Sozu","Mark of the Bloom","Ancient Tea Set"],"potions_floor_usage":[16,16,16,16,19,19,20,20,28,30,33,33,50],"damage_taken":[{"damage":0,"enemies":"2 Louse","floor":1,"turns":3},{"damage":0,"enemies":"Small Slimes","floor":4,"turns":3},{"damage":0,"enemies":"Cultist","floor":5,"turns":5},{"damage":46,"enemies":"3 Sentries","floor":6,"turns":14},{"damage":13,"enemies":"Lots of Slimes","floor":11,"turns":4},{"damage":0,"enemies":"Red Slaver","floor":13,"turns":5},{"damage":30,"enemies":"Lagavulin","floor":14,"turns":8},{"damage":52,"enemies":"Slime Boss","floor":16,"turns":18},{"damage":0,"enemies":"3 Byrds","floor":18,"turns":7},{"damage":7,"enemies":"Chosen","floor":19,"turns":5},{"damage":14,"enemies":"Snecko","floor":20,"turns":9},{"damage":27,"enemies":"Cultist and Chosen","floor":21,"turns":10},{"damage":13,"enemies":"Shelled Parasite and Fungi","floor":28,"turns":7},{"damage":0,"enemies":"Centurion and Healer","floor":30,"turns":7},{"damage":14,"enemies":"Champ","floor":33,"turns":11},{"damage":2,"enemies":"3 Darklings","floor":35,"turns":6},{"damage":0,"enemies":"3 Shapes","floor":37,"turns":4},{"damage":5,"enemies":"Maw","floor":38,"turns":6},{"damage":2,"enemies":"Sphere and 2 Shapes","floor":39,"turns":4},{"damage":0,"enemies":"Writhing Mass","floor":44,"turns":7},{"damage":0,"enemies":"Maw","floor":46,"turns":5},{"damage":0,"enemies":"Jaw Worm Horde","floor":47,"turns":3},{"damage":0,"enemies":"3 Darklings","floor":48,"turns":4},{"damage":9,"enemies":"Donu and Deca","floor":50,"turns":6}],"seed_played":"5694771421470628926","potions_obtained":[{"floor":4,"key":"Ancient Potion"},{"floor":6,"key":"GamblersBrew"},{"floor":13,"key":"Weak Potion"},{"floor":16,"key":"SpeedPotion"},{"floor":18,"key":"Regen Potion"},{"floor":21,"key":"Poison Potion"},{"floor":33,"key":"LiquidBronze"}],"is_trial":false,"path_per_floor":["M","?","?","M","M","E","R","?","T","R","M","$","M","E","R","B",null,"M","M","M","M","$","R","$","R","T","R","M","?","M","?","R","B",null,"M","?","M","M","M","R","?","R","T","M","?","M","M","M","R","B",null],"character_chosen":"THE_SILENT","items_purchased":["Finesse"],"campfire_rested":2,"item_purchase_floors":[22],"current_hp_per_floor":[77,77,77,77,77,31,31,77,77,77,64,64,64,34,57,5,77,77,70,68,41,41,41,41,41,41,41,28,14,14,14,38,24,82,80,80,80,75,73,73,73,73,73,73,73,73,73,73,73,64],"gold":334,"neow_bonus":"TEN_PERCENT_HP_BONUS","is_prod":false,"is_daily":false,"chose_seed":false,"campfire_upgraded":8,"win_rate":0,"timestamp":1571842336,"path_taken":["M","?","?","M","M","E","R","?","T","R","?","?","M","E","R","BOSS","M","M","?","?","$","R","?","R","T","R","M","?","M","?","R","BOSS","M","?","M","M","M","R","?","R","T","M","?","?","M","M","R","BOSS"],"build_version":"2019-07-17","purchased_purges":2,"victory":true,"max_hp_per_floor":[77,77,77,77,77,77,77,77,77,77,77,77,77,77,77,77,77,77,77,77,77,77,77,77,77,77,77,77,82,82,82,82,82,82,82,82,82,82,82,82,82,82,82,82,82,82,82,82,82,82],"card_choices":[{"not_picked":["Backflip","Flying Knee"],"picked":"Blade Dance","floor":1},{"not_picked":["Flying Knee","Deadly Poison","Slice"],"picked":"SKIP","floor":4},{"not_picked":["Backstab","Slice"],"picked":"Blade Dance","floor":5},{"not_picked":["Sucker Punch","Acrobatics","Quick Slash"],"picked":"SKIP","floor":6},{"not_picked":["Quick Slash","Slice","Choke"],"picked":"SKIP","floor":11},{"not_picked":["Quick Slash","Bane","Expertise"],"picked":"SKIP","floor":13},{"not_picked":["Calculated Gamble","Poisoned Stab"],"picked":"Venomology","floor":14},{"not_picked":["Flying Knee","Setup"],"picked":"Blade Dance","floor":17},{"not_picked":["Dagger Throw","Well Laid Plans"],"picked":"Blade Dance","floor":17},{"not_picked":["Heel Hook","Acrobatics"],"picked":"Escape Plan","floor":17},{"not_picked":["Tactician","Sucker Punch"],"picked":"PiercingWail","floor":17},{"not_picked":["PiercingWail+1","Heel Hook+1"],"picked":"Infinite Blades+1","floor":18},{"not_picked":["Tactician","Blur"],"picked":"After Image","floor":19},{"not_picked":["Quick Slash","Deadly Poison"],"picked":"Well Laid Plans","floor":20},{"not_picked":["Riddle With Holes","Poisoned Stab","Skewer"],"picked":"SKIP","floor":21},{"not_picked":["Cloak And Dagger","Poisoned Stab"],"picked":"Accuracy+1","floor":28},{"not_picked":["Dagger Spray","Endless Agony","Escape Plan+1"],"picked":"SKIP","floor":28},{"not_picked":["Dagger Throw+1","Dagger Spray"],"picked":"Escape Plan+1","floor":30},{"not_picked":["All Out Attack","Underhanded Strike","PiercingWail"],"picked":"SKIP","floor":30},{"not_picked":["Masterful Stab","Sucker Punch+1"],"picked":"Cloak And Dagger+1","floor":35},{"not_picked":["Prepared","Underhanded Strike","Calculated Gamble+1"],"picked":"SKIP","floor":35},{"not_picked":["Underhanded Strike","Deadly Poison+1","Outmaneuver"],"picked":"SKIP","floor":37},{"not_picked":["Expertise+1","Terror","Footwork"],"picked":"SKIP","floor":37},{"not_picked":["Expertise","Deflect"],"picked":"Infinite Blades","floor":38},{"not_picked":["Reflex","Skewer","Prepared"],"picked":"SKIP","floor":38},{"not_picked":["Bane+1","Masterful Stab","Deadly Poison+1"],"picked":"SKIP","floor":39},{"not_picked":["Dagger Spray+1","Slice+1","Tactician"],"picked":"SKIP","floor":39},{"not_picked":["Panacea","Purity"],"picked":"Master of Strategy","floor":41},{"not_picked":["Underhanded Strike","Poisoned Stab+1","Footwork"],"picked":"SKIP","floor":44},{"not_picked":["Concentrate","Endless Agony","Flechettes"],"picked":"SKIP","floor":44},{"not_picked":["Flying Knee+1","Deadly Poison+1","Heel Hook+1"],"picked":"SKIP","floor":46},{"not_picked":["Deflect","Dodge and Roll","Outmaneuver+1"],"picked":"SKIP","floor":46},{"not_picked":["Caltrops+1","PiercingWail+1"],"picked":"Accuracy","floor":47},{"not_picked":["Catalyst+1","Terror","Deflect"],"picked":"SKIP","floor":47},{"not_picked":["Poisoned Stab","Acrobatics","Dagger Throw+1"],"picked":"SKIP","floor":48},{"not_picked":["Crippling Poison+1","Predator","Infinite Blades"],"picked":"SKIP","floor":48}],"player_experience":174784,"relics_obtained":[{"floor":6,"key":"Ice Cream"},{"floor":9,"key":"Ginger"},{"floor":14,"key":"Ninja Scroll"},{"floor":26,"key":"Prayer Wheel"},{"floor":43,"key":"Ancient Tea Set"}],"event_choices":[{"cards_removed":["Strike_G"],"damage_healed":0,"gold_gain":0,"player_choice":"Card Removal","damage_taken":0,"max_hp_gain":0,"max_hp_loss":0,"event_name":"The Cleric","floor":2,"gold_loss":50},{"damage_healed":0,"gold_gain":0,"player_choice":"Ignored","damage_taken":0,"max_hp_gain":0,"max_hp_loss":0,"event_name":"Liars Game","floor":3,"gold_loss":0},{"damage_healed":46,"gold_gain":0,"player_choice":"Full Heal","damage_taken":0,"max_hp_gain":0,"max_hp_loss":0,"event_name":"Wheel of Change","floor":8,"gold_loss":0},{"damage_healed":0,"gold_gain":0,"player_choice":"Shed Blood","damage_taken":19,"max_hp_gain":5,"max_hp_loss":0,"event_name":"Forgotten Altar","floor":29,"gold_loss":0},{"damage_healed":0,"gold_gain":0,"player_choice":"Ignored","damage_taken":0,"max_hp_gain":0,"max_hp_loss":0,"event_name":"Vampires","floor":31,"gold_loss":0},{"damage_healed":0,"gold_gain":0,"player_choice":"Upgrade","damage_taken":0,"relics_obtained":["Mark of the Bloom"],"max_hp_gain":0,"max_hp_loss":0,"event_name":"MindBloom","floor":36,"gold_loss":0,"cards_upgraded":["Strike_G","Strike_G","Defend_G","Defend_G","Defend_G","Defend_G","Defend_G","Survivor","Venomology","Blade Dance","Blade Dance","Escape Plan","PiercingWail","Well Laid Plans"]},{"damage_healed":0,"gold_gain":0,"player_choice":"Memory 1","damage_taken":0,"max_hp_gain":0,"max_hp_loss":0,"event_name":"SensoryStone","floor":41,"gold_loss":0},{"damage_healed":0,"gold_gain":0,"player_choice":"Copied","damage_taken":0,"max_hp_gain":0,"max_hp_loss":0,"event_name":"Duplicator","floor":45,"gold_loss":0,"cards_obtained":["Accuracy"]}],"is_beta":false,"boss_relics":[{"not_picked":["White Beast Statue","Fusion Hammer"],"picked":"Orrery"},{"not_picked":["Runic Dome","Pandora\u0027s Box"],"picked":"Sozu"}],"items_purged_floors":[12,22],"is_endless":false,"potions_floor_spawned":[4,6,13,16,18,21,33,35,38,46],"ascension_level":3}