{"gold_per_floor":[113,113,113,126,138,138,165,165,190,190,208,208,208,224,224,298,298,313,363,161,161,161,161,172,203,203,203,103,303,315,349,349,428,428,443,459,475,88,99,99,115,115,164,192,192,192,204,233,233,233],"floor_reached":51,"playtime":2567,"items_purged":["Defend_R","Defend_R","Defend_R"],"score":1542,"play_id":"d2c6dd62-136e-4419-8365-846054ba450b","local_time":"20191023181837","is_ascension_mode":true,"campfire_choices":[{"data":"Shrug It Off","floor":6.0,"key":"SMITH"},{"data":"Demon Form","floor":10.0,"key":"SMITH"},{"data":"Shrug It Off","floor":12.0,"key":"SMITH"},{"data":"Bash","floor":15.0,"key":"SMITH"},{"data":"Bludgeon","floor":23.0,"key":"SMITH"},{"data":"Heavy Blade","floor":27.0,"key":"SMITH"},{"floor":32.0,"key":"REST"},{"data":"Bludgeon","floor":40,"key":"SMITH"},{"data":"Intimidate","floor":42,"key":"SMITH"},{"data":"Pummel","floor":45,"key":"SMITH"},{"data":"Impervious","floor":49,"key":"SMITH"}],"neow_cost":"NONE","seed_source_timestamp":0,"circlet_count":0,"master_deck":["AscendersBane","Strike_R+1","Strike_R+1","Strike_R+1","Defend_R","Bash+1","Shrug It Off+1","Pummel+1","Pummel+1","Demon Form+1","Shrug It Off+1","Bludgeon+1","Intimidate+1","Heavy Blade+1","Bludgeon+1","Impervious+1","Barricade"],"special_seed":0,"relics":["Burning Blood","Happy Flower","Whetstone","Snecko Eye","Tiny Chest","Strawberry","Blood Vial","PreservedInsect","Bag of Preparation","Sozu","Meat on the Bone","Omamori","Art of War","Pear","Boot"],"potions_floor_usage":[],"damage_taken":[{"damage":11.0,"enemies":"Small Slimes","floor":1.0,"turns":6.0},{"damage":9.0,"enemies":"Jaw Worm","floor":4.0,"turns":9.0},{"damage":2.0,"enemies":"2 Louse","floor":5.0,"turns":3.0},{"damage":19.0,"enemies":"Lagavulin","floor":7.0,"turns":5.0},{"damage":16.0,"enemies":"Exordium Thugs","floor":11.0,"turns":4.0},{"damage":3.0,"enemies":"Blue Slaver","floor":14.0,"turns":4.0},{"damage":0.0,"enemies":"Hexaghost","floor":16.0,"turns":5.0},{"damage":11.0,"enemies":"Spheric Guardian","floor":18.0,"turns":4.0},{"damage":11.0,"enemies":"2 Thieves","floor":24.0,"turns":3.0},{"damage":40.0,"enemies":"Book of Stabbing","floor":25.0,"turns":6.0},{"damage":12.0,"enemies":"Centurion and Healer","floor":30.0,"turns":3.0},{"damage":21.0,"enemies":"Gremlin Leader","floor":31.0,"turns":4.0},{"damage":29.0,"enemies":"Automaton","floor":33.0,"turns":6.0},{"damage":13.0,"enemies":"3 Darklings","floor":35.0,"turns":4.0},{"damage":0.0,"enemies":"Orb Walker","floor":36.0,"turns":1.0},{"damage":21.0,"enemies":"3 Darklings","floor":37.0,"turns":4.0},{"damage":20,"enemies":"4 Shapes","floor":39,"turns":4},{"damage":0,"enemies":"Transient","floor":41,"turns":6},{"damage":2,"enemies":"Giant Head","floor":44,"turns":3},{"damage":0,"enemies":"Writhing Mass","floor":47,"turns":3},{"damage":0,"enemies":"Reptomancer","floor":48,"turns":3},{"damage":62,"enemies":"Donu and Deca","floor":50,"turns":7}],"seed_played":"5716358128778288484","potions_obtained":[{"floor":1.0,"key":"Strength Potion"},{"floor":4.0,"key":"Weak Potion"},{"floor":7.0,"key":"SkillPotion"},{"floor":16.0,"key":"Dexterity Potion"},{"floor":24.0,"key":"Explosive Potion"},{"floor":25.0,"key":"SteroidPotion"},{"floor":31.0,"key":"Poison Potion"}],"is_trial":false,"path_per_floor":["M","?","?","M","M","R","E","?","T","R","M","R","?","M","R","B",null,"M","?","$","?","T","R","M","E","T","R","$","?","M","E","R","B",null,"M","M","M","$","M","R","M","R","T","E","R","T","M","E","R","B",null],"character_chosen":"IRONCLAD","items_purchased":["Tiny Chest","Meat on the Bone"],"campfire_rested":1,"item_purchase_floors":[20,38],"current_hp_per_floor":[70,70,63,60,64,64,51,26,26,26,16,16,16,19,19,25,68,63,63,63,63,70,70,65,31,31,31,31,31,27,14,40,19,72,67,75,62,62,62,62,70,70,70,76,76,86,94,99,99,55],"gold":233,"neow_bonus":"TEN_PERCENT_HP_BONUS","is_prod":false,"is_daily":false,"chose_seed":false,"campfire_upgraded":10,"win_rate":0,"timestamp":1571847517,"path_taken":["M","?","?","M","M","R","E","?","T","R","M","R","?","?","R","BOSS","M","?","$","?","?","R","?","E","T","R","?","?","M","E","R","BOSS","M","M","M","$","?","R","M","R","T","E","R","?","M","E","R","BOSS"],"build_version":"2019-07-17","purchased_purges":3,"victory":true,"max_hp_per_floor":[82,82,82,82,82,82,82,82,82,82,82,82,82,82,82,82,82,82,82,82,82,89,89,89,89,89,89,89,89,89,89,89,89,89,89,89,89,89,89,89,89,89,89,89,89,99,99,99,99,99],"card_choices":[{"not_picked":["Intimidate","Dropkick"],"picked":"Shrug It Off","floor":1.0},{"not_picked":["Flame Barrier","Twin Strike"],"picked":"Pummel","floor":4.0},{"not_picked":["Disarm","Warcry"],"picked":"Pummel","floor":5.0},{"not_picked":["Seeing Red","Shockwave"],"picked":"Demon Form","floor":7.0},{"not_picked":["Clash","Clothesline"],"picked":"Shrug It Off","floor":11.0},{"not_picked":["Heavy Blade","Armaments","Immolate"],"picked":"SKIP","floor":14.0},{"not_picked":["Offering","Dark Embrace"],"picked":"Bludgeon","floor":16.0},{"not_picked":["Anger","Iron Wave"],"picked":"Intimidate","floor":18.0},{"not_picked":["Clothesline","Dropkick","Sword Boomerang"],"picked":"SKIP","floor":24.0},{"not_picked":["Corruption","Armaments"],"picked":"Heavy Blade","floor":25.0},{"not_picked":["Evolve","Cleave","Twin Strike+1"],"picked":"SKIP","floor":30.0},{"not_picked":["Exhume","Twin Strike","Warcry"],"picked":"SKIP","floor":31.0},{"not_picked":["Barricade","Exhume"],"picked":"Bludgeon","floor":33.0},{"not_picked":["Perfected Strike+1","Wild Strike","Armaments"],"picked":"SKIP","floor":35.0},{"not_picked":["Twin Strike","Body Slam","Ghostly Armor"],"picked":"SKIP","floor":36.0},{"not_picked":["True Grit","Armaments","Warcry"],"picked":"SKIP","floor":37.0},{"not_picked":["Spot Weakness","Headbutt+1","Perfected Strike"],"picked":"SKIP","floor":39},{"not_picked":["Juggernaut","Warcry+1","Wild Strike"],"picked":"SKIP","floor":41},{"not_picked":["Cleave+1","Searing Blow"],"picked":"Impervious","floor":44},{"not_picked":["Body Slam","Seeing Red+1","Shrug It Off"],"picked":"SKIP","floor":47},{"not_picked":["Body Slam+1","Wild Strike+1"],"picked":"Barricade","floor":48}],"player_experience":520374,"relics_obtained":[{"floor":7.0,"key":"Happy Flower"},{"floor":9.0,"key":"Whetstone"},{"floor":22.0,"key":"Strawberry"},{"floor":25.0,"key":"Blood Vial"},{"floor":26.0,"key":"PreservedInsect"},{"floor":31.0,"key":"Bag of Preparation"},{"floor":43,"key":"Omamori"},{"floor":44,"key":"Art of War"},{"floor":46,"key":"Pear"},{"floor":48,"key":"Boot"}],"event_choices":[{"damage_healed":0.0,"max_hp_gain":0.0,"max_hp_loss":0.0,"gold_gain":0.0,"event_name":"Liars Game","player_choice":"Ignored","floor":2.0,"gold_loss":0.0,"damage_taken":0.0},{"cards_removed":["Strike_R"],"damage_healed":0.0,"max_hp_gain":0.0,"max_hp_loss":0.0,"gold_gain":0.0,"event_name":"Golden Wing","player_choice":"Card Removal","floor":3.0,"gold_loss":0.0,"damage_taken":7.0},{"damage_healed":0.0,"max_hp_gain":0.0,"max_hp_loss":0.0,"gold_gain":0.0,"event_name":"Shining Light","player_choice":"Entered Light","floor":8.0,"gold_loss":0.0,"damage_taken":25.0,"cards_upgraded":["Pummel","Strike_R"]},{"cards_removed":["Strike_R"],"damage_healed":0.0,"max_hp_gain":0.0,"max_hp_loss":0.0,"gold_gain":0.0,"event_name":"Bonfire Elementals","player_choice":"Offered Basic","floor":13.0,"gold_loss":0.0,"damage_taken":0.0},{"damage_healed":0.0,"max_hp_gain":0.0,"max_hp_loss":0.0,"gold_gain":50.0,"event_name":"Nest","player_choice":"Stole From Cult","floor":19.0,"gold_loss":0.0,"damage_taken":0.0},{"damage_healed":0.0,"max_hp_gain":0.0,"max_hp_loss":0.0,"gold_gain":0.0,"event_name":"Ghosts","player_choice":"Ignored","floor":21.0,"gold_loss":0.0,"damage_taken":0.0},{"damage_healed":0.0,"max_hp_gain":0.0,"max_hp_loss":0.0,"gold_gain":200.0,"event_name":"Wheel of Change","player_choice":"Gold","floor":29.0,"gold_loss":0.0,"damage_taken":0.0}],"is_beta":false,"boss_relics":[{"not_picked":["Mark of Pain","Runic Pyramid"],"picked":"Snecko Eye"},{"not_picked":["Lizard Tail","White Beast Statue"],"picked":"Sozu"}],"items_purged_floors":[20,28,38],"is_endless":false,"potions_floor_spawned":[1,4,7,16,24,25,31,35,37,44,47],"ascension_level":17}