{"gold_per_floor":[116,116,130,150,168,168,200,211,211,211,211,230,256,276,276,353,353,367,379,379,379,390,390,424,424,424,487,96,114,148,148,148,225,225,236,236],"floor_reached":36,"playtime":1916,"items_purged":["Strike_P"],"score":944,"play_id":"530d9da0-4a39-4ed1-8144-fb2623fc2773","local_time":"20191023151825","is_ascension_mode":true,"campfire_choices":[{"data":"Eruption","floor":6.0,"key":"SMITH"},{"data":"Consecrate","floor":11.0,"key":"SMITH"},{"data":"WindmillStrike","floor":15.0,"key":"SMITH"},{"floor":23.0,"key":"REST"},{"floor":25.0,"key":"REST"},{"floor":32.0,"key":"REST"}],"neow_cost":"NONE","seed_source_timestamp":0,"circlet_count":0,"master_deck":["AscendersBane","Strike_P","Defend_P","Defend_P","Defend_P","Defend_P","Eruption+1","Vigilance","LikeWater","Consecrate+1","CutThroughFate","EmptyBody","Wireheading","WindmillStrike+1","ReachHeaven","Conclude","Vengeance","Establishment","FearNoEvil","CrushJoints+1","Vault","Consecrate+1","Meditate","Judgement","Protect+1"],"special_seed":0,"relics":["PureWater","Lantern","Sundial","Bottled Lightning","Fusion Hammer","Meat on the Bone","Molten Egg 2","Tiny Chest","Question Card","Potion Belt","Cursed Key"],"potions_floor_usage":[],"damage_taken":[{"damage":0.0,"enemies":"Cultist","floor":1.0,"turns":3.0},{"damage":0.0,"enemies":"Small Slimes","floor":3.0,"turns":2.0},{"damage":11.0,"enemies":"2 Louse","floor":4.0,"turns":3.0},{"damage":7.0,"enemies":"Large Slime","floor":5.0,"turns":6.0},{"damage":13.0,"enemies":"Lagavulin","floor":7.0,"turns":5.0},{"damage":12.0,"enemies":"3 Louse","floor":8.0,"turns":4.0},{"damage":4.0,"enemies":"Blue Slaver","floor":12.0,"turns":5.0},{"damage":7.0,"enemies":"3 Sentries","floor":13.0,"turns":6.0},{"damage":0.0,"enemies":"2 Fungi Beasts","floor":14.0,"turns":3.0},{"damage":0.0,"enemies":"Hexaghost","floor":16.0,"turns":7.0},{"damage":7.0,"enemies":"3 Byrds","floor":18.0,"turns":3.0},{"damage":15.0,"enemies":"Shell Parasite","floor":19.0,"turns":3.0},{"damage":13.0,"enemies":"Snake Plant","floor":22.0,"turns":4.0},{"damage":10.0,"enemies":"Gremlin Leader","floor":24.0,"turns":4.0},{"damage":2.0,"enemies":"Slavers","floor":27.0,"turns":4.0},{"damage":21.0,"enemies":"Centurion and Healer","floor":29.0,"turns":4.0},{"damage":23.0,"enemies":"Gremlin Leader","floor":30.0,"turns":4.0},{"damage":35,"enemies":"Champ","floor":33,"turns":11},{"damage":24,"enemies":"3 Shapes","floor":35,"turns":9},{"damage":22,"enemies":"2 Orb Walkers","floor":36,"turns":3}],"seed_played":"-8467164606219184839","potions_obtained":[{"floor":2.0,"key":"FearPotion"},{"floor":2.0,"key":"PowerPotion"},{"floor":7.0,"key":"Strength Potion"},{"floor":14.0,"key":"AttackPotion"},{"floor":19.0,"key":"Ambrosia"},{"floor":22.0,"key":"DuplicationPotion"},{"floor":24.0,"key":"BottledMiracle"},{"floor":29.0,"key":"Swift Potion"}],"is_trial":false,"path_per_floor":["M","?","M","M","M","R","E","M","T","?","R","M","E","M","R","B",null,"M","M","?","?","M","R","E","R","T","E","$","M","E","?","R","B",null,"M","?"],"character_chosen":"WATCHER","items_purchased":["Meditate","Question Card"],"campfire_rested":3,"item_purchase_floors":[28,28],"current_hp_per_floor":[61,61,61,50,43,43,30,18,18,18,18,14,7,7,7,7,53,46,31,31,31,18,38,28,48,48,46,46,37,26,26,46,23,57,45,23],"gold":236,"neow_bonus":"TRANSFORM_CARD","is_prod":false,"is_daily":false,"chose_seed":false,"campfire_upgraded":3,"win_rate":0,"timestamp":1571858305,"path_taken":["M","?","M","?","M","R","E","M","T","?","R","M","E","M","R","BOSS","M","?","?","?","M","R","E","R","T","E","$","M","E","?","R","BOSS","M","?"],"build_version":"2019-10-22","purchased_purges":1,"victory":false,"max_hp_per_floor":[68,68,68,68,68,68,68,68,68,68,68,68,68,68,68,68,68,68,68,68,68,68,68,68,68,68,68,68,68,68,68,68,68,68,68,68],"card_choices":[{"not_picked":["Evaluate","Scrawl"],"picked":"Consecrate","floor":1.0},{"not_picked":["Weave","FollowUp"],"picked":"CutThroughFate","floor":3.0},{"not_picked":["Worship","Evaluate"],"picked":"EmptyBody","floor":4.0},{"not_picked":["BowlingBash","SashWhip"],"picked":"Wireheading","floor":5.0},{"not_picked":["EmptyBody","Devotion"],"picked":"WindmillStrike","floor":7.0},{"not_picked":["CarveReality","FlyingSleeves","ReachHeaven"],"picked":"SKIP","floor":8.0},{"not_picked":["CarveReality","FlyingSleeves"],"picked":"ReachHeaven","floor":8.0},{"not_picked":["PathToVictory","Evaluate"],"picked":"Conclude","floor":12.0},{"not_picked":["FollowUp","ThirdEye"],"picked":"Vengeance","floor":13.0},{"not_picked":["Consecrate","BowlingBash","Wish"],"picked":"SKIP","floor":14.0},{"not_picked":["Devotion","Omniscience"],"picked":"Establishment","floor":16.0},{"not_picked":["Study","Consecrate"],"picked":"FearNoEvil","floor":18.0},{"not_picked":["FollowUp","WreathOfFlame"],"picked":"CrushJoints+1","floor":19.0},{"not_picked":["CrushJoints","DevaForm"],"picked":"Consecrate+1","floor":22.0},{"not_picked":["Perseverance","FlurryOfBlows","InnerPeace"],"picked":"SKIP","floor":24.0},{"not_picked":["CutThroughFate+1","BowlingBash+1","EmptyBody"],"picked":"SKIP","floor":27.0},{"not_picked":["ThirdEye+1","WreathOfFlame","CutThroughFate+1","FearNoEvil+1"],"picked":"SKIP","floor":29.0},{"not_picked":["CarveReality+1","Prostrate","WreathOfFlame","JustLucky+1"],"picked":"SKIP","floor":30.0},{"not_picked":["ConjureBlade","LessonLearned+1","Blasphemy"],"picked":"Judgement","floor":33},{"not_picked":["Prostrate","CrushJoints+1","EmptyFist+1"],"picked":"Protect+1","floor":35}],"player_experience":1378556,"relics_obtained":[{"floor":7.0,"key":"Lantern"},{"floor":9.0,"key":"Sundial"},{"floor":13.0,"key":"Bottled Lightning"},{"floor":24.0,"key":"Meat on the Bone"},{"floor":26.0,"key":"Molten Egg 2"},{"floor":27.0,"key":"Tiny Chest"},{"floor":30.0,"key":"Potion Belt"}],"event_choices":[{"damage_healed":0.0,"max_hp_gain":0.0,"max_hp_loss":0.0,"gold_gain":0.0,"event_name":"Lab","player_choice":"Got Potions","floor":2.0,"gold_loss":0.0,"damage_taken":0.0},{"cards_removed":["Strike_P"],"damage_healed":0.0,"max_hp_gain":0.0,"max_hp_loss":0.0,"gold_gain":0.0,"event_name":"Bonfire Elementals","player_choice":"Offered Basic","floor":10.0,"gold_loss":0.0,"damage_taken":0.0},{"damage_healed":0.0,"max_hp_gain":0.0,"max_hp_loss":0.0,"gold_gain":0.0,"event_name":"The Library","player_choice":"Read","floor":20.0,"gold_loss":0.0,"damage_taken":0.0,"cards_obtained":["Vault"]},{"damage_healed":0.0,"max_hp_gain":0.0,"max_hp_loss":0.0,"gold_gain":0.0,"event_name":"Cursed Tome","player_choice":"Ignored","floor":21.0,"gold_loss":0.0,"damage_taken":0.0},{"damage_healed":0.0,"max_hp_gain":0.0,"max_hp_loss":0.0,"gold_gain":0.0,"event_name":"The Mausoleum","player_choice":"Ignored","floor":31.0,"gold_loss":0.0,"damage_taken":0.0},{"damage_healed":0,"gold_gain":0,"player_choice":"Fight","damage_taken":0,"max_hp_gain":0,"max_hp_loss":0,"event_name":"Mysterious Sphere","floor":36,"gold_loss":0}],"is_beta":true,"boss_relics":[{"not_picked":["Calling Bell","Velvet Choker"],"picked":"Fusion Hammer"},{"not_picked":["Pandora\u0027s Box","Snecko Eye"],"picked":"Cursed Key"}],"items_purged_floors":[28],"is_endless":false,"potions_floor_spawned":[4,7,14,19,22,24,29],"killed_by":"2 Orb Walkers","ascension_level":19}