{"gold_per_floor":[112,112,125,0,0,25,25,35,58,58,91,102,128,128,128,224,224,239,239,86,1,12,12,43,43,43,43,76,95,113,144,144,241,241,260,4,0,100,24,24,24,59,59,9,9],"floor_reached":45,"playtime":2425,"items_purged":["Strike_B","Defend_B","Strike_B","Defend_B"],"score":666,"play_id":"ec67972f-cab8-45b8-8147-c3d7d3ff9ec8","local_time":"20190718230527","is_ascension_mode":true,"campfire_choices":[{"data":"Steam","floor":7,"key":"SMITH"},{"data":"Zap","floor":10,"key":"SMITH"},{"floor":15,"key":"REST"},{"data":"Sunder","floor":23,"key":"SMITH"},{"data":"Static Discharge","floor":25,"key":"SMITH"},{"floor":32,"key":"REST"},{"floor":40,"key":"REST"}],"neow_cost":"NONE","seed_source_timestamp":180803952241200,"circlet_count":0,"master_deck":["Strike_B+1","Defend_B","Zap+1","Dualcast","Streamline+1","Coolheaded","Steam+1","Genetic Algorithm+1","Doom and Gloom","Ball Lightning","Static Discharge+1","Glacier+1","Electrodynamics","Sunder+1","Compile Driver","Heatsinks","Coolheaded","Rebound","Self Repair","Fission","Capacitor","Double Energy","Gash","Leap+1"],"relics":["Cracked Core","Strawberry","Whetstone","Orichalcum","Bag of Marbles","Smiling Mask","Busted Crown","Matryoshka","Pear","Anchor","Meat on the Bone","Art of War","Gremlin Horn","Fusion Hammer","Bag of Preparation","Red Mask","Unceasing Top","Question Card","Oddly Smooth Stone","Toxic Egg 2"],"potions_floor_usage":[11,13,16,31,33,45],"damage_taken":[{"damage":0,"enemies":"2 Louse","floor":1,"turns":1},{"damage":0,"enemies":"Small Slimes","floor":3,"turns":2},{"damage":28,"enemies":"Lagavulin","floor":6,"turns":6},{"damage":0,"enemies":"Cultist","floor":8,"turns":3},{"damage":13,"enemies":"3 Sentries","floor":11,"turns":6},{"damage":6,"enemies":"Looter","floor":12,"turns":2},{"damage":2,"enemies":"Gremlin Nob","floor":13,"turns":3},{"damage":20,"enemies":"Hexaghost","floor":16,"turns":7},{"damage":6,"enemies":"Chosen","floor":18,"turns":3},{"damage":1,"enemies":"Spheric Guardian","floor":22,"turns":3},{"damage":1,"enemies":"Gremlin Leader","floor":24,"turns":6},{"damage":3,"enemies":"Book of Stabbing","floor":28,"turns":6},{"damage":15,"enemies":"Shelled Parasite and Fungi","floor":29,"turns":4},{"damage":5,"enemies":"3 Cultists","floor":30,"turns":4},{"damage":10,"enemies":"Gremlin Leader","floor":31,"turns":5},{"damage":71,"enemies":"Champ","floor":33,"turns":11},{"damage":1,"enemies":"Orb Walker","floor":35,"turns":3},{"damage":0,"enemies":"Mind Bloom Boss Battle","floor":38,"turns":5},{"damage":72,"enemies":"Nemesis","floor":42,"turns":7},{"damage":59,"enemies":"Giant Head","floor":45,"turns":8}],"seed_played":"3326082987925605771","potions_obtained":[{"floor":1,"key":"SneckoOil"},{"floor":8,"key":"GamblersBrew"},{"floor":11,"key":"EssenceOfSteel"},{"floor":12,"key":"Fire Potion"},{"floor":24,"key":"SteroidPotion"},{"floor":28,"key":"SpeedPotion"},{"floor":30,"key":"Fire Potion"},{"floor":33,"key":"Ancient Potion"},{"floor":38,"key":"Regen Potion"}],"is_trial":false,"path_per_floor":["M","?","M","$","?","E","R","M","T","R","E","M","E","?","R","B",null,"M","?","$","?","M","R","E","R","T","?","E","M","M","E","R","B",null,"M","$","?","?","$","R","?","E","T","$","E"],"character_chosen":"DEFECT","items_purchased":["Steam","Compile Driver","Heatsinks","Capacitor","Bag of Preparation","Double Energy","Gash"],"campfire_rested":3,"item_purchase_floors":[4,20,20,36,36,36,39],"current_hp_per_floor":[75,75,75,75,80,52,52,52,52,52,39,33,31,14,40,20,70,64,64,64,64,63,63,72,72,72,72,69,54,49,51,80,28,80,86,86,86,93,93,97,97,44,44,44,0],"gold":9,"neow_bonus":"REMOVE_CARD","is_prod":false,"is_daily":false,"chose_seed":false,"campfire_upgraded":4,"win_rate":0,"timestamp":1563505527,"path_taken":["M","?","M","$","?","E","R","M","T","R","E","M","E","?","R","BOSS","M","?","$","?","M","R","E","R","T","?","E","M","M","E","R","BOSS","M","$","?","?","?","R","?","E","T","$","E"],"build_version":"2019-07-17","purchased_purges":4,"victory":false,"max_hp_per_floor":[75,82,82,82,87,87,87,87,87,87,87,87,87,87,87,87,87,87,87,87,87,87,87,97,97,97,97,97,97,97,97,97,97,97,97,97,97,97,97,97,97,97,97,97,97],"card_choices":[{"not_picked":["Fusion","Go for the Eyes"],"picked":"Streamline","floor":1},{"not_picked":["Cold Snap","Gash"],"picked":"Coolheaded","floor":3},{"not_picked":["Coolheaded","Leap"],"picked":"Genetic Algorithm","floor":6},{"not_picked":["Chill","Hello World"],"picked":"Doom and Gloom","floor":8},{"not_picked":["Beam Cell","Coolheaded"],"picked":"Ball Lightning","floor":11},{"not_picked":["Rainbow","Redo"],"picked":"Static Discharge","floor":12},{"not_picked":["Go for the Eyes","Rebound"],"picked":"Glacier","floor":13},{"not_picked":["Reboot","Seek"],"picked":"Electrodynamics","floor":16},{"not_picked":[],"picked":"Sunder","floor":18},{"not_picked":[],"picked":"Coolheaded","floor":22},{"not_picked":["Chaos"],"picked":"SKIP","floor":24},{"not_picked":["Streamline"],"picked":"SKIP","floor":28},{"not_picked":[],"picked":"Turbo","floor":29},{"not_picked":["Heatsinks"],"picked":"SKIP","floor":30},{"not_picked":[],"picked":"Self Repair","floor":31},{"not_picked":[],"picked":"Fission","floor":33},{"not_picked":["Compile Driver"],"picked":"SKIP","floor":35},{"not_picked":[],"picked":"Leap+1","floor":42}],"player_experience":408369,"relics_obtained":[{"floor":6,"key":"Whetstone"},{"floor":9,"key":"Orichalcum"},{"floor":11,"key":"Bag of Marbles"},{"floor":13,"key":"Smiling Mask"},{"floor":24,"key":"Pear"},{"floor":26,"key":"Anchor"},{"floor":26,"key":"Meat on the Bone"},{"floor":28,"key":"Art of War"},{"floor":31,"key":"Gremlin Horn"},{"floor":38,"key":"Unceasing Top"},{"floor":42,"key":"Question Card"},{"floor":43,"key":"Oddly Smooth Stone"},{"floor":43,"key":"Toxic Egg 2"}],"event_choices":[{"damage_healed":0,"gold_gain":0,"player_choice":"Success","damage_taken":7,"relics_obtained":["Strawberry"],"max_hp_gain":0,"max_hp_loss":0,"event_name":"Scrap Ooze","floor":2,"gold_loss":0},{"damage_healed":0,"gold_gain":0,"player_choice":"Donut","damage_taken":0,"max_hp_gain":5,"max_hp_loss":0,"event_name":"Big Fish","floor":5,"gold_loss":0},{"damage_healed":0,"gold_gain":0,"player_choice":"Entered Light","damage_taken":17,"max_hp_gain":0,"max_hp_loss":0,"event_name":"Shining Light","floor":14,"gold_loss":0,"cards_upgraded":["Glacier","Genetic Algorithm"]},{"damage_healed":0,"gold_gain":0,"player_choice":"Ignored","damage_taken":0,"max_hp_gain":0,"max_hp_loss":0,"event_name":"Ghosts","floor":19,"gold_loss":0},{"damage_healed":0,"gold_gain":0,"player_choice":"Obtained Relic","damage_taken":0,"relics_obtained":["Matryoshka"],"max_hp_gain":0,"max_hp_loss":0,"event_name":"Addict","floor":21,"gold_loss":85},{"damage_healed":0,"gold_gain":0,"cards_transformed":["Defend_B"],"player_choice":"Transformed","damage_taken":0,"max_hp_gain":0,"max_hp_loss":0,"event_name":"Transmorgrifier","floor":27,"gold_loss":0,"cards_obtained":["Rebound"]},{"damage_healed":0,"gold_gain":0,"player_choice":"Paid","damage_taken":0,"relics_obtained":["Red Mask"],"max_hp_gain":0,"max_hp_loss":0,"event_name":"Tomb of Lord Red Mask","floor":37,"gold_loss":4},{"damage_healed":0,"gold_gain":0,"player_choice":"Fight","damage_taken":0,"max_hp_gain":0,"max_hp_loss":0,"event_name":"MindBloom","floor":38,"gold_loss":0},{"cards_removed":["Turbo"],"damage_healed":0,"gold_gain":0,"player_choice":"Removed Skill","damage_taken":0,"max_hp_gain":0,"max_hp_loss":0,"event_name":"Falling","floor":41,"gold_loss":0}],"is_beta":false,"boss_relics":[{"not_picked":["Runic Pyramid","Black Star"],"picked":"Busted Crown"},{"not_picked":["Astrolabe","Nuclear Battery"],"picked":"Fusion Hammer"}],"items_purged_floors":[4,20,39,44],"is_endless":false,"potions_floor_spawned":[1,8,11,12,24,28,30,33,38],"killed_by":"Giant Head","ascension_level":5}