{"gold_per_floor":[111,111,128,141,66,66,128,148,174,206,221,241,241,252,252,329,329,347,361,380,2,2],"floor_reached":22,"playtime":928,"items_purged":["Strike_R","Strike_R"],"score":400,"play_id":"374c68e4-5a60-401f-b132-0f849943b732","local_time":"20191009195936","is_ascension_mode":true,"campfire_choices":[{"data":"Uppercut","floor":6.0,"key":"SMITH"},{"data":"Juggernaut","floor":13.0,"key":"SMITH"},{"data":"Armaments","floor":15.0,"key":"SMITH"}],"neow_cost":"NONE","seed_source_timestamp":0,"circlet_count":0,"master_deck":["AscendersBane","Strike_R","Strike_R","Defend_R","Defend_R","Defend_R","Defend_R","Bash+1","Iron Wave","Uppercut+1","Headbutt","Disarm","Juggernaut+1","Armaments+1","Shrug It Off","Whirlwind","Shockwave","Demon Form","Entrench","Clothesline+1","Shrug It Off","Evolve","Power Through"],"special_seed":0,"relics":["Black Blood","Tiny Chest","Ancient Tea Set","Juzu Bracelet"],"potions_floor_usage":[18,19,21,22],"damage_taken":[{"damage":7.0,"enemies":"Cultist","floor":1.0,"turns":4.0},{"damage":7.0,"enemies":"Small Slimes","floor":3.0,"turns":3.0},{"damage":2.0,"enemies":"2 Louse","floor":4.0,"turns":3.0},{"damage":13.0,"enemies":"Lagavulin","floor":7.0,"turns":7.0},{"damage":2.0,"enemies":"Blue Slaver","floor":8.0,"turns":4.0},{"damage":26.0,"enemies":"Gremlin Nob","floor":10.0,"turns":4.0},{"damage":7.0,"enemies":"Looter","floor":11.0,"turns":4.0},{"damage":23.0,"enemies":"Large Slime","floor":12.0,"turns":7.0},{"damage":3.0,"enemies":"Lots of Slimes","floor":14.0,"turns":5.0},{"damage":9.0,"enemies":"The Guardian","floor":16.0,"turns":12.0},{"damage":9,"enemies":"3 Byrds","floor":18,"turns":3},{"damage":45,"enemies":"Spheric Guardian","floor":19,"turns":7},{"damage":47,"enemies":"Centurion and Healer","floor":20,"turns":6},{"damage":38,"enemies":"Cultist and Chosen","floor":22,"turns":3}],"seed_played":"-406504470550662001","potions_obtained":[{"floor":1.0,"key":"PowerPotion"},{"floor":3.0,"key":"LiquidBronze"},{"floor":11.0,"key":"SpeedPotion"},{"floor":16.0,"key":"BloodPotion"},{"floor":19,"key":"SpeedPotion"}],"is_trial":false,"path_per_floor":["M","?","M","M","$","R","E","M","T","E","M","M","R","M","R","B",null,"M","M","M","$","M"],"character_chosen":"IRONCLAD","items_purchased":["BloodPotion","Shrug It Off","Evolve","Power Through"],"campfire_rested":0,"item_purchase_floors":[21,21,21,21],"current_hp_per_floor":[67,67,66,70,70,70,63,67,67,47,46,29,29,32,32,29,64,67,49,14,29,0],"gold":2,"neow_bonus":"UPGRADE_CARD","is_prod":false,"is_daily":false,"chose_seed":false,"campfire_upgraded":3,"win_rate":0,"timestamp":1570665576,"path_taken":["M","?","?","M","$","R","E","M","T","E","M","M","R","M","R","BOSS","M","M","M","$","M"],"build_version":"2019-10-09","purchased_purges":2,"victory":false,"max_hp_per_floor":[75,75,75,75,75,75,75,75,75,75,75,75,75,75,75,75,75,75,75,75,75,75],"card_choices":[{"not_picked":["Reckless Charge","Wild Strike"],"picked":"Iron Wave","floor":1.0},{"not_picked":["True Grit","Reckless Charge"],"picked":"Headbutt","floor":3.0},{"not_picked":["Shrug It Off","Headbutt"],"picked":"Disarm","floor":4.0},{"not_picked":["Perfected Strike","Burning Pact"],"picked":"Juggernaut","floor":7.0},{"not_picked":["Flex","Burning Pact"],"picked":"Armaments","floor":8.0},{"not_picked":["Bloodletting","Headbutt","Clothesline"],"picked":"SKIP","floor":10.0},{"not_picked":["Infernal Blade","Sword Boomerang"],"picked":"Shrug It Off","floor":11.0},{"not_picked":["Armaments","Reckless Charge"],"picked":"Whirlwind","floor":12.0},{"not_picked":["Flex","Twin Strike"],"picked":"Shockwave","floor":14.0},{"not_picked":["Bludgeon","Offering"],"picked":"Demon Form","floor":16.0},{"not_picked":["Inflame","Clothesline"],"picked":"Entrench","floor":18},{"not_picked":["Thunderclap","Sword Boomerang"],"picked":"Clothesline+1","floor":19},{"not_picked":["Iron Wave","Clash","Rupture+1"],"picked":"SKIP","floor":20}],"player_experience":1267791,"relics_obtained":[{"floor":7.0,"key":"Tiny Chest"},{"floor":9.0,"key":"Ancient Tea Set"},{"floor":10.0,"key":"Juzu Bracelet"}],"event_choices":[{"damage_healed":0.0,"max_hp_gain":0.0,"max_hp_loss":0.0,"gold_gain":0.0,"cards_transformed":["Strike_R"],"event_name":"Transmorgrifier","player_choice":"Transformed","floor":2.0,"gold_loss":0.0,"damage_taken":0.0,"cards_obtained":["Uppercut"]}],"is_beta":true,"boss_relics":[{"not_picked":["SlaversCollar","Pandora\u0027s Box"],"picked":"Black Blood"}],"items_purged_floors":[5,21],"is_endless":false,"potions_floor_spawned":[1,3,11,16,19],"killed_by":"Cultist and Chosen","ascension_level":20}