{"gold_per_floor":[119,138,150,165,115,144,144,144,144,144,224,237,45,64,64,169,169,182,182,182,182],"floor_reached":21,"playtime":2557,"items_purged":["Strike_G"],"score":179,"play_id":"a0967305-fe02-495e-b1ad-865c97a2c8ff","local_time":"20190919005309","is_ascension_mode":false,"campfire_choices":[{"floor":7,"key":"REST"},{"floor":10,"key":"REST"},{"floor":15,"key":"REST"}],"neow_cost":"NONE","seed_source_timestamp":517610564359800,"circlet_count":0,"master_deck":["Strike_G","Strike_G","Strike_G","Strike_G","Defend_G","Defend_G","Defend_G","Defend_G","Survivor","Neutralize","Dodge and Roll","Dodge and Roll","Leg Sweep+1","Unload","Dodge and Roll","Infinite Blades","Backflip","Blur","Corpse Explosion","Backflip"],"relics":["Ring of the Snake","Orichalcum","Dodecahedron","Darkstone Periapt","Black Star","Nilry\u0027s Codex"],"potions_floor_usage":[6,16],"damage_taken":[{"damage":1,"enemies":"2 Louse","floor":1,"turns":2},{"damage":5,"enemies":"Small Slimes","floor":2,"turns":7},{"damage":0,"enemies":"Jaw Worm","floor":3,"turns":4},{"damage":22,"enemies":"Exordium Thugs","floor":4,"turns":12},{"damage":39,"enemies":"Gremlin Nob","floor":6,"turns":8},{"damage":14,"enemies":"Large Slime","floor":12,"turns":12},{"damage":8,"enemies":"3 Louse","floor":14,"turns":5},{"damage":33,"enemies":"Slime Boss","floor":16,"turns":24},{"damage":2,"enemies":"Shell Parasite","floor":18,"turns":10},{"damage":50,"enemies":"Masked Bandits","floor":21,"turns":4}],"seed_played":"4610835296812125700","potions_obtained":[{"floor":2,"key":"GhostInAJar"},{"floor":4,"key":"Ancient Potion"},{"floor":14,"key":"Explosive Potion"},{"floor":18,"key":"GamblersBrew"}],"is_trial":false,"path_per_floor":["M","M","M","M","?","E","R","?","T","R","T","M","$","M","R","B",null,"M","?","?","?"],"character_chosen":"THE_SILENT","items_purchased":["Infinite Blades","Backflip"],"campfire_rested":3,"item_purchase_floors":[13,13],"current_hp_per_floor":[76,71,71,49,49,10,33,33,33,56,56,42,42,34,57,24,77,75,61,45,0],"gold":182,"neow_bonus":"TEN_PERCENT_HP_BONUS","is_prod":false,"is_daily":false,"chose_seed":false,"campfire_upgraded":0,"win_rate":0.0,"timestamp":1568868789,"path_taken":["M","M","M","M","?","E","R","?","T","R","?","?","?","M","R","BOSS","M","?","?","?"],"build_version":"2019-07-17","purchased_purges":1,"victory":false,"max_hp_per_floor":[77,77,77,77,77,77,77,77,77,77,77,77,77,77,77,77,77,77,82,82,82],"card_choices":[{"not_picked":["Outmaneuver","Deflect"],"picked":"Dodge and Roll","floor":1},{"not_picked":["Finisher","Flying Knee","Prepared"],"picked":"SKIP","floor":2},{"not_picked":["Backstab","Acrobatics"],"picked":"Dodge and Roll","floor":3},{"not_picked":["Bouncing Flask","Terror"],"picked":"Leg Sweep","floor":4},{"not_picked":["Underhanded Strike","Deflect"],"picked":"Unload","floor":6},{"not_picked":["Well Laid Plans","Outmaneuver"],"picked":"Dodge and Roll","floor":12},{"not_picked":["Prepared","Tactician"],"picked":"Blur","floor":14},{"not_picked":["Malaise","Die Die Die"],"picked":"Corpse Explosion","floor":16},{"not_picked":["Poisoned Stab","Blade Dance"],"picked":"Backflip","floor":18}],"player_experience":25227,"relics_obtained":[{"floor":6,"key":"Orichalcum"},{"floor":9,"key":"Dodecahedron"},{"floor":11,"key":"Darkstone Periapt"},{"floor":20,"key":"Nilry\u0027s Codex"}],"event_choices":[{"cards_removed":["Defend_G"],"damage_healed":0,"gold_gain":0,"player_choice":"Card Removal","damage_taken":0,"max_hp_gain":0,"max_hp_loss":0,"event_name":"The Cleric","floor":5,"gold_loss":50},{"damage_healed":0,"gold_gain":0,"player_choice":"Grow","damage_taken":0,"max_hp_gain":0,"max_hp_loss":0,"event_name":"Living Wall","floor":8,"gold_loss":0,"cards_upgraded":["Leg Sweep"]},{"damage_healed":0,"gold_gain":0,"player_choice":"Shed Blood","damage_taken":19,"max_hp_gain":5,"max_hp_loss":0,"event_name":"Forgotten Altar","floor":19,"gold_loss":0},{"damage_healed":0,"gold_gain":0,"player_choice":"Obtained Book","damage_taken":16,"max_hp_gain":0,"max_hp_loss":0,"event_name":"Cursed Tome","floor":20,"gold_loss":0},{"damage_healed":0,"gold_gain":0,"player_choice":"Fought Bandits","damage_taken":0,"max_hp_gain":0,"max_hp_loss":0,"event_name":"Masked Bandits","floor":21,"gold_loss":0}],"is_beta":false,"boss_relics":[{"not_picked":["Lizard Tail","Astrolabe"],"picked":"Black Star"}],"items_purged_floors":[13],"is_endless":false,"potions_floor_spawned":[2,4,14,18],"killed_by":"Masked Bandits","ascension_level":0}