{"gold_per_floor":[359,27,27,43,43,43,8,26,26,26,61,79,113,126,126,227,227,238,251,251,6,19,19,19,19,43,57,57,73,73,105,105,202,202,222,235,235,254,266,266,286,300,300,314,314,348,348],"floor_reached":47,"playtime":2636,"items_purged":["Strike_B","Strike_B"],"score":674,"play_id":"bc648de7-d609-4540-8c3c-20c25f1d4d74","local_time":"20190719001739","is_ascension_mode":true,"campfire_choices":[{"data":"Streamline","floor":6,"key":"SMITH"},{"data":"Doom and Gloom","floor":15,"key":"SMITH"},{"floor":23,"key":"REST"},{"data":"Fusion","floor":25,"key":"SMITH"},{"data":"Sunder","floor":28,"key":"SMITH"},{"floor":30,"key":"REST"},{"floor":32,"key":"REST"},{"data":"Bandage Up","floor":40,"key":"SMITH"},{"data":"Loop","floor":45,"key":"SMITH"}],"neow_cost":"TEN_PERCENT_HP_LOSS","seed_source_timestamp":184925925044900,"circlet_count":0,"master_deck":["Strike_B","Strike_B","Defend_B","Defend_B+1","Defend_B","Defend_B","Zap","Dualcast","Cold Snap","Streamline+1","Ball Lightning","Fusion+1","Doom and Gloom+1","Leap","Compile Driver","Capacitor+1","Defragment+1","Loop+1","Redo+1","Sunder+1","Chaos+1","FTL","Coolheaded+1","Multi-Cast","Consume+1","Hologram+1","Bandage Up+1","Hologram+1","Redo+1","Reprogram+1","Amplify"],"relics":["Cracked Core","ClockworkSouvenir","Regal Pillow","Matryoshka","Lantern","Emotion Chip","Philosopher\u0027s Stone","Pen Nib","Oddly Smooth Stone","Dream Catcher","Coffee Dripper","Anchor","War Paint","Blue Candle"],"potions_floor_usage":[16,16,22,22,27,27,31,39,41],"damage_taken":[{"damage":6,"enemies":"Cultist","floor":1,"turns":3},{"damage":7,"enemies":"Jaw Worm","floor":4,"turns":2},{"damage":0,"enemies":"Small Slimes","floor":8,"turns":2},{"damage":16,"enemies":"Gremlin Nob","floor":11,"turns":4},{"damage":1,"enemies":"2 Fungi Beasts","floor":12,"turns":2},{"damage":21,"enemies":"Lagavulin","floor":13,"turns":5},{"damage":1,"enemies":"Large Slime","floor":14,"turns":3},{"damage":0,"enemies":"Slime Boss","floor":16,"turns":6},{"damage":4,"enemies":"Chosen","floor":18,"turns":4},{"damage":19,"enemies":"3 Byrds","floor":19,"turns":4},{"damage":39,"enemies":"Centurion and Healer","floor":22,"turns":6},{"damage":16,"enemies":"Snake Plant","floor":27,"turns":4},{"damage":7,"enemies":"Cultist and Chosen","floor":29,"turns":5},{"damage":55,"enemies":"Gremlin Leader","floor":31,"turns":5},{"damage":22,"enemies":"Champ","floor":33,"turns":10},{"damage":12,"enemies":"3 Darklings","floor":35,"turns":5},{"damage":12,"enemies":"3 Shapes","floor":36,"turns":3},{"damage":0,"enemies":"Maw","floor":38,"turns":5},{"damage":7,"enemies":"Sphere and 2 Shapes","floor":39,"turns":5},{"damage":7,"enemies":"Writhing Mass","floor":41,"turns":5},{"damage":0,"enemies":"4 Shapes","floor":42,"turns":5},{"damage":13,"enemies":"Maw","floor":44,"turns":6},{"damage":26,"enemies":"Nemesis","floor":46,"turns":5},{"damage":18,"enemies":"Writhing Mass","floor":47,"turns":1}],"seed_played":"-7491765645571755011","potions_obtained":[{"floor":1,"key":"Poison Potion"},{"floor":12,"key":"Fire Potion"},{"floor":13,"key":"Dexterity Potion"},{"floor":16,"key":"SpeedPotion"},{"floor":22,"key":"Swift Potion"},{"floor":27,"key":"Weak Potion"},{"floor":29,"key":"FearPotion"},{"floor":33,"key":"Explosive Potion"},{"floor":36,"key":"Block Potion"},{"floor":39,"key":"PowerPotion"},{"floor":46,"key":"LiquidBronze"}],"is_trial":false,"path_per_floor":["M","$","?","M","?","R","?","M","T","?","E","M","E","M","R","B",null,"M","M","?","$","M","R","?","R","T","M","R","M","R","E","R","B",null,"M","M","?","M","M","R","M","M","T","M","R","E","M"],"character_chosen":"DEFECT","items_purchased":["ClockworkSouvenir","Streamline","Loop","Regen Potion"],"campfire_rested":3,"item_purchase_floors":[2,2,21,21],"current_hp_per_floor":[62,62,67,60,48,48,66,66,66,66,50,49,28,27,27,27,62,58,39,39,39,15,51,51,51,51,35,35,28,64,9,45,23,61,49,37,37,41,38,38,31,37,37,30,30,10,0],"gold":348,"neow_bonus":"TWO_FIFTY_GOLD","is_prod":false,"is_daily":false,"chose_seed":false,"campfire_upgraded":6,"win_rate":0,"timestamp":1563509859,"path_taken":["M","$","?","M","?","R","?","M","T","?","E","M","E","M","R","BOSS","M","M","?","$","M","R","?","R","T","M","R","?","R","E","R","BOSS","M","M","?","M","M","R","M","M","T","M","R","E","M"],"build_version":"2019-07-17","purchased_purges":2,"victory":false,"max_hp_per_floor":[68,68,73,73,73,73,73,73,73,73,73,73,73,73,73,73,73,73,73,73,73,73,73,73,73,73,73,73,73,73,73,73,73,73,73,73,73,73,73,73,73,73,73,73,73,73,73],"card_choices":[{"not_picked":["Lockon","Compile Driver"],"picked":"Cold Snap","floor":1},{"not_picked":["Hologram","Coolheaded"],"picked":"Ball Lightning","floor":4},{"not_picked":["Redo","Tempest"],"picked":"Fusion","floor":8},{"not_picked":["Fission","Hologram"],"picked":"Doom and Gloom","floor":11},{"not_picked":["Go for the Eyes","Streamline"],"picked":"Leap","floor":12},{"not_picked":["Sweeping Beam","Storm"],"picked":"Compile Driver","floor":13},{"not_picked":["Darkness","Chaos"],"picked":"Capacitor","floor":14},{"not_picked":["Turbo","Leap","Hello World+1"],"picked":"SKIP","floor":18},{"not_picked":["Barrage+1","Rebound"],"picked":"Defragment+1","floor":19},{"not_picked":["Hologram","Cold Snap"],"picked":"Redo+1","floor":22},{"not_picked":["Force Field","Go for the Eyes"],"picked":"Sunder","floor":27},{"not_picked":["Chill+1","Stack+1"],"picked":"Chaos+1","floor":29},{"not_picked":["Stack","Hologram"],"picked":"FTL","floor":31},{"not_picked":["Gash","Capacitor+1"],"picked":"Coolheaded+1","floor":32},{"not_picked":["Core Surge","Rainbow"],"picked":"Multi-Cast","floor":33},{"not_picked":["Barrage+1","Coolheaded+1"],"picked":"Consume","floor":35},{"not_picked":["Fusion","Melter+1"],"picked":"Hologram+1","floor":36},{"not_picked":["Good Instincts","Dark Shackles"],"picked":"Bandage Up","floor":37},{"not_picked":["Rebound+1","Cold Snap+1","Steam+1"],"picked":"SKIP","floor":38},{"not_picked":["Rip and Tear","Conserve Battery","Turbo+1"],"picked":"SKIP","floor":39},{"not_picked":["Coolheaded","Sweeping Beam+1"],"picked":"Hologram+1","floor":41},{"not_picked":["Sweeping Beam","Streamline"],"picked":"Redo+1","floor":42},{"not_picked":["Chaos+1","Ball Lightning"],"picked":"Reprogram+1","floor":44},{"not_picked":["Creative AI","Compile Driver"],"picked":"Amplify","floor":46}],"player_experience":412443,"relics_obtained":[{"floor":9,"key":"Matryoshka"},{"floor":11,"key":"Lantern"},{"floor":13,"key":"Emotion Chip"},{"floor":26,"key":"Pen Nib"},{"floor":26,"key":"Oddly Smooth Stone"},{"floor":31,"key":"Dream Catcher"},{"floor":43,"key":"Anchor"},{"floor":43,"key":"War Paint"},{"floor":46,"key":"Blue Candle"}],"event_choices":[{"damage_healed":0,"gold_gain":0,"player_choice":"Donut","damage_taken":0,"max_hp_gain":5,"max_hp_loss":0,"event_name":"Big Fish","floor":3,"gold_loss":0},{"damage_healed":0,"gold_gain":0,"player_choice":"Success","damage_taken":12,"relics_obtained":["Regal Pillow"],"max_hp_gain":0,"max_hp_loss":0,"event_name":"Scrap Ooze","floor":5,"gold_loss":0},{"damage_healed":18,"gold_gain":0,"player_choice":"Healed","damage_taken":0,"max_hp_gain":0,"max_hp_loss":0,"event_name":"The Cleric","floor":7,"gold_loss":35},{"damage_healed":0,"gold_gain":0,"player_choice":"Ignored","damage_taken":0,"max_hp_gain":0,"max_hp_loss":0,"event_name":"Liars Game","floor":10,"gold_loss":0},{"damage_healed":0,"gold_gain":0,"player_choice":"Ignored","damage_taken":0,"max_hp_gain":0,"max_hp_loss":0,"event_name":"Vampires","floor":20,"gold_loss":0},{"damage_healed":0,"gold_gain":0,"player_choice":"Upgraded","damage_taken":0,"max_hp_gain":0,"max_hp_loss":0,"event_name":"Upgrade Shrine","floor":24,"gold_loss":0,"cards_upgraded":["Capacitor"]},{"damage_healed":0,"gold_gain":0,"player_choice":"Memory 1","damage_taken":0,"max_hp_gain":0,"max_hp_loss":0,"event_name":"SensoryStone","floor":37,"gold_loss":0}],"is_beta":false,"boss_relics":[{"not_picked":["Runic Pyramid","Fusion Hammer"],"picked":"Philosopher\u0027s Stone"},{"not_picked":["White Beast Statue","Pandora\u0027s Box"],"picked":"Coffee Dripper"}],"items_purged_floors":[2,21],"is_endless":false,"potions_floor_spawned":[1,12,13,16,22,27,29,33,36,39,46],"killed_by":"Writhing Mass","ascension_level":5}