{"gold_per_floor":[111,111,36,36,36,64,64,89,89,89],"floor_reached":10,"playtime":301,"items_purged":["Strike_R"],"score":130,"play_id":"5994bbb7-3c5f-49e1-b6ea-55aedc714a98","local_time":"20190116044234","is_ascension_mode":true,"campfire_choices":[{"data":"Inflame","floor":7.0,"key":"SMITH"}],"neow_cost":"NONE","seed_source_timestamp":290166997087270,"circlet_count":0,"master_deck":["AscendersBane","Strike_R","Strike_R","Strike_R","Defend_R","Defend_R","Defend_R","Defend_R","Bash","Inflame+1","Evolve"],"special_seed":0,"relics":["Burning Blood","Omamori","Bag of Preparation","Mummified Hand"],"potions_floor_usage":[],"damage_taken":[{"damage":10.0,"enemies":"Small Slimes","floor":1.0,"turns":3.0},{"damage":28.0,"enemies":"Lagavulin","floor":6.0,"turns":7.0},{"damage":40.0,"enemies":"Gremlin Nob","floor":8.0,"turns":5.0},{"damage":35,"enemies":"Lagavulin","floor":10,"turns":7}],"seed_played":"7972131593790420203","potions_obtained":[{"floor":1.0,"key":"SkillPotion"}],"is_trial":false,"path_per_floor":["M","?","$","?","?","E","R","E","T","E"],"character_chosen":"IRONCLAD","items_purchased":[],"campfire_rested":0,"item_purchase_floors":[],"current_hp_per_floor":[71,71,71,76,76,54,54,20,20,0],"gold":89,"neow_bonus":"TEN_PERCENT_HP_BONUS","is_prod":false,"is_daily":false,"chose_seed":false,"campfire_upgraded":1,"win_rate":0,"timestamp":1547610154,"path_taken":["M","?","$","?","?","E","R","E","T","E"],"build_version":"2019-01-10","purchased_purges":1,"victory":false,"max_hp_per_floor":[82,82,82,87,87,87,87,87,87,87],"card_choices":[{"not_picked":["Iron Wave","Wild Strike"],"picked":"Inflame","floor":1.0},{"not_picked":["Cleave","Second Wind","Dropkick"],"picked":"SKIP","floor":6.0},{"not_picked":["Anger","Clash"],"picked":"Evolve","floor":8.0}],"player_experience":507373,"relics_obtained":[{"floor":6.0,"key":"Omamori"},{"floor":8.0,"key":"Bag of Preparation"},{"floor":9.0,"key":"Mummified Hand"}],"event_choices":[{"cards_removed":["Strike_R"],"damage_healed":0.0,"max_hp_gain":0.0,"max_hp_loss":0.0,"gold_gain":0.0,"event_name":"Living Wall","player_choice":"Forget","floor":2.0,"gold_loss":0.0,"damage_taken":0.0},{"damage_healed":0.0,"max_hp_gain":5.0,"max_hp_loss":0.0,"gold_gain":0.0,"event_name":"Big Fish","player_choice":"Donut","floor":4.0,"gold_loss":0.0,"damage_taken":0.0},{"damage_healed":0.0,"max_hp_gain":0.0,"max_hp_loss":0.0,"gold_gain":0.0,"event_name":"Liars Game","player_choice":"Ignored","floor":5.0,"gold_loss":0.0,"damage_taken":0.0}],"is_beta":false,"boss_relics":[],"items_purged_floors":[3],"is_endless":false,"potions_floor_spawned":[1],"killed_by":"Lagavulin","ascension_level":16}