{"gold_per_floor":[117,67,77,90,104,104,104,114,141,169,24,41,41,67,67,169,169,182,197,215,231,244,244,269,269,269,281,318,349,392,69,69,174,174,184,184,204,7,7],"floor_reached":39,"playtime":2761,"items_purged":["Strike_B","Strike_B"],"score":749,"play_id":"7200f5f4-0ba2-4a23-9c35-c99fc7b1c4c7","local_time":"20190726210120","is_ascension_mode":true,"campfire_choices":[{"data":"Go for the Eyes","floor":6,"key":"SMITH"},{"data":"Defragment","floor":13,"key":"SMITH"},{"data":"Hologram","floor":15,"key":"SMITH"},{"data":"Zap","floor":23,"key":"SMITH"},{"data":"Coolheaded","floor":25,"key":"SMITH"},{"data":"Coolheaded","floor":27,"key":"SMITH"},{"data":"Echo Form","floor":32,"key":"SMITH"}],"neow_cost":"NONE","seed_source_timestamp":452905588400800,"circlet_count":0,"master_deck":["AscendersBane","Defend_B+1","Defend_B","Defend_B","Defend_B","Zap+1","Dualcast+1","Hologram+1","Ball Lightning","Compile Driver","Go for the Eyes+1","Electrodynamics","Glacier","Defragment+1","Echo Form+1","Steam+1","Self Repair+1","Coolheaded+1","Coolheaded+1","Steam Power+1","Core Surge","Glacier+1","Go for the Eyes+1","Seek","Loop","Fission"],"relics":["FrozenCore","War Paint","Ancient Tea Set","Anchor","Smiling Mask","Lizard Tail","Centennial Puzzle","MawBank","Potion Belt","Vajra","Question Card","Medical Kit"],"potions_floor_usage":[16,22,24,37,39],"damage_taken":[{"damage":0,"enemies":"Jaw Worm","floor":1,"turns":3},{"damage":0,"enemies":"2 Louse","floor":3,"turns":2},{"damage":1,"enemies":"Cultist","floor":4,"turns":3},{"damage":2,"enemies":"Gremlin Gang","floor":5,"turns":4},{"damage":5,"enemies":"Exordium Thugs","floor":8,"turns":3},{"damage":8,"enemies":"Gremlin Nob","floor":10,"turns":3},{"damage":2,"enemies":"3 Louse","floor":12,"turns":3},{"damage":4,"enemies":"Lagavulin","floor":14,"turns":5},{"damage":7,"enemies":"Hexaghost","floor":16,"turns":9},{"damage":8,"enemies":"Chosen","floor":18,"turns":5},{"damage":6,"enemies":"3 Byrds","floor":19,"turns":5},{"damage":11,"enemies":"Snake Plant","floor":20,"turns":6},{"damage":0,"enemies":"3 Cultists","floor":21,"turns":2},{"damage":4,"enemies":"Shelled Parasite and Fungi","floor":22,"turns":8},{"damage":14,"enemies":"Slavers","floor":24,"turns":4},{"damage":1,"enemies":"Snecko","floor":29,"turns":5},{"damage":5,"enemies":"Book of Stabbing","floor":30,"turns":8},{"damage":0,"enemies":"Collector","floor":33,"turns":13},{"damage":0,"enemies":"Orb Walker","floor":35,"turns":6},{"damage":3,"enemies":"3 Darklings","floor":37,"turns":9},{"damage":142,"enemies":"2 Orb Walkers","floor":39,"turns":10}],"seed_played":"2461272332336652570","potions_obtained":[{"floor":3,"key":"Poison Potion"},{"floor":5,"key":"Block Potion"},{"floor":18,"key":"FearPotion"},{"floor":21,"key":"PowerPotion"},{"floor":24,"key":"SteroidPotion"},{"floor":29,"key":"Block Potion"},{"floor":37,"key":"SkillPotion"}],"is_trial":false,"path_per_floor":["M","?","M","M","M","R","?","M","T","E","$","M","R","E","R","B",null,"M","M","M","M","M","R","E","R","T","R","T","M","E","$","R","B",null,"M","?","M","$","?"],"character_chosen":"DEFECT","items_purchased":["Defragment","Seek","Loop","Weak Potion","Medical Kit"],"campfire_rested":0,"item_purchase_floors":[11,31,31,31,38],"current_hp_per_floor":[68,68,68,67,65,65,65,60,60,52,52,50,50,46,46,39,66,58,52,51,61,75,75,71,71,71,71,71,75,75,75,75,75,75,75,75,75,75,0],"gold":7,"neow_bonus":"RANDOM_COMMON_RELIC","is_prod":false,"is_daily":false,"chose_seed":false,"campfire_upgraded":7,"win_rate":0,"timestamp":1564189280,"path_taken":["M","?","M","M","M","R","?","M","T","E","$","M","R","E","R","BOSS","M","M","M","?","?","R","E","R","T","R","?","M","E","$","R","BOSS","M","?","?","$","?"],"build_version":"2019-07-17","purchased_purges":2,"victory":false,"max_hp_per_floor":[75,75,75,75,75,75,75,75,75,75,75,75,75,75,75,75,75,75,75,75,75,75,75,75,75,75,75,75,75,75,75,75,75,75,75,75,75,75,75],"card_choices":[{"not_picked":["Beam Cell","Auto Shields"],"picked":"Hologram","floor":1},{"not_picked":["Leap","Darkness"],"picked":"Ball Lightning","floor":3},{"not_picked":["Storm","Conserve Battery"],"picked":"Compile Driver","floor":4},{"not_picked":["Compile Driver","Reboot"],"picked":"Go for the Eyes","floor":5},{"not_picked":["Streamline","Coolheaded"],"picked":"Glacier","floor":8},{"not_picked":["Reinforced Body","Go for the Eyes","Barrage"],"picked":"SKIP","floor":10},{"not_picked":["Sweeping Beam","Gash","Beam Cell"],"picked":"SKIP","floor":12},{"not_picked":["Steam","Genetic Algorithm","Barrage"],"picked":"SKIP","floor":14},{"not_picked":["Amplify","Hyperbeam"],"picked":"Echo Form","floor":16},{"not_picked":["Ball Lightning+1","Hologram"],"picked":"Steam+1","floor":18},{"not_picked":["Storm+1","Redo"],"picked":"Self Repair+1","floor":19},{"not_picked":["Rebound","Heatsinks"],"picked":"Coolheaded","floor":20},{"not_picked":["Cold Snap","Tempest"],"picked":"Coolheaded","floor":21},{"not_picked":["Sweeping Beam","Force Field"],"picked":"Steam Power+1","floor":22},{"not_picked":["Go for the Eyes+1","Chaos+1"],"picked":"Core Surge","floor":24},{"not_picked":["Storm+1","Stack"],"picked":"Glacier+1","floor":29},{"not_picked":["Ball Lightning","Compile Driver"],"picked":"Go for the Eyes+1","floor":30},{"not_picked":["Hyperbeam","Electrodynamics"],"picked":"Fission","floor":33},{"not_picked":["Tempest","Conserve Battery+1","Hello World+1"],"picked":"SKIP","floor":35},{"not_picked":["Cold Snap","Hologram","Coolheaded","Steam"],"picked":"SKIP","floor":37}],"player_experience":532713,"relics_obtained":[{"floor":9,"key":"Ancient Tea Set"},{"floor":10,"key":"Anchor"},{"floor":14,"key":"Smiling Mask"},{"floor":24,"key":"Centennial Puzzle"},{"floor":26,"key":"MawBank"},{"floor":28,"key":"Potion Belt"},{"floor":30,"key":"Vajra"}],"event_choices":[{"cards_removed":["Strike_B"],"damage_healed":0,"gold_gain":0,"player_choice":"Card Removal","damage_taken":0,"max_hp_gain":0,"max_hp_loss":0,"event_name":"The Cleric","floor":2,"gold_loss":50},{"damage_healed":0,"gold_gain":0,"cards_transformed":["Strike_B"],"player_choice":"Transformed","damage_taken":0,"max_hp_gain":0,"max_hp_loss":0,"event_name":"Transmorgrifier","floor":7,"gold_loss":0,"cards_obtained":["Electrodynamics"]},{"damage_healed":0,"gold_gain":0,"player_choice":"Gave Potion","damage_taken":0,"relics_obtained":["Question Card"],"max_hp_gain":0,"max_hp_loss":0,"event_name":"WeMeetAgain","floor":36,"gold_loss":0},{"damage_healed":0,"gold_gain":0,"player_choice":"Fight","damage_taken":0,"max_hp_gain":0,"max_hp_loss":0,"event_name":"Mysterious Sphere","floor":39,"gold_loss":0}],"is_beta":false,"boss_relics":[{"not_picked":["Nuclear Battery","Velvet Choker"],"picked":"Lizard Tail"},{"not_picked":["White Beast Statue","Snecko Eye"],"picked":"FrozenCore"}],"items_purged_floors":[11,31],"is_endless":false,"potions_floor_spawned":[3,5,12,14,18,21,24,29,37],"killed_by":"2 Orb Walkers","ascension_level":11}