{"gold_per_floor":[117,24,24,35,110,144,144,162,186,186,200,210,210,244,244,316,316,329,219,229,247,259,259,289,289,289,308,308],"floor_reached":28,"playtime":913,"items_purged":[],"score":523,"play_id":"ed756f28-3896-43e2-b402-abf051a6b364","local_time":"20190825103925","is_ascension_mode":true,"campfire_choices":[{"data":"Heavy Blade","floor":7,"key":"SMITH"},{"data":"Inflame","floor":10,"key":"SMITH"},{"data":"Flame Barrier","floor":15,"key":"SMITH"},{"floor":23,"key":"REST"},{"data":"Fiend Fire","floor":25,"key":"SMITH"}],"neow_cost":"NONE","seed_source_timestamp":120804195897700,"circlet_count":0,"master_deck":["AscendersBane","Strike_R","Strike_R","Strike_R","Strike_R","Defend_R+1","Defend_R","Defend_R","Defend_R","Bash","Iron Wave","Inflame+1","Heavy Blade+1","Headbutt","Flame Barrier+1","Iron Wave","Impervious","Fiend Fire+1","Whirlwind+1","Intimidate","Cleave","Power Through"],"relics":["Burning Blood","NeowsBlessing","Regal Pillow","Orichalcum","Blue Candle","Mark of Pain","Art of War","Toxic Egg 2"],"potions_floor_usage":[14,16,24,24,27],"damage_taken":[{"damage":0,"enemies":"2 Louse","floor":1,"turns":1},{"damage":0,"enemies":"Jaw Worm","floor":4,"turns":1},{"damage":0,"enemies":"Gremlin Nob","floor":6,"turns":1},{"damage":7,"enemies":"Cultist","floor":8,"turns":4},{"damage":8,"enemies":"Blue Slaver","floor":11,"turns":2},{"damage":10,"enemies":"Exordium Wildlife","floor":12,"turns":5},{"damage":10,"enemies":"3 Sentries","floor":14,"turns":4},{"damage":43,"enemies":"Hexaghost","floor":16,"turns":9},{"damage":27,"enemies":"Chosen","floor":18,"turns":7},{"damage":16,"enemies":"Spheric Guardian","floor":20,"turns":4},{"damage":16,"enemies":"Snecko","floor":21,"turns":4},{"damage":25,"enemies":"Centurion and Healer","floor":22,"turns":7},{"damage":8,"enemies":"Gremlin Leader","floor":24,"turns":6},{"damage":28,"enemies":"Cultist and Chosen","floor":27,"turns":4},{"damage":26,"enemies":"Sentry and Sphere","floor":28,"turns":5}],"seed_played":"1131643547159324753","potions_obtained":[{"floor":1,"key":"Strength Potion"},{"floor":8,"key":"AttackPotion"},{"floor":14,"key":"LiquidBronze"},{"floor":16,"key":"GamblersBrew"},{"floor":20,"key":"EssenceOfSteel"},{"floor":24,"key":"Swift Potion"}],"is_trial":false,"path_per_floor":["M","$","?","M","?","E","R","M","T","R","M","M","?","E","R","B",null,"M","?","M","M","M","R","E","R","T","M","M"],"character_chosen":"IRONCLAD","items_purchased":["Inflame","Heavy Blade"],"campfire_rested":1,"item_purchase_floors":[2,2],"current_hp_per_floor":[74,74,74,75,64,70,70,69,69,69,67,63,68,64,64,27,67,46,46,36,26,7,46,44,44,44,22,0],"gold":308,"neow_bonus":"THREE_ENEMY_KILL","is_prod":false,"is_daily":false,"chose_seed":false,"campfire_upgraded":4,"win_rate":0,"timestamp":1566743965,"path_taken":["M","$","?","M","?","E","R","M","T","R","M","M","?","E","R","BOSS","M","?","M","?","M","R","E","R","T","M","M"],"build_version":"2019-07-17","purchased_purges":0,"victory":false,"max_hp_per_floor":[75,75,75,75,75,75,75,75,75,75,75,75,80,80,80,80,80,80,80,80,80,80,80,80,80,80,80,80],"card_choices":[{"not_picked":["Infernal Blade","Sentinel"],"picked":"Iron Wave","floor":1},{"not_picked":["Perfected Strike","Body Slam"],"picked":"Headbutt","floor":4},{"not_picked":["Perfected Strike","Twin Strike"],"picked":"Flame Barrier","floor":6},{"not_picked":["Seeing Red","Wild Strike","Combust"],"picked":"SKIP","floor":8},{"not_picked":["Body Slam","Combust"],"picked":"Iron Wave","floor":11},{"not_picked":["Havoc","Perfected Strike","Entrench"],"picked":"SKIP","floor":12},{"not_picked":["Sentinel","Combust"],"picked":"Impervious","floor":14},{"not_picked":["Barricade","Double Tap"],"picked":"Fiend Fire","floor":16},{"not_picked":["Rage","Heavy Blade"],"picked":"Whirlwind+1","floor":18},{"not_picked":["Anger","Reckless Charge+1","Heavy Blade"],"picked":"SKIP","floor":20},{"not_picked":["Warcry","Twin Strike"],"picked":"Intimidate","floor":21},{"not_picked":["Flex","Dual Wield"],"picked":"Cleave","floor":22},{"not_picked":["Rage","Perfected Strike"],"picked":"Power Through","floor":24},{"not_picked":["Rupture","Iron Wave","Anger"],"picked":"SKIP","floor":27}],"player_experience":910604,"relics_obtained":[{"floor":6,"key":"Regal Pillow"},{"floor":9,"key":"Orichalcum"},{"floor":14,"key":"Blue Candle"},{"floor":24,"key":"Art of War"},{"floor":26,"key":"Toxic Egg 2"}],"event_choices":[{"damage_healed":0,"gold_gain":0,"player_choice":"Ignored","damage_taken":0,"max_hp_gain":0,"max_hp_loss":0,"event_name":"Liars Game","floor":3,"gold_loss":0},{"damage_healed":0,"gold_gain":75,"player_choice":"Gather Gold","damage_taken":11,"max_hp_gain":0,"max_hp_loss":0,"event_name":"World of Goop","floor":5,"gold_loss":0},{"damage_healed":0,"gold_gain":0,"player_choice":"Donut","damage_taken":0,"max_hp_gain":5,"max_hp_loss":0,"event_name":"Big Fish","floor":13,"gold_loss":0},{"cards_removed":["Strike_R"],"damage_healed":0,"gold_gain":0,"player_choice":"Upgrade and Remove","damage_taken":0,"max_hp_gain":0,"max_hp_loss":0,"event_name":"Designer","floor":19,"gold_loss":110,"cards_upgraded":["Defend_R"]}],"is_beta":false,"boss_relics":[{"not_picked":["Fusion Hammer","Runic Pyramid"],"picked":"Mark of Pain"}],"items_purged_floors":[],"is_endless":false,"potions_floor_spawned":[1,8,14,16,20,24],"killed_by":"Sentry and Sphere","ascension_level":18}