{"gold_per_floor":[114,114,124,49,68,68,84,84,84,84,84,101,101,129,129,129],"floor_reached":16,"playtime":462,"items_purged":["Strike_B"],"score":145,"play_id":"7550669c-26dd-4fef-a005-79aeb47bdae2","local_time":"20190725105213","is_ascension_mode":true,"campfire_choices":[{"data":"Zap","floor":6,"key":"SMITH"},{"data":"Streamline","floor":8,"key":"SMITH"},{"data":"Leap","floor":10,"key":"SMITH"},{"data":"Defragment","floor":15,"key":"SMITH"}],"neow_cost":"NONE","seed_source_timestamp":332256064437200,"circlet_count":0,"master_deck":["Strike_B","Strike_B","Strike_B","Defend_B","Defend_B","Defend_B","Defend_B","Zap+1","Dualcast","Hologram","Streamline+1","Gash","Leap+1","Defragment+1","Parasite"],"relics":["Cracked Core","Bronze Scales","Letter Opener","Meat on the Bone"],"potions_floor_usage":[16,16],"damage_taken":[{"damage":3,"enemies":"2 Louse","floor":1,"turns":3},{"damage":4,"enemies":"Jaw Worm","floor":3,"turns":3},{"damage":1,"enemies":"Cultist","floor":5,"turns":3},{"damage":21,"enemies":"Exordium Wildlife","floor":7,"turns":5},{"damage":8,"enemies":"3 Louse","floor":12,"turns":2},{"damage":40,"enemies":"Gremlin Nob","floor":14,"turns":5},{"damage":19,"enemies":"The Guardian","floor":16,"turns":7}],"seed_played":"-1275712521073908771","potions_obtained":[{"floor":3,"key":"Strength Potion"},{"floor":5,"key":"GamblersBrew"},{"floor":7,"key":"Swift Potion"},{"floor":12,"key":"FocusPotion"}],"is_trial":false,"path_per_floor":["M","?","M","$","M","R","M","R","T","R","T","M","?","E","R","B"],"character_chosen":"DEFECT","items_purchased":[],"campfire_rested":0,"item_purchase_floors":[],"current_hp_per_floor":[72,72,68,68,67,67,46,46,46,46,46,38,58,18,18,0],"gold":129,"neow_bonus":"TEN_PERCENT_HP_BONUS","is_prod":false,"is_daily":false,"chose_seed":false,"campfire_upgraded":4,"win_rate":0,"timestamp":1564066333,"path_taken":["M","?","M","$","M","R","M","R","T","R","?","M","?","E","R","BOSS"],"build_version":"2019-07-17","purchased_purges":1,"victory":false,"max_hp_per_floor":[82,82,82,82,82,82,82,82,82,82,82,82,82,82,82,82],"card_choices":[{"not_picked":["Rip and Tear","Tempest"],"picked":"Hologram","floor":1},{"not_picked":["Hello World","FTL"],"picked":"Streamline","floor":3},{"not_picked":["Hologram","Heatsinks"],"picked":"Gash","floor":5},{"not_picked":["Rebound","Stack"],"picked":"Leap","floor":7},{"not_picked":["Darkness","Ball Lightning"],"picked":"Defragment","floor":12},{"not_picked":["Rip and Tear","Hologram","Streamline"],"picked":"SKIP","floor":14}],"player_experience":505036,"relics_obtained":[{"floor":9,"key":"Bronze Scales"},{"floor":11,"key":"Letter Opener"},{"floor":14,"key":"Meat on the Bone"}],"event_choices":[{"damage_healed":0,"gold_gain":0,"player_choice":"Ignored","damage_taken":0,"max_hp_gain":0,"max_hp_loss":0,"event_name":"Shining Light","floor":2,"gold_loss":0},{"damage_healed":20,"gold_gain":0,"player_choice":"Healed and dodged fight","damage_taken":0,"max_hp_gain":0,"max_hp_loss":0,"event_name":"Mushrooms","floor":13,"gold_loss":0,"cards_obtained":["Parasite"]}],"is_beta":false,"boss_relics":[],"items_purged_floors":[4],"is_endless":false,"potions_floor_spawned":[3,5,7,12],"killed_by":"The Guardian","ascension_level":9}