{"gold_per_floor":[119,134,10,10,20,20,54,54,54,54,82,82,8,25,25,130,130,147,147,158,15,15,45,45,75,98,130,149,161,175,191,191,290,290,303,89,107,120,0,35,55,55],"floor_reached":42,"playtime":2073,"items_purged":["Strike_B","Strike_B"],"score":523,"play_id":"374c87e1-bfdb-4485-a582-66f1a58a6012","local_time":"20191009212515","is_ascension_mode":true,"campfire_choices":[{"data":"Defragment","floor":6,"key":"SMITH"},{"data":"Self Repair","floor":10,"key":"SMITH"},{"data":"Defragment","floor":15,"key":"SMITH"},{"floor":24,"key":"REST"},{"floor":32,"key":"REST"}],"neow_cost":"CURSE","seed_source_timestamp":835093565600,"circlet_count":0,"master_deck":["Strike_B","Defend_B","Defend_B+1","Defend_B+1","Zap","Dualcast","Electrodynamics","Chill","Defragment+1","Self Repair+1","Leap","Conserve Battery","Defragment+1","Compile Driver","Steam","Core Surge","Redo","Conserve Battery+1","Barrage","Lockon+1","Skim","Static Discharge+1","Turbo","Sweeping Beam","Stack+1","Ball Lightning","Consume+1","Go for the Eyes","Conserve Battery","BootSequence","Consume+1","Go for the Eyes+1","Stack","Loop+1"],"relics":["Cracked Core","Meat on the Bone","Bag of Marbles","The Courier","Bottled Tornado","Gremlin Horn","Inserter","Bronze Scales","Matryoshka","Orichalcum","Vajra","Dream Catcher","Empty Cage","Red Mask","Oddly Smooth Stone"],"potions_floor_usage":[11,14,20,23,25,27,37,38,40],"damage_taken":[{"damage":8,"enemies":"Jaw Worm","floor":1,"turns":3},{"damage":3,"enemies":"Small Slimes","floor":2,"turns":2},{"damage":6,"enemies":"Cultist","floor":5,"turns":5},{"damage":10,"enemies":"Lagavulin","floor":7,"turns":7},{"damage":19,"enemies":"Gremlin Nob","floor":11,"turns":5},{"damage":0,"enemies":"Exordium Thugs","floor":14,"turns":4},{"damage":12,"enemies":"The Guardian","floor":16,"turns":10},{"damage":26,"enemies":"Spheric Guardian","floor":18,"turns":6},{"damage":7,"enemies":"Shell Parasite","floor":20,"turns":6},{"damage":24,"enemies":"Slavers","floor":23,"turns":2},{"damage":24,"enemies":"Book of Stabbing","floor":25,"turns":4},{"damage":38,"enemies":"Gremlin Leader","floor":27,"turns":6},{"damage":17,"enemies":"Centurion and Healer","floor":28,"turns":5},{"damage":16,"enemies":"Snake Plant","floor":29,"turns":2},{"damage":16,"enemies":"Snecko","floor":30,"turns":4},{"damage":7,"enemies":"Centurion and Healer","floor":31,"turns":6},{"damage":34,"enemies":"Automaton","floor":33,"turns":8},{"damage":14,"enemies":"Orb Walker","floor":35,"turns":3},{"damage":14,"enemies":"3 Darklings","floor":37,"turns":2},{"damage":2,"enemies":"Spire Growth","floor":38,"turns":5},{"damage":49,"enemies":"Giant Head","floor":40,"turns":9},{"damage":37,"enemies":"Maw","floor":41,"turns":8},{"damage":23,"enemies":"Nemesis","floor":42,"turns":3}],"seed_played":"-6400325423567502557","potions_obtained":[{"floor":1,"key":"Block Potion"},{"floor":5,"key":"Energy Potion"},{"floor":14,"key":"Block Potion"},{"floor":16,"key":"AttackPotion"},{"floor":18,"key":"LiquidBronze"},{"floor":23,"key":"Swift Potion"},{"floor":25,"key":"Energy Potion"},{"floor":28,"key":"SteroidPotion"},{"floor":29,"key":"Weak Potion"},{"floor":37,"key":"Energy Potion"},{"floor":41,"key":"Strength Potion"}],"is_trial":false,"path_per_floor":["M","M","$","?","M","R","E","?","T","R","E","?","?","M","R","B",null,"M","?","M","$","T","E","R","E","T","E","M","M","M","M","R","B",null,"M","$","M","M","?","E","M","E"],"character_chosen":"DEFECT","items_purchased":["Self Repair","Leap","Barrage","PowerPotion","Go for the Eyes","Conserve Battery","BootSequence"],"campfire_rested":2,"item_purchase_floors":[3,3,21,21,36,36,36],"current_hp_per_floor":[67,64,64,61,62,62,59,59,59,59,50,35,35,57,57,55,75,59,59,62,62,62,38,60,58,58,42,47,53,49,52,74,50,75,71,71,57,65,65,38,23,0],"gold":55,"neow_bonus":"THREE_RARE_CARDS","is_prod":false,"is_daily":false,"chose_seed":false,"campfire_upgraded":3,"win_rate":0,"timestamp":1570670715,"path_taken":["M","M","$","?","M","R","E","?","T","R","E","?","?","M","R","BOSS","M","?","M","$","?","E","R","E","T","E","M","M","M","M","R","BOSS","M","$","M","M","?","E","M","E"],"build_version":"2019-07-17","purchased_purges":2,"victory":false,"max_hp_per_floor":[75,75,75,75,75,75,75,75,75,75,75,75,75,75,75,75,75,75,75,75,75,75,75,75,75,75,75,75,75,75,75,75,75,75,75,75,75,75,75,75,75,75],"card_choices":[{"not_picked":["Multi-Cast","Biased Cognition"],"picked":"Electrodynamics","floor":0},{"not_picked":["Gash","Hologram"],"picked":"Chill","floor":1},{"not_picked":["Compile Driver","Chaos"],"picked":"Defragment","floor":2},{"not_picked":["Darkness","Melter"],"picked":"Conserve Battery","floor":5},{"not_picked":["Ball Lightning","Consume"],"picked":"Defragment","floor":7},{"not_picked":["Darkness","Tempest","Compile Driver"],"picked":"SKIP","floor":11},{"not_picked":["Darkness","Tempest"],"picked":"Compile Driver","floor":11},{"not_picked":["Gash","Turbo"],"picked":"Steam","floor":14},{"not_picked":["Amplify","Biased Cognition"],"picked":"Core Surge","floor":16},{"not_picked":["Go for the Eyes+1","Recycle"],"picked":"Redo","floor":18},{"not_picked":["Capacitor","Beam Cell"],"picked":"Conserve Battery+1","floor":20},{"not_picked":["Sunder","Reprogram"],"picked":"Lockon+1","floor":23},{"not_picked":["Gash","Conserve Battery","Streamline"],"picked":"SKIP","floor":25},{"not_picked":["Compile Driver","Reprogram"],"picked":"Skim","floor":27},{"not_picked":["Sweeping Beam+1","Gash"],"picked":"Static Discharge+1","floor":28},{"not_picked":["Reprogram+1","Beam Cell"],"picked":"Turbo","floor":29},{"not_picked":["Aggregate","Tempest"],"picked":"Sweeping Beam","floor":30},{"not_picked":["Steam","Streamline"],"picked":"Stack+1","floor":31},{"not_picked":["Amplify","Fusion"],"picked":"Ball Lightning","floor":32},{"not_picked":["Go for the Eyes","Defragment+1"],"picked":"Consume+1","floor":35},{"not_picked":["Sunder","Barrage+1"],"picked":"Consume+1","floor":37},{"not_picked":["Heatsinks","Static Discharge+1"],"picked":"Go for the Eyes+1","floor":38},{"not_picked":["Storm","Blizzard+1"],"picked":"Stack","floor":40},{"not_picked":["Fusion","Barrage"],"picked":"Loop+1","floor":41}],"player_experience":106641,"relics_obtained":[{"floor":7,"key":"Bag of Marbles"},{"floor":9,"key":"The Courier"},{"floor":11,"key":"Bottled Tornado"},{"floor":23,"key":"Bronze Scales"},{"floor":25,"key":"Matryoshka"},{"floor":26,"key":"Orichalcum"},{"floor":26,"key":"Vajra"},{"floor":27,"key":"Dream Catcher"},{"floor":40,"key":"Oddly Smooth Stone"}],"event_choices":[{"damage_healed":0,"gold_gain":0,"player_choice":"Success","damage_taken":3,"relics_obtained":["Meat on the Bone"],"max_hp_gain":0,"max_hp_loss":0,"event_name":"Scrap Ooze","floor":4,"gold_loss":0},{"cards_removed":["Writhe"],"damage_healed":0,"gold_gain":0,"player_choice":"Forget","damage_taken":0,"max_hp_gain":0,"max_hp_loss":0,"event_name":"Living Wall","floor":8,"gold_loss":0},{"damage_healed":0,"gold_gain":0,"player_choice":"Entered Light","damage_taken":15,"max_hp_gain":0,"max_hp_loss":0,"event_name":"Shining Light","floor":12,"gold_loss":0,"cards_upgraded":["Defend_B","Defend_B"]},{"damage_healed":0,"gold_gain":0,"player_choice":"Paid Gold","damage_taken":0,"relics_obtained":["Gremlin Horn"],"max_hp_gain":0,"max_hp_loss":0,"event_name":"WeMeetAgain","floor":13,"gold_loss":74},{"damage_healed":0,"gold_gain":0,"player_choice":"Ignored","damage_taken":0,"max_hp_gain":0,"max_hp_loss":0,"event_name":"N\u0027loth","floor":19,"gold_loss":0},{"damage_healed":0,"gold_gain":0,"player_choice":"Paid","damage_taken":0,"relics_obtained":["Red Mask"],"max_hp_gain":0,"max_hp_loss":0,"event_name":"Tomb of Lord Red Mask","floor":39,"gold_loss":120}],"is_beta":false,"boss_relics":[{"not_picked":["Orrery","Velvet Choker"],"picked":"Inserter"},{"not_picked":["Black Star","Lizard Tail"],"picked":"Empty Cage"}],"items_purged_floors":[21,36],"is_endless":false,"potions_floor_spawned":[1,5,14,16,18,23,25,28,29,37,41],"killed_by":"Nemesis","ascension_level":1}