{"gold_per_floor":[115,115,64,77,77,108,128,128,151,185,129,37,37,57,57,129,129,141,155,155],"floor_reached":20,"playtime":543,"items_purged":[],"score":393,"play_id":"ccaf06f3-54c0-4203-873e-19d8719eb546","local_time":"20190825224400","is_ascension_mode":true,"campfire_choices":[{"data":"Perfected Strike","floor":13,"key":"SMITH"},{"data":"Pommel Strike","floor":15,"key":"SMITH"}],"neow_cost":"NONE","seed_source_timestamp":164649210952300,"circlet_count":0,"master_deck":["AscendersBane","Strike_R+1","Strike_R","Strike_R","Strike_R","Strike_R","Defend_R","Defend_R","Defend_R","Defend_R","Bash","Perfected Strike+1","Pommel Strike+1","Pommel Strike+1","Spot Weakness","Shrug It Off","Double Tap","Shrug It Off","Power Through+1"],"relics":["Black Blood","NeowsBlessing","Ancient Tea Set","Vajra","Thread and Needle","Kunai"],"potions_floor_usage":[19],"damage_taken":[{"damage":0,"enemies":"Cultist","floor":1,"turns":1},{"damage":0,"enemies":"Small Slimes","floor":4,"turns":1},{"damage":0,"enemies":"Lagavulin","floor":6,"turns":1},{"damage":9,"enemies":"2 Louse","floor":7,"turns":3},{"damage":8,"enemies":"Gremlin Nob","floor":10,"turns":3},{"damage":4,"enemies":"Large Slime","floor":14,"turns":4},{"damage":39,"enemies":"The Guardian","floor":16,"turns":11},{"damage":21,"enemies":"Spheric Guardian","floor":18,"turns":5},{"damage":20,"enemies":"2 Thieves","floor":19,"turns":4},{"damage":47,"enemies":"Chosen and Byrds","floor":20,"turns":5}],"seed_played":"-817891468569024556","potions_obtained":[{"floor":14,"key":"Strength Potion"},{"floor":16,"key":"Block Potion"}],"is_trial":false,"path_per_floor":["M","?","$","M","?","E","M","?","T","E","$","?","R","M","R","B",null,"M","M","M"],"character_chosen":"IRONCLAD","items_purchased":["Pommel Strike","Shrug It Off"],"campfire_rested":0,"item_purchase_floors":[3,11],"current_hp_per_floor":[74,74,74,75,52,58,55,55,55,53,53,53,53,55,55,22,62,51,41,0],"gold":155,"neow_bonus":"THREE_ENEMY_KILL","is_prod":false,"is_daily":false,"chose_seed":false,"campfire_upgraded":2,"win_rate":0,"timestamp":1566787440,"path_taken":["M","?","$","M","?","E","M","?","T","E","$","?","R","M","R","BOSS","M","M","M"],"build_version":"2019-07-17","purchased_purges":0,"victory":false,"max_hp_per_floor":[75,75,75,75,75,75,75,75,75,75,75,75,75,75,75,75,75,75,75,75],"card_choices":[{"not_picked":["Dual Wield","Rage"],"picked":"Perfected Strike","floor":1},{"not_picked":["Havoc","Corruption"],"picked":"Pommel Strike","floor":4},{"not_picked":["Heavy Blade","Warcry"],"picked":"Spot Weakness","floor":6},{"not_picked":["Havoc","Sword Boomerang","Sentinel"],"picked":"SKIP","floor":7},{"not_picked":["Havoc","Heavy Blade","Whirlwind"],"picked":"SKIP","floor":10},{"not_picked":["Sentinel","Havoc","Fire Breathing"],"picked":"SKIP","floor":14},{"not_picked":["Fiend Fire","Bludgeon"],"picked":"Double Tap","floor":16},{"not_picked":["Cleave","Pommel Strike"],"picked":"Shrug It Off","floor":18},{"not_picked":["Rampage","Body Slam+1"],"picked":"Power Through+1","floor":19}],"player_experience":912570,"relics_obtained":[{"floor":6,"key":"Ancient Tea Set"},{"floor":9,"key":"Vajra"},{"floor":10,"key":"Thread and Needle"}],"event_choices":[{"damage_healed":0,"gold_gain":0,"player_choice":"Ignored","damage_taken":0,"max_hp_gain":0,"max_hp_loss":0,"event_name":"Golden Wing","floor":2,"gold_loss":0},{"damage_healed":0,"gold_gain":0,"player_choice":"Entered Light","damage_taken":23,"max_hp_gain":0,"max_hp_loss":0,"event_name":"Shining Light","floor":5,"gold_loss":0,"cards_upgraded":["Strike_R","Pommel Strike"]},{"damage_healed":0,"gold_gain":0,"player_choice":"Ignored","damage_taken":0,"max_hp_gain":0,"max_hp_loss":0,"event_name":"Liars Game","floor":8,"gold_loss":0},{"damage_healed":0,"gold_gain":0,"player_choice":"Paid Gold","damage_taken":0,"relics_obtained":["Kunai"],"max_hp_gain":0,"max_hp_loss":0,"event_name":"WeMeetAgain","floor":12,"gold_loss":92}],"is_beta":false,"boss_relics":[{"not_picked":["Pandora\u0027s Box","Runic Dome"],"picked":"Black Blood"}],"items_purged_floors":[],"is_endless":false,"potions_floor_spawned":[14,16],"killed_by":"Chosen and Byrds","ascension_level":18}