{"gold_per_floor":[114,114,114,164,105,105,138,138,138,155,0,32,48,98,98,98],"floor_reached":16,"playtime":451,"items_purged":[],"score":207,"play_id":"0781b9ef-5da5-45b0-b084-808b138dc26b","local_time":"20190831090513","is_ascension_mode":true,"campfire_choices":[{"data":"Clothesline","floor":6.0,"key":"SMITH"},{"data":"Twin Strike","floor":8.0,"key":"SMITH"},{"floor":15,"key":"REST"}],"neow_cost":"TEN_PERCENT_HP_LOSS","seed_source_timestamp":179921336002500,"circlet_count":0,"master_deck":["AscendersBane","Strike_R","Strike_R","Strike_R","Defend_R","Defend_R","Defend_R","Defend_R","Bash+1","Clothesline+1","Twin Strike+1","Pommel Strike","Feed"],"special_seed":0,"relics":["Burning Blood","SsserpentHead","Frozen Egg 2","Dodecahedron","Question Card"],"potions_floor_usage":[12,16],"damage_taken":[{"damage":13.0,"enemies":"Small Slimes","floor":1.0,"turns":6.0},{"damage":50.0,"enemies":"3 Sentries","floor":7.0,"turns":12.0},{"damage":0.0,"enemies":"Cultist","floor":10.0,"turns":3.0},{"damage":35,"enemies":"Lagavulin","floor":12,"turns":6},{"damage":7,"enemies":"Jaw Worm","floor":13,"turns":3},{"damage":23,"enemies":"The Guardian","floor":16,"turns":5}],"seed_played":"-2505435406432157143","potions_obtained":[{"floor":10.0,"key":"BloodPotion"},{"floor":13,"key":"Swift Potion"}],"is_trial":false,"path_per_floor":["M","?","$","?","$","R","E","R","T","M","$","E","M","?","R","B"],"character_chosen":"IRONCLAD","items_purchased":["Twin Strike","Feed"],"campfire_rested":1,"item_purchase_floors":[5,11],"current_hp_per_floor":[61,61,61,61,61,61,17,17,17,23,23,14,13,2,23,0],"gold":98,"neow_bonus":"REMOVE_TWO","is_prod":false,"is_daily":false,"chose_seed":false,"campfire_upgraded":2,"win_rate":0,"timestamp":1567256713,"path_taken":["M","?","$","?","$","R","E","R","T","M","$","E","M","?","R","BOSS"],"build_version":"2019-07-17","purchased_purges":0,"victory":false,"max_hp_per_floor":[68,68,68,68,68,68,68,68,68,68,68,71,71,71,71,71],"card_choices":[{"not_picked":["Sword Boomerang","Thunderclap"],"picked":"Clothesline","floor":1.0},{"not_picked":["Twin Strike","Infernal Blade","Burning Pact"],"picked":"SKIP","floor":7.0},{"not_picked":["Intimidate","Fire Breathing+1"],"picked":"Pommel Strike","floor":10.0},{"not_picked":["Havoc","Rage","Headbutt"],"picked":"SKIP","floor":12},{"not_picked":["Twin Strike","Pommel Strike","Power Through","Wild Strike"],"picked":"SKIP","floor":13}],"player_experience":936734,"relics_obtained":[{"floor":7.0,"key":"Frozen Egg 2"},{"floor":9.0,"key":"Dodecahedron"},{"floor":12,"key":"Question Card"}],"event_choices":[{"damage_healed":0.0,"max_hp_gain":0.0,"max_hp_loss":0.0,"gold_gain":0.0,"event_name":"FaceTrader","player_choice":"Trade","floor":2.0,"gold_loss":0.0,"damage_taken":0.0,"relics_obtained":["SsserpentHead"]},{"damage_healed":0.0,"max_hp_gain":0.0,"max_hp_loss":0.0,"gold_gain":0.0,"event_name":"Living Wall","player_choice":"Grow","floor":4.0,"gold_loss":0.0,"damage_taken":0.0,"cards_upgraded":["Bash"]},{"damage_healed":0,"gold_gain":0,"player_choice":"Fled","damage_taken":11,"max_hp_gain":0,"max_hp_loss":0,"event_name":"Scrap Ooze","floor":14,"gold_loss":0}],"is_beta":false,"boss_relics":[],"items_purged_floors":[],"is_endless":false,"potions_floor_spawned":[10,13],"killed_by":"The Guardian","ascension_level":19}