{"gold_per_floor":[117,42,56,67,82,107,107,140,187,21,31,31,49,84,84,161,161,135,109,159,59,76,76],"floor_reached":23,"playtime":1032,"items_purged":["Strike_R","Strike_R"],"score":411,"play_id":"f981d19c-090c-4dd7-adb8-2ac747d2873f","local_time":"20190902102413","is_ascension_mode":true,"campfire_choices":[{"data":"Carnage","floor":7.0,"key":"SMITH"},{"data":"Limit Break","floor":12.0,"key":"SMITH"},{"data":"Disarm","floor":15.0,"key":"SMITH"}],"neow_cost":"NONE","seed_source_timestamp":356794340275500,"circlet_count":0,"master_deck":["AscendersBane","Strike_R+1","Strike_R","Strike_R+1","Defend_R","Defend_R","Defend_R","Defend_R","Bash","Disarm+1","Flex","Carnage+1","Intimidate","Feel No Pain","Battle Trance","Limit Break+1","Battle Trance","Brutality","Impervious","Feed","Dual Wield","Cleave"],"special_seed":0,"relics":["Burning Blood","Whetstone","Thread and Needle","Pear","Anchor","Blood Vial","Velvet Choker"],"potions_floor_usage":[],"damage_taken":[{"damage":1.0,"enemies":"Cultist","floor":1.0,"turns":4.0},{"damage":10.0,"enemies":"Jaw Worm","floor":3.0,"turns":3.0},{"damage":11.0,"enemies":"Small Slimes","floor":4.0,"turns":3.0},{"damage":7.0,"enemies":"Exordium Wildlife","floor":5.0,"turns":3.0},{"damage":50.0,"enemies":"Lagavulin","floor":6.0,"turns":7.0},{"damage":25.0,"enemies":"Gremlin Nob","floor":8.0,"turns":4.0},{"damage":0.0,"enemies":"Looter","floor":11.0,"turns":2.0},{"damage":0.0,"enemies":"Red Slaver","floor":13.0,"turns":3.0},{"damage":11.0,"enemies":"3 Sentries","floor":14.0,"turns":6.0},{"damage":31,"enemies":"The Guardian","floor":16,"turns":11},{"damage":5,"enemies":"2 Thieves","floor":18,"turns":4},{"damage":4,"enemies":"Chosen","floor":22,"turns":7},{"damage":82,"enemies":"Book of Stabbing","floor":23,"turns":8}],"seed_played":"-1145519807752500951","potions_obtained":[{"floor":4.0,"key":"EssenceOfSteel"},{"floor":6.0,"key":"BloodPotion"},{"floor":11.0,"key":"Fire Potion"}],"is_trial":false,"path_per_floor":["M","$","M","M","M","E","R","E","T","$","M","R","M","E","R","B",null,"M","$","?","$","M","E"],"character_chosen":"IRONCLAD","items_purchased":["Limit Break","Cleave"],"campfire_rested":0,"item_purchase_floors":[10,19],"current_hp_per_floor":[73,73,69,64,63,19,19,28,28,28,34,34,40,35,35,12,67,73,73,73,73,77,0],"gold":76,"neow_bonus":"RANDOM_COMMON_RELIC","is_prod":false,"is_daily":false,"chose_seed":false,"campfire_upgraded":3,"win_rate":0,"timestamp":1567434253,"path_taken":["M","?","M","M","M","E","R","E","T","$","M","R","M","E","R","BOSS","M","$","?","$","?","E"],"build_version":"2019-07-17","purchased_purges":2,"victory":false,"max_hp_per_floor":[75,75,75,75,75,75,75,85,85,85,85,85,85,85,85,85,85,88,88,88,88,88,88],"card_choices":[{"not_picked":["Twin Strike","Blood for Blood"],"picked":"Disarm","floor":1.0},{"not_picked":["Perfected Strike","Warcry"],"picked":"Flex","floor":3.0},{"not_picked":["Wild Strike","Dual Wield"],"picked":"Carnage","floor":4.0},{"not_picked":["Evolve","Body Slam"],"picked":"Intimidate","floor":5.0},{"not_picked":["Pummel","Havoc"],"picked":"Feel No Pain","floor":6.0},{"not_picked":["Hemokinesis","Burning Pact"],"picked":"Battle Trance","floor":8.0},{"not_picked":["Rage","Pommel Strike"],"picked":"Battle Trance","floor":11.0},{"not_picked":["Second Wind","Entrench"],"picked":"Brutality","floor":13.0},{"not_picked":["Warcry","Iron Wave"],"picked":"Impervious","floor":14.0},{"not_picked":["Exhume","Fiend Fire"],"picked":"Feed","floor":16},{"not_picked":["Clash","Wild Strike"],"picked":"Dual Wield","floor":18},{"not_picked":["Cleave","Anger+1","Clash"],"picked":"SKIP","floor":22}],"player_experience":941419,"relics_obtained":[{"floor":6.0,"key":"Thread and Needle"},{"floor":8.0,"key":"Pear"},{"floor":9.0,"key":"Anchor"},{"floor":14.0,"key":"Blood Vial"}],"event_choices":[{"damage_healed":0,"gold_gain":50,"player_choice":"Pray","damage_taken":0,"max_hp_gain":0,"max_hp_loss":0,"event_name":"Golden Shrine","floor":20,"gold_loss":0}],"is_beta":false,"boss_relics":[{"not_picked":["Busted Crown","Lizard Tail"],"picked":"Velvet Choker"}],"items_purged_floors":[2,21],"is_endless":false,"potions_floor_spawned":[4,6,11],"killed_by":"Book of Stabbing","ascension_level":19}