{"gold_per_floor":[110,130,130,149,160,160,160,160,185,202,202,221,221,249,261,370,382,414,426,465,491,523,568,580,607,619,657,686,717,739,184,184,287,287,305,320,320,95,110,110,110,110,133,149,371,424,424,424,424,424],"floor_reached":51,"playtime":2870,"items_purged":["Strike_G","Strike_G"],"score":848,"play_id":"fba6fde2-efba-4b8c-992f-a17aea6fc304","local_time":"20191009005015","is_ascension_mode":true,"campfire_choices":[{"data":"Cloak And Dagger","floor":6,"key":"SMITH"},{"data":"Leg Sweep","floor":8,"key":"SMITH"},{"data":"Accuracy","floor":11,"key":"SMITH"},{"data":"Cloak And Dagger","floor":13,"key":"SMITH"},{"data":"Survivor","floor":15,"key":"SMITH"},{"data":"Cloak And Dagger","floor":24,"key":"SMITH"},{"floor":32,"key":"REST"},{"data":"Burst","floor":40,"key":"SMITH"},{"data":"Cloak And Dagger","floor":42,"key":"SMITH"},{"data":"Accuracy","floor":47,"key":"SMITH"},{"floor":49,"key":"REST"}],"neow_cost":"NONE","seed_source_timestamp":341261545471000,"circlet_count":0,"master_deck":["Strike_G+1","Defend_G","Defend_G","Defend_G","Defend_G","Defend_G","Survivor+1","Neutralize+1","Cloak And Dagger+1","PiercingWail","Leg Sweep+1","Accuracy+1","Cloak And Dagger+1","Adrenaline","Infinite Blades","Blade Dance+1","Cloak And Dagger+1","PiercingWail","Blade Dance+1","Leg Sweep","Blade Dance","Accuracy+1","Cloak And Dagger+1","Secret Technique","Leg Sweep","Burst+1","PiercingWail+1","Blade Dance+1","Accuracy+1","PiercingWail","PiercingWail","Escape Plan+1"],"relics":["Ring of the Snake","Happy Flower","MawBank","WristBlade","Red Mask","Pen Nib","Prayer Wheel","Blood Vial","Shuriken","Philosopher\u0027s Stone","Potion Belt","Tough Bandages","Lantern"],"potions_floor_usage":[18,22,33,33,46,50,50],"damage_taken":[{"damage":0,"enemies":"Jaw Worm","floor":1,"turns":4},{"damage":1,"enemies":"Small Slimes","floor":2,"turns":5},{"damage":0,"enemies":"2 Louse","floor":4,"turns":3},{"damage":0,"enemies":"Blue Slaver","floor":5,"turns":7},{"damage":0,"enemies":"3 Louse","floor":10,"turns":4},{"damage":0,"enemies":"Large Slime","floor":12,"turns":5},{"damage":0,"enemies":"Lagavulin","floor":14,"turns":9},{"damage":26,"enemies":"Hexaghost","floor":16,"turns":15},{"damage":0,"enemies":"Chosen","floor":18,"turns":5},{"damage":20,"enemies":"Masked Bandits","floor":20,"turns":5},{"damage":20,"enemies":"Spheric Guardian","floor":21,"turns":4},{"damage":0,"enemies":"Centurion and Healer","floor":22,"turns":4},{"damage":0,"enemies":"Book of Stabbing","floor":23,"turns":5},{"damage":0,"enemies":"Snake Plant","floor":25,"turns":3},{"damage":11,"enemies":"Slavers","floor":27,"turns":6},{"damage":0,"enemies":"3 Cultists","floor":28,"turns":4},{"damage":0,"enemies":"Chosen and Byrds","floor":29,"turns":4},{"damage":0,"enemies":"Sentry and Sphere","floor":30,"turns":3},{"damage":3,"enemies":"Automaton","floor":33,"turns":5},{"damage":0,"enemies":"3 Shapes","floor":35,"turns":5},{"damage":0,"enemies":"Orb Walker","floor":36,"turns":2},{"damage":18,"enemies":"Transient","floor":39,"turns":5},{"damage":0,"enemies":"Spire Growth","floor":44,"turns":3},{"damage":0,"enemies":"2 Orb Walkers","floor":46,"turns":4},{"damage":67,"enemies":"Time Eater","floor":50,"turns":12}],"seed_played":"8666933386554190596","potions_obtained":[{"floor":2,"key":"SkillPotion"},{"floor":4,"key":"SteroidPotion"},{"floor":14,"key":"Strength Potion"},{"floor":21,"key":"Regen Potion"},{"floor":22,"key":"FearPotion"},{"floor":30,"key":"SkillPotion"},{"floor":44,"key":"Fruit Juice"},{"floor":46,"key":"Weak Potion"}],"is_trial":false,"path_per_floor":["M","M","?","M","M","R","?","R","T","M","R","M","R","E","R","B",null,"M","?","?","M","M","E","R","M","T","E","M","M","M","$","R","B",null,"M","M","?","$","M","R","?","R","T","M","?","?","R","T","R","B",null],"character_chosen":"THE_SILENT","items_purchased":["Shuriken","Secret Technique","Leg Sweep","Accuracy","PiercingWail"],"campfire_rested":2,"item_purchase_floors":[31,31,31,38,38],"current_hp_per_floor":[70,69,62,62,62,62,48,48,48,48,48,48,48,48,48,22,70,70,70,50,30,42,42,42,42,42,31,33,35,37,37,58,57,70,70,70,65,65,49,49,49,49,49,51,51,58,58,58,75,8],"gold":424,"neow_bonus":"UPGRADE_CARD","is_prod":false,"is_daily":false,"chose_seed":false,"campfire_upgraded":9,"win_rate":0,"timestamp":1570596615,"path_taken":["M","M","?","M","M","R","?","R","T","M","R","M","R","E","R","BOSS","M","?","?","M","M","E","R","M","T","E","M","M","M","$","R","BOSS","M","M","?","$","M","R","?","R","T","M","?","?","R","?","R","BOSS"],"build_version":"2019-07-17","purchased_purges":2,"victory":true,"max_hp_per_floor":[70,70,70,70,70,70,70,70,70,70,70,70,70,70,70,70,70,70,70,70,70,70,70,70,70,70,70,70,70,70,70,70,70,70,70,70,70,70,70,70,70,70,70,70,70,75,75,75,75,75],"card_choices":[{"not_picked":["Predator","Crippling Poison"],"picked":"Cloak And Dagger","floor":1},{"not_picked":["Underhanded Strike","Outmaneuver","Bane"],"picked":"SKIP","floor":2},{"not_picked":["Deflect","Blade Dance"],"picked":"PiercingWail","floor":4},{"not_picked":["Quick Slash","Dagger Spray"],"picked":"Leg Sweep","floor":5},{"not_picked":["Bane","A Thousand Cuts"],"picked":"Accuracy","floor":10},{"not_picked":["Flying Knee","Sucker Punch"],"picked":"Cloak And Dagger","floor":12},{"not_picked":["Flying Knee","Bane","Dagger Throw"],"picked":"SKIP","floor":14},{"not_picked":["Die Die Die","Venomology"],"picked":"Adrenaline","floor":16},{"not_picked":["Dash","PiercingWail"],"picked":"Infinite Blades","floor":18},{"not_picked":["Leg Sweep","Quick Slash+1"],"picked":"Blade Dance+1","floor":20},{"not_picked":["Masterful Stab+1","Prepared+1"],"picked":"Cloak And Dagger","floor":21},{"not_picked":["Bouncing Flask","Tactician+1","All Out Attack"],"picked":"SKIP","floor":22},{"not_picked":["Skewer","Flying Knee"],"picked":"PiercingWail","floor":23},{"not_picked":["Slice","Poisoned Stab"],"picked":"Blade Dance+1","floor":25},{"not_picked":["Dagger Spray","Outmaneuver+1","Distraction+1"],"picked":"SKIP","floor":27},{"not_picked":["Riddle With Holes","Venomology"],"picked":"Leg Sweep","floor":28},{"not_picked":["Sucker Punch","Bane"],"picked":"Blade Dance","floor":28},{"not_picked":["Flechettes+1","Well Laid Plans+1"],"picked":"Accuracy+1","floor":29},{"not_picked":["PiercingWail+1","Predator","Slice+1"],"picked":"SKIP","floor":29},{"not_picked":["Outmaneuver","Bane+1"],"picked":"Cloak And Dagger","floor":30},{"not_picked":["Flying Knee+1","Acrobatics","Deflect+1"],"picked":"SKIP","floor":30},{"not_picked":["Venomology","Bullet Time"],"picked":"Burst","floor":33},{"not_picked":["Masterful Stab+1","Expertise"],"picked":"PiercingWail+1","floor":35},{"not_picked":["All Out Attack+1","Prepared","Terror"],"picked":"SKIP","floor":35},{"not_picked":["Dagger Spray","Heel Hook+1"],"picked":"Blade Dance+1","floor":36},{"not_picked":["Deflect+1","Calculated Gamble+1","Underhanded Strike+1"],"picked":"SKIP","floor":36},{"not_picked":["Flying Knee+1","Dagger Throw+1"],"picked":"PiercingWail","floor":39},{"not_picked":["Flying Knee+1","Slice+1","Blur"],"picked":"SKIP","floor":39},{"not_picked":["Heel Hook","Deflect+1","Predator"],"picked":"SKIP","floor":44},{"not_picked":["Heel Hook","Distraction+1","Prepared"],"picked":"SKIP","floor":44},{"not_picked":["Dagger Spray+1","Riddle With Holes+1"],"picked":"Escape Plan+1","floor":46}],"player_experience":121809,"relics_obtained":[{"floor":9,"key":"Happy Flower"},{"floor":14,"key":"MawBank"},{"floor":20,"key":"Red Mask"},{"floor":23,"key":"Pen Nib"},{"floor":26,"key":"Prayer Wheel"},{"floor":27,"key":"Blood Vial"},{"floor":43,"key":"Potion Belt"},{"floor":46,"key":"Tough Bandages"},{"floor":48,"key":"Lantern"}],"event_choices":[{"cards_removed":["Strike_G"],"damage_healed":0,"gold_gain":0,"player_choice":"Card Removal","damage_taken":7,"max_hp_gain":0,"max_hp_loss":0,"event_name":"Golden Wing","floor":3,"gold_loss":0},{"damage_healed":0,"gold_gain":0,"player_choice":"Entered Light","damage_taken":14,"max_hp_gain":0,"max_hp_loss":0,"event_name":"Shining Light","floor":7,"gold_loss":0,"cards_upgraded":["Strike_G","Strike_G"]},{"damage_healed":0,"gold_gain":0,"player_choice":"Ignored","damage_taken":0,"max_hp_gain":0,"max_hp_loss":0,"event_name":"Vampires","floor":19,"gold_loss":0},{"damage_healed":0,"gold_gain":0,"player_choice":"Fought Bandits","damage_taken":0,"max_hp_gain":0,"max_hp_loss":0,"event_name":"Masked Bandits","floor":20,"gold_loss":0},{"damage_healed":0,"gold_gain":0,"player_choice":"Memory 2","damage_taken":5,"max_hp_gain":0,"max_hp_loss":0,"event_name":"SensoryStone","floor":37,"gold_loss":0},{"cards_removed":["Strike_G"],"damage_healed":0,"gold_gain":0,"player_choice":"Removed Attack","damage_taken":0,"max_hp_gain":0,"max_hp_loss":0,"event_name":"Falling","floor":41,"gold_loss":0},{"damage_healed":0,"gold_gain":222,"player_choice":"Wore Mask","damage_taken":0,"max_hp_gain":0,"max_hp_loss":0,"event_name":"Tomb of Lord Red Mask","floor":45,"gold_loss":0},{"damage_healed":0,"gold_gain":0,"player_choice":"Fight","damage_taken":0,"max_hp_gain":0,"max_hp_loss":0,"event_name":"Mysterious Sphere","floor":46,"gold_loss":0}],"is_beta":false,"boss_relics":[{"not_picked":["Empty Cage","Runic Pyramid"],"picked":"WristBlade"},{"not_picked":["Black Star","Busted Crown"],"picked":"Philosopher\u0027s Stone"}],"items_purged_floors":[31,38],"is_endless":false,"potions_floor_spawned":[2,4,14,21,22,28,29,30,44,46],"ascension_level":1}