{"gold_per_floor":[110,127,139,12,12,12,29,29,82,110,123,123,149,165,165,264,264,276,0,0,0,12,12,37,49,75,75,175,185,185],"floor_reached":30,"playtime":1660,"items_purged":["Strike_G"],"score":311,"play_id":"9f2b516b-ca96-462a-95ba-2661b307b2fa","local_time":"20190930012358","is_ascension_mode":true,"campfire_choices":[{"data":"Footwork","floor":6,"key":"SMITH"},{"floor":8,"key":"REST"},{"data":"Glass Knife","floor":15,"key":"SMITH"},{"data":"Noxious Fumes","floor":23,"key":"SMITH"},{"floor":27,"key":"REST"}],"neow_cost":"NONE","seed_source_timestamp":34216195397900,"circlet_count":0,"master_deck":["Defend_G","Defend_G","Defend_G","Defend_G","Defend_G","Survivor","Neutralize","Glass Knife+1","Footwork+1","Poisoned Stab","Noxious Fumes+1","Poisoned Stab","Cloak And Dagger","Leg Sweep","Prepared","Footwork","Poisoned Stab","Dodge and Roll","Corpse Explosion","Dodge and Roll","Bite","Bite","Bite","Bite","Bite","RitualDagger","Terror","PiercingWail","Burst","Catalyst","Sucker Punch"],"relics":["Ring of the Snake","Dream Catcher","Omamori","Gremlin Horn","Bottled Lightning","Lizard Tail","Bag of Marbles","Bottled Tornado","Ginger","Frozen Egg 2"],"potions_floor_usage":[13,28,28,29,30,30],"damage_taken":[{"damage":0,"enemies":"Cultist","floor":1,"turns":3},{"damage":0,"enemies":"2 Louse","floor":2,"turns":3},{"damage":4,"enemies":"Jaw Worm","floor":3,"turns":4},{"damage":16,"enemies":"Exordium Thugs","floor":7,"turns":7},{"damage":1,"enemies":"Lagavulin","floor":10,"turns":9},{"damage":2,"enemies":"Looter","floor":11,"turns":2},{"damage":3,"enemies":"Gremlin Nob","floor":13,"turns":4},{"damage":1,"enemies":"3 Louse","floor":14,"turns":4},{"damage":12,"enemies":"Hexaghost","floor":16,"turns":11},{"damage":7,"enemies":"Shell Parasite","floor":18,"turns":6},{"damage":4,"enemies":"3 Byrds","floor":22,"turns":7},{"damage":33,"enemies":"Gremlin Leader","floor":24,"turns":9},{"damage":24,"enemies":"Snake Plant","floor":25,"turns":6},{"damage":25,"enemies":"Colosseum Slavers","floor":28,"turns":8},{"damage":25,"enemies":"Colosseum Nobs","floor":28,"turns":4},{"damage":0,"enemies":"Centurion and Healer","floor":29,"turns":8},{"damage":43,"enemies":"Book of Stabbing","floor":30,"turns":9}],"seed_played":"-8469767212988134903","potions_obtained":[{"floor":1,"key":"SmokeBomb"},{"floor":3,"key":"Strength Potion"},{"floor":7,"key":"Poison Potion"},{"floor":10,"key":"Dexterity Potion"},{"floor":14,"key":"Regen Potion"},{"floor":18,"key":"FearPotion"},{"floor":28,"key":"SteroidPotion"},{"floor":29,"key":"Fire Potion"}],"is_trial":false,"path_per_floor":["M","M","M","$","?","R","M","R","T","E","M","?","E","M","R","B",null,"M","$","?","?","M","R","E","M","T","R","?","M","E"],"character_chosen":"THE_SILENT","items_purchased":["Noxious Fumes","Poisoned Stab","Bag of Marbles","Dodge and Roll"],"campfire_rested":2,"item_purchase_floors":[4,4,19,19],"current_hp_per_floor":[70,70,66,66,63,63,47,68,68,67,65,70,67,66,66,54,70,63,63,49,43,45,45,26,10,10,24,3,9,0],"gold":185,"neow_bonus":"ONE_RANDOM_RARE_CARD","is_prod":false,"is_daily":false,"chose_seed":false,"campfire_upgraded":3,"win_rate":0,"timestamp":1569821038,"path_taken":["M","?","M","$","?","R","M","R","T","E","M","?","E","M","R","BOSS","M","$","?","?","?","R","E","M","T","R","?","M","E"],"build_version":"2019-07-17","purchased_purges":1,"victory":false,"max_hp_per_floor":[70,70,70,70,70,70,70,70,70,70,70,70,70,70,70,70,70,70,70,49,49,49,49,49,49,49,49,49,49,49],"card_choices":[{"not_picked":["Prepared","Slice"],"picked":"Footwork","floor":1},{"not_picked":["PiercingWail","Dodge and Roll"],"picked":"Poisoned Stab","floor":2},{"not_picked":["Endless Agony","Envenom","Masterful Stab"],"picked":"SKIP","floor":3},{"not_picked":["Outmaneuver","Dagger Throw"],"picked":"Cloak And Dagger","floor":7},{"not_picked":["Catalyst","Backflip"],"picked":"Leg Sweep","floor":8},{"not_picked":["Outmaneuver","Distraction"],"picked":"Prepared","floor":10},{"not_picked":["Outmaneuver","Acrobatics"],"picked":"Footwork","floor":11},{"not_picked":["Blade Dance","Endless Agony"],"picked":"Poisoned Stab","floor":13},{"not_picked":["PiercingWail","Backstab"],"picked":"Dodge and Roll","floor":14},{"not_picked":["Venomology","Phantasmal Killer"],"picked":"Corpse Explosion","floor":16},{"not_picked":["Quick Slash","Poisoned Stab","Blade Dance+1"],"picked":"SKIP","floor":18},{"not_picked":["Dagger Throw","Footwork+1"],"picked":"Terror","floor":22},{"not_picked":["Prepared","Dagger Spray+1"],"picked":"PiercingWail","floor":24},{"not_picked":["Infinite Blades","Bane"],"picked":"Burst","floor":25},{"not_picked":["All Out Attack","Endless Agony+1"],"picked":"Catalyst","floor":28},{"not_picked":["Slice","Flechettes+1"],"picked":"Sucker Punch","floor":29}],"player_experience":98131,"relics_obtained":[{"floor":9,"key":"Omamori"},{"floor":10,"key":"Gremlin Horn"},{"floor":13,"key":"Bottled Lightning"},{"floor":24,"key":"Bottled Tornado"},{"floor":28,"key":"Ginger"},{"floor":28,"key":"Frozen Egg 2"}],"event_choices":[{"damage_healed":0,"gold_gain":0,"player_choice":"Success","damage_taken":3,"relics_obtained":["Dream Catcher"],"max_hp_gain":0,"max_hp_loss":0,"event_name":"Scrap Ooze","floor":5,"gold_loss":0},{"damage_healed":5,"gold_gain":0,"player_choice":"Full Heal","damage_taken":0,"max_hp_gain":0,"max_hp_loss":0,"event_name":"Wheel of Change","floor":12,"gold_loss":0},{"damage_healed":0,"gold_gain":0,"player_choice":"Became a vampire","damage_taken":0,"max_hp_gain":0,"max_hp_loss":21,"event_name":"Vampires","floor":20,"gold_loss":0,"cards_obtained":["Bite","Bite","Bite","Bite","Bite"]},{"damage_healed":0,"gold_gain":0,"player_choice":"Joined the Cult","damage_taken":6,"max_hp_gain":0,"max_hp_loss":0,"event_name":"Nest","floor":21,"gold_loss":0,"cards_obtained":["RitualDagger"]},{"damage_healed":0,"gold_gain":0,"player_choice":"Fight","damage_taken":0,"max_hp_gain":0,"max_hp_loss":0,"event_name":"Colosseum","floor":28,"gold_loss":0},{"damage_healed":0,"gold_gain":0,"player_choice":"Fought Nobs","damage_taken":0,"max_hp_gain":0,"max_hp_loss":0,"event_name":"Colosseum","floor":28,"gold_loss":0}],"is_beta":false,"boss_relics":[{"not_picked":["Sozu","Fusion Hammer"],"picked":"Lizard Tail"}],"items_purged_floors":[19],"is_endless":false,"potions_floor_spawned":[1,3,7,10,14,18,28,29],"killed_by":"Book of Stabbing","ascension_level":2}