{"gold_per_floor":[111,128,148,163,163,163,175,175,175,202,221,241,166,186,186,291,291,291,39,39,39,39,39,39,39],"floor_reached":25,"playtime":1775,"items_purged":["Strike_R","Strike_R"],"score":306,"play_id":"a521115f-8651-4fb4-a471-02e91426ccd5","local_time":"20191010004837","is_ascension_mode":true,"campfire_choices":[{"data":"Body Slam","floor":6,"key":"SMITH"},{"data":"Iron Wave","floor":8,"key":"SMITH"},{"data":"Bash","floor":15,"key":"SMITH"},{"data":"Feed","floor":24,"key":"SMITH"}],"neow_cost":"NONE","seed_source_timestamp":81590471513800,"circlet_count":0,"master_deck":["Strike_R","Strike_R","Strike_R","Defend_R","Defend_R","Defend_R","Defend_R","Bash+1","Body Slam+1","Iron Wave+1","True Grit+1","Feed+1","Iron Wave","Metallicize"],"relics":["Burning Blood","Pear","Orichalcum","Ectoplasm","Nloth\u0027s Gift","Pocketwatch"],"potions_floor_usage":[10,16,22,23,23],"damage_taken":[{"damage":8,"enemies":"2 Louse","floor":1,"turns":4},{"damage":14,"enemies":"Small Slimes","floor":2,"turns":4},{"damage":1,"enemies":"Cultist","floor":3,"turns":4},{"damage":9,"enemies":"Blue Slaver","floor":4,"turns":8},{"damage":0,"enemies":"3 Louse","floor":7,"turns":4},{"damage":2,"enemies":"Gremlin Nob","floor":10,"turns":3},{"damage":2,"enemies":"Looter","floor":11,"turns":3},{"damage":1,"enemies":"2 Fungi Beasts","floor":12,"turns":4},{"damage":7,"enemies":"3 Louse","floor":14,"turns":5},{"damage":21,"enemies":"The Guardian","floor":16,"turns":11},{"damage":11,"enemies":"3 Byrds","floor":18,"turns":9},{"damage":7,"enemies":"Shell Parasite","floor":22,"turns":6},{"damage":85,"enemies":"Slavers","floor":23,"turns":17},{"damage":46,"enemies":"Sentry and Sphere","floor":25,"turns":7}],"seed_played":"5239159054964509102","potions_obtained":[{"floor":0,"key":"Dexterity Potion"},{"floor":0,"key":"Weak Potion"},{"floor":0,"key":"AttackPotion"},{"floor":10,"key":"BloodPotion"},{"floor":16,"key":"Energy Potion"},{"floor":18,"key":"Fire Potion"}],"is_trial":false,"path_per_floor":["M","M","M","M","?","R","M","R","T","E","M","M","$","M","R","B",null,"M","$","?","?","M","E","R","M"],"character_chosen":"IRONCLAD","items_purchased":["Juzu Bracelet"],"campfire_rested":0,"item_purchase_floors":[19],"current_hp_per_floor":[78,70,75,72,72,72,78,78,88,90,93,96,96,98,98,83,95,93,93,93,93,95,42,42,0],"gold":39,"neow_bonus":"THREE_SMALL_POTIONS","is_prod":false,"is_daily":false,"chose_seed":false,"campfire_upgraded":4,"win_rate":0,"timestamp":1570682917,"path_taken":["M","M","M","M","?","R","M","R","T","E","M","M","$","M","R","BOSS","M","$","?","?","M","E","R","M"],"build_version":"2019-07-17","purchased_purges":2,"victory":false,"max_hp_per_floor":[80,80,80,80,80,80,80,80,90,90,93,96,96,99,99,99,99,102,102,102,102,105,105,105,109],"card_choices":[{"not_picked":["Sentinel","Intimidate"],"picked":"Body Slam","floor":1},{"not_picked":["Intimidate","Shockwave"],"picked":"Iron Wave","floor":2},{"not_picked":["Rampage","Pommel Strike","Whirlwind"],"picked":"SKIP","floor":3},{"not_picked":["Wild Strike","Pommel Strike"],"picked":"True Grit","floor":4},{"not_picked":["Heavy Blade","Armaments","Infernal Blade"],"picked":"SKIP","floor":7},{"not_picked":["Burning Pact","Thunderclap"],"picked":"Feed","floor":10},{"not_picked":["Warcry","Armaments","Cleave"],"picked":"SKIP","floor":11},{"not_picked":["Cleave","Pommel Strike","Havoc"],"picked":"SKIP","floor":12},{"not_picked":["Infernal Blade","Intimidate","Clothesline"],"picked":"SKIP","floor":14},{"not_picked":["Cleave+1","Perfected Strike"],"picked":"Iron Wave","floor":18},{"not_picked":["Flex","Thunderclap"],"picked":"Metallicize","floor":22},{"not_picked":["Fiend Fire","Heavy Blade","Twin Strike"],"picked":"SKIP","floor":23}],"player_experience":128422,"relics_obtained":[{"floor":9,"key":"Pear"},{"floor":10,"key":"Orichalcum"},{"floor":23,"key":"Pocketwatch"}],"event_choices":[{"damage_healed":0,"gold_gain":0,"player_choice":"Grow","damage_taken":0,"max_hp_gain":0,"max_hp_loss":0,"event_name":"Living Wall","floor":5,"gold_loss":0,"cards_upgraded":["True Grit"]},{"damage_healed":0,"gold_gain":0,"player_choice":"Ignored","damage_taken":0,"max_hp_gain":0,"max_hp_loss":0,"event_name":"Ghosts","floor":20,"gold_loss":0},{"damage_healed":0,"gold_gain":0,"player_choice":"Traded Relic","damage_taken":0,"relics_obtained":["Nloth\u0027s Gift"],"max_hp_gain":0,"max_hp_loss":0,"event_name":"N\u0027loth","floor":21,"relics_lost":["Juzu Bracelet"],"gold_loss":0}],"is_beta":false,"boss_relics":[{"not_picked":["White Beast Statue","Lizard Tail"],"picked":"Ectoplasm"}],"items_purged_floors":[13,19],"is_endless":false,"potions_floor_spawned":[2,3,4,10,14,16,18],"killed_by":"Sentry and Sphere","ascension_level":5}