{"gold_per_floor":[111,27,39,50,50,106,106,124,151,177,177,177],"floor_reached":12,"playtime":532,"items_purged":[],"score":158,"play_id":"4711f490-39c3-4351-b189-1d3c27016671","local_time":"20191012173300","is_ascension_mode":true,"campfire_choices":[{"data":"FlurryOfBlows","floor":7.0,"key":"SMITH"},{"floor":11,"key":"REST"}],"neow_cost":"NONE","seed_source_timestamp":19246151878100,"circlet_count":0,"master_deck":["AscendersBane","Strike_P","Strike_P","Strike_P","Strike_P","Defend_P","Defend_P","Defend_P","Defend_P","Eruption+1","Vigilance","FollowUp","DeusExMachina","Meditate","FlurryOfBlows+1","Weave"],"special_seed":0,"relics":["PureWater","Tiny Chest","Boot","MealTicket"],"potions_floor_usage":[10,10],"damage_taken":[{"damage":0.0,"enemies":"Cultist","floor":1.0,"turns":3.0},{"damage":0.0,"enemies":"Small Slimes","floor":3.0,"turns":2.0},{"damage":0.0,"enemies":"2 Louse","floor":4.0,"turns":3.0},{"damage":17.0,"enemies":"3 Sentries","floor":6.0,"turns":7.0},{"damage":12.0,"enemies":"Looter","floor":8.0,"turns":3.0},{"damage":12,"enemies":"Gremlin Nob","floor":10,"turns":3},{"damage":47,"enemies":"3 Sentries","floor":12,"turns":6}],"seed_played":"8815084702094594209","potions_obtained":[{"floor":3.0,"key":"Weak Potion"},{"floor":4.0,"key":"FearPotion"}],"is_trial":false,"path_per_floor":["M","$","M","M","$","E","R","M","T","E","R","E"],"character_chosen":"WATCHER","items_purchased":["DeusExMachina"],"campfire_rested":1,"item_purchase_floors":[2],"current_hp_per_floor":[61,61,61,61,61,44,44,32,32,20,40,0],"gold":177,"neow_bonus":"UPGRADE_CARD","is_prod":false,"is_daily":false,"chose_seed":false,"campfire_upgraded":1,"win_rate":0,"timestamp":1570915980,"path_taken":["M","$","M","M","?","E","R","M","T","E","R","E"],"build_version":"2019-10-11","purchased_purges":0,"victory":false,"max_hp_per_floor":[68,68,68,68,68,68,68,68,68,68,68,68],"card_choices":[{"not_picked":["Sanctity","PathToVictory"],"picked":"FollowUp","floor":1.0},{"not_picked":["FlyingSleeves","Conclude"],"picked":"Meditate","floor":3.0},{"not_picked":["Vengeance","ClearTheMind"],"picked":"FlurryOfBlows","floor":4.0},{"not_picked":["ThirdEye","Halt"],"picked":"Weave","floor":6.0},{"not_picked":["EmptyFist","CarveReality","FlyingSleeves"],"picked":"SKIP","floor":8.0},{"not_picked":["Prostrate","DevaForm","EmptyFist"],"picked":"SKIP","floor":10}],"player_experience":1310775,"relics_obtained":[{"floor":6.0,"key":"Tiny Chest"},{"floor":9.0,"key":"Boot"},{"floor":10,"key":"MealTicket"}],"event_choices":[],"is_beta":true,"boss_relics":[],"items_purged_floors":[],"is_endless":false,"potions_floor_spawned":[3,4,8],"killed_by":"3 Sentries","ascension_level":16}