{"gold_per_floor":[118,43,43,93,104,104,133,83,83,83,111,111,126,153,153,231,231,251,251,251,201,215,215,248,268,292,309,309,259,284,304,304,379,379,394,394,406,406,416,416,466,466,493,524,542,542,0,52,52,52],"floor_reached":50,"playtime":5318,"items_purged":["Strike_G","Defend_G","Strike_G"],"score":1168,"play_id":"53d65715-e006-48e0-9e9c-b433b00a1f10","local_time":"20190110230312","is_ascension_mode":true,"campfire_choices":[{"data":"Leg Sweep","floor":6,"key":"SMITH"},{"data":"Neutralize","floor":10,"key":"SMITH"},{"data":"Backflip","floor":12,"key":"SMITH"},{"data":"Backflip","floor":15,"key":"SMITH"},{"data":"Cloak And Dagger","floor":23,"key":"SMITH"},{"data":"Footwork","floor":28,"key":"SMITH"},{"data":"Burst","floor":32,"key":"SMITH"},{"data":"Cloak And Dagger","floor":40,"key":"SMITH"},{"data":"Backflip","floor":42,"key":"SMITH"},{"data":"Backflip","floor":46,"key":"SMITH"},{"data":"Predator","floor":49,"key":"SMITH"}],"neow_cost":"NONE","seed_source_timestamp":27343413745438,"circlet_count":0,"master_deck":["AscendersBane","Defend_G+1","Defend_G","Defend_G","Survivor","Neutralize+1","Leg Sweep+1","Infinite Blades","Backflip","Backflip+1","Backflip+1","Burst+1","Cloak And Dagger+1","Cloak And Dagger+1","Footwork+1","Backflip+1","Cloak And Dagger+1","Cloak And Dagger+1","Backflip+1","Madness+1","Madness","Acrobatics+1","Predator+1"],"relics":["Ring of the Snake","Smiling Mask","Shuriken","Paper Crane","Odd Mushroom","Coffee Dripper","Juzu Bracelet","Bag of Preparation","Strawberry","HoveringKite","War Paint","Bottled Flame","Red Mask","Bird Faced Urn"],"potions_floor_usage":[11,16,16,50,50],"damage_taken":[{"damage":0,"enemies":"Cultist","floor":1,"turns":4},{"damage":2,"enemies":"Small Slimes","floor":5,"turns":5},{"damage":22,"enemies":"3 Sentries","floor":7,"turns":12},{"damage":11,"enemies":"Gremlin Nob","floor":11,"turns":5},{"damage":0,"enemies":"2 Louse","floor":13,"turns":3},{"damage":7,"enemies":"The Mushroom Lair","floor":14,"turns":7},{"damage":4,"enemies":"Slime Boss","floor":16,"turns":17},{"damage":0,"enemies":"Shell Parasite","floor":18,"turns":9},{"damage":0,"enemies":"3 Byrds","floor":22,"turns":5},{"damage":0,"enemies":"Gremlin Leader","floor":24,"turns":8},{"damage":0,"enemies":"Snake Plant","floor":25,"turns":6},{"damage":0,"enemies":"Cultist and Chosen","floor":27,"turns":5},{"damage":9,"enemies":"Slavers","floor":30,"turns":9},{"damage":2,"enemies":"Sentry and Sphere","floor":31,"turns":6},{"damage":0,"enemies":"Collector","floor":33,"turns":8},{"damage":0,"enemies":"3 Shapes","floor":35,"turns":4},{"damage":0,"enemies":"Orb Walker","floor":37,"turns":4},{"damage":0,"enemies":"Spire Growth","floor":39,"turns":4},{"damage":0,"enemies":"Reptomancer","floor":44,"turns":6},{"damage":0,"enemies":"Transient","floor":45,"turns":5},{"damage":29,"enemies":"2 Orb Walkers","floor":48,"turns":8},{"damage":39,"enemies":"Time Eater","floor":50,"turns":11}],"seed_played":"-5400012739638790015","potions_obtained":[{"floor":1,"key":"Swift Potion"},{"floor":11,"key":"Energy Potion"},{"floor":13,"key":"Weak Potion"},{"floor":16,"key":"SpeedPotion"},{"floor":24,"key":"Fire Potion"},{"floor":39,"key":"Energy Potion"}],"is_trial":false,"path_per_floor":["M","?","$","?","M","R","E","$","T","R","E","R","M","?","R","B",null,"M","?","?","$","M","R","E","M","T","M","R","$","E","M","R","B",null,"M","?","M","?","M","R","?","R","T","E","M","R","?","?","R","B"],"character_chosen":"THE_SILENT","items_purchased":[],"campfire_rested":0,"item_purchase_floors":[],"current_hp_per_floor":[65,65,65,65,63,63,41,41,41,41,30,30,30,23,23,19,59,59,59,59,59,59,59,59,59,59,59,59,59,57,55,55,55,73,73,59,59,59,59,59,59,59,59,59,59,59,59,30,30,0],"gold":52,"neow_bonus":"TEN_PERCENT_HP_BONUS","is_prod":false,"is_daily":false,"chose_seed":false,"campfire_upgraded":11,"win_rate":0,"timestamp":1547157792,"path_taken":["M","?","$","?","M","R","E","$","T","R","E","R","?","?","R","BOSS","M","?","?","$","?","R","E","M","T","M","R","$","E","M","R","BOSS","M","?","M","?","M","R","?","R","T","E","M","R","?","?","R","BOSS"],"build_version":"2019-01-03v4","purchased_purges":3,"victory":false,"max_hp_per_floor":[72,72,72,72,72,72,72,72,72,72,72,72,72,72,72,72,72,72,72,72,72,72,72,72,72,72,72,72,72,79,79,79,79,79,79,79,79,79,79,79,79,79,79,79,79,79,79,79,79,79],"card_choices":[{"not_picked":["Poisoned Stab","Sucker Punch"],"picked":"Leg Sweep","floor":1},{"not_picked":["Skewer","Dagger Spray"],"picked":"Infinite Blades","floor":5},{"not_picked":["Predator","Riddle With Holes"],"picked":"Backflip","floor":7},{"not_picked":["Terror","Distraction"],"picked":"Backflip","floor":11},{"not_picked":["Dagger Spray","Expertise","Blade Dance"],"picked":"SKIP","floor":13},{"not_picked":["Choke","Dodge and Roll"],"picked":"Backflip","floor":14},{"not_picked":["Unload","Die Die Die"],"picked":"Burst","floor":16},{"not_picked":["Poisoned Stab","Crippling Poison"],"picked":"Cloak And Dagger+1","floor":18},{"not_picked":["Leg Sweep","Prepared+1"],"picked":"Cloak And Dagger","floor":22},{"not_picked":["Slice","Bullet Time"],"picked":"Footwork","floor":24},{"not_picked":["Masterful Stab","Blade Dance","Deadly Poison"],"picked":"SKIP","floor":25},{"not_picked":["Skewer","Sucker Punch"],"picked":"Backflip","floor":27},{"not_picked":["Backflip","Skewer"],"picked":"Cloak And Dagger+1","floor":30},{"not_picked":["Setup","Deflect"],"picked":"Cloak And Dagger","floor":31},{"not_picked":["Dagger Throw","Noxious Fumes"],"picked":"Backflip","floor":35},{"not_picked":["Setup+1","Deadly Poison"],"picked":"Acrobatics+1","floor":37},{"not_picked":["PiercingWail","Dodge and Roll","Dagger Spray"],"picked":"SKIP","floor":39},{"not_picked":["Setup+1","PiercingWail","Deflect"],"picked":"SKIP","floor":44},{"not_picked":["Eviscerate+1","Acrobatics+1","Catalyst"],"picked":"SKIP","floor":45},{"not_picked":["Die Die Die","Sucker Punch"],"picked":"Predator","floor":48}],"player_experience":492190,"relics_obtained":[{"floor":7,"key":"Smiling Mask"},{"floor":9,"key":"Shuriken"},{"floor":11,"key":"Paper Crane"},{"floor":14,"key":"Odd Mushroom"},{"floor":24,"key":"Juzu Bracelet"},{"floor":26,"key":"Bag of Preparation"},{"floor":30,"key":"Strawberry"},{"floor":43,"key":"War Paint"},{"floor":44,"key":"Bottled Flame"},{"floor":48,"key":"Bird Faced Urn"}],"event_choices":[{"cards_removed":["Strike_G"],"damage_healed":0,"gold_gain":0,"player_choice":"Card Removal","damage_taken":0,"max_hp_gain":0,"max_hp_loss":0,"event_name":"The Cleric","floor":2,"gold_loss":75},{"damage_healed":0,"gold_gain":50,"player_choice":"Pray","damage_taken":0,"max_hp_gain":0,"max_hp_loss":0,"event_name":"Golden Shrine","floor":4,"gold_loss":0},{"damage_healed":0,"gold_gain":0,"player_choice":"Fought Mushrooms","damage_taken":0,"max_hp_gain":0,"max_hp_loss":0,"event_name":"Mushrooms","floor":14,"gold_loss":0},{"cards_removed":["Defend_G"],"damage_healed":0,"gold_gain":0,"player_choice":"Elegance","damage_taken":0,"max_hp_gain":0,"max_hp_loss":0,"event_name":"Back to Basics","floor":19,"gold_loss":0},{"cards_removed":["Strike_G"],"damage_healed":0,"gold_gain":0,"player_choice":"Purged","damage_taken":0,"max_hp_gain":0,"max_hp_loss":0,"event_name":"Purifier","floor":20,"gold_loss":0},{"damage_healed":0,"gold_gain":0,"player_choice":"Embrace Madness","damage_taken":14,"max_hp_gain":0,"max_hp_loss":0,"event_name":"Winding Halls","floor":36,"gold_loss":0,"cards_obtained":["Madness","Madness"]},{"cards_removed":["Strike_G"],"damage_healed":0,"gold_gain":0,"player_choice":"Removed Attack","damage_taken":0,"max_hp_gain":0,"max_hp_loss":0,"event_name":"Falling","floor":38,"gold_loss":0},{"damage_healed":0,"gold_gain":50,"player_choice":"Pray","damage_taken":0,"max_hp_gain":0,"max_hp_loss":0,"event_name":"Golden Shrine","floor":41,"gold_loss":0},{"damage_healed":0,"gold_gain":0,"player_choice":"Paid","damage_taken":0,"relics_obtained":["Red Mask"],"max_hp_gain":0,"max_hp_loss":0,"event_name":"Tomb of Lord Red Mask","floor":47,"gold_loss":542},{"damage_healed":0,"gold_gain":0,"player_choice":"Fight","damage_taken":0,"max_hp_gain":0,"max_hp_loss":0,"event_name":"Mysterious Sphere","floor":48,"gold_loss":0}],"is_beta":false,"boss_relics":[{"not_picked":["Eternal Feather","Ring of the Serpent"],"picked":"Coffee Dripper"},{"not_picked":["Snecko Eye","White Beast Statue"],"picked":"HoveringKite"}],"items_purged_floors":[8,21,29],"is_endless":false,"potions_floor_spawned":[1,11,13,16,24,27,30,31,39,45,48],"killed_by":"Time Eater","ascension_level":15}