{"gold_per_floor":[109,129,17,17,17,55,55,75,75,99,114,35,51,84,84,203,203,223,236,254,254,254,289,309,309],"floor_reached":25,"playtime":1205,"items_purged":["Strike_P"],"score":481,"play_id":"b0b167ef-5f4d-41b9-9bb9-6db9937e2942","local_time":"20191010100553","is_ascension_mode":true,"campfire_choices":[{"data":"Eruption","floor":7,"key":"SMITH"},{"data":"TalkToTheHand","floor":15,"key":"SMITH"}],"neow_cost":"NONE","seed_source_timestamp":755980388600,"circlet_count":0,"master_deck":["AscendersBane","Strike_P","Strike_P","Strike_P","Defend_P","Defend_P","Defend_P","Defend_P","Eruption+1","Vigilance+1","CutThroughFate","TalkToTheHand+1","LikeWater","EmptyBody+1","Nirvana+1","MentalFortress+1","Adaptation+1","CutThroughFate","ReachHeaven","Judgement+1","Consecrate+1","ClearTheMind","Tantrum","Necronomicurse"],"relics":["PureWater","NeowsBlessing","Golden Idol","Frozen Egg 2","Mummified Hand","War Paint","Fusion Hammer","Necronomicon","CeramicFish"],"potions_floor_usage":[14,16],"damage_taken":[{"damage":0,"enemies":"Cultist","floor":1,"turns":1},{"damage":0,"enemies":"Small Slimes","floor":2,"turns":2},{"damage":0,"enemies":"Lagavulin","floor":6,"turns":1},{"damage":2,"enemies":"Jaw Worm","floor":8,"turns":4},{"damage":2,"enemies":"3 Louse","floor":10,"turns":6},{"damage":2,"enemies":"Blue Slaver","floor":11,"turns":3},{"damage":12,"enemies":"Exordium Thugs","floor":13,"turns":6},{"damage":10,"enemies":"3 Sentries","floor":14,"turns":7},{"damage":0,"enemies":"Slime Boss","floor":16,"turns":6},{"damage":3,"enemies":"Shell Parasite","floor":18,"turns":5},{"damage":0,"enemies":"3 Byrds","floor":19,"turns":4},{"damage":12,"enemies":"Shelled Parasite and Fungi","floor":20,"turns":7},{"damage":28,"enemies":"Slavers","floor":23,"turns":4},{"damage":0,"enemies":"Centurion and Healer","floor":24,"turns":4},{"damage":46,"enemies":"Book of Stabbing","floor":25,"turns":3}],"seed_played":"-2847547884408860660","potions_obtained":[{"floor":2,"key":"LiquidBronze"},{"floor":10,"key":"SneckoOil"},{"floor":11,"key":"FairyPotion"},{"floor":14,"key":"PowerPotion"},{"floor":23,"key":"BottledMiracle"}],"is_trial":false,"path_per_floor":["M","M","$","?","?","E","R","M","T","M","M","$","M","E","R","B",null,"M","M","M","?","?","E","M","E"],"character_chosen":"WATCHER","items_purchased":["LikeWater","Adaptation+1"],"campfire_rested":0,"item_purchase_floors":[3,12],"current_hp_per_floor":[65,65,65,65,65,65,65,63,63,61,59,59,47,37,37,37,60,57,57,45,29,29,1,1,0],"gold":309,"neow_bonus":"THREE_ENEMY_KILL","is_prod":false,"is_daily":false,"chose_seed":false,"campfire_upgraded":2,"win_rate":0,"timestamp":1570716353,"path_taken":["M","M","$","?","?","E","R","?","T","M","M","$","M","E","R","BOSS","M","M","M","?","?","E","?","E"],"build_version":"2019-10-09","purchased_purges":1,"victory":false,"max_hp_per_floor":[72,72,72,72,67,67,67,67,67,67,67,67,67,67,67,67,67,67,67,67,67,67,67,67,67],"card_choices":[{"not_picked":["EmptyBody","WindmillStrike"],"picked":"CutThroughFate","floor":1},{"not_picked":["FlyingSleeves","Swivel"],"picked":"TalkToTheHand","floor":2},{"not_picked":["Swivel","Fasting2"],"picked":"EmptyBody","floor":6},{"not_picked":["Sanctity","EmptyFist","Prostrate"],"picked":"SKIP","floor":8},{"not_picked":["SpiritShield","FlyingSleeves"],"picked":"Nirvana+1","floor":10},{"not_picked":["FollowUp","ThirdEye"],"picked":"MentalFortress+1","floor":11},{"not_picked":["FlyingSleeves","MasterReality+1"],"picked":"CutThroughFate","floor":13},{"not_picked":["Crescendo","EmptyFist"],"picked":"ReachHeaven","floor":14},{"not_picked":["Wish","Alpha"],"picked":"Judgement","floor":16},{"not_picked":["CrushJoints","Meditate"],"picked":"Consecrate+1","floor":18},{"not_picked":["ClearTheMind","MentalFortress+1","BattleHymn+1"],"picked":"SKIP","floor":19},{"not_picked":["MentalFortress+1","BattleHymn+1"],"picked":"ClearTheMind","floor":19},{"not_picked":["Protect","TalkToTheHand"],"picked":"Tantrum","floor":20},{"not_picked":["WreathOfFlame","Nirvana+1","Flick+1"],"picked":"SKIP","floor":23},{"not_picked":["CrushJoints","Wish","Protect"],"picked":"SKIP","floor":24}],"player_experience":1273761,"relics_obtained":[{"floor":6,"key":"Frozen Egg 2"},{"floor":9,"key":"Mummified Hand"},{"floor":14,"key":"War Paint"},{"floor":21,"key":"Necronomicon"},{"floor":23,"key":"CeramicFish"}],"event_choices":[{"damage_healed":0,"gold_gain":0,"player_choice":"Ignored","damage_taken":0,"max_hp_gain":0,"max_hp_loss":0,"event_name":"Liars Game","floor":4,"gold_loss":0},{"damage_healed":0,"gold_gain":0,"player_choice":"Lose Max HP","damage_taken":0,"relics_obtained":["Golden Idol"],"max_hp_gain":0,"max_hp_loss":5,"event_name":"Golden Idol","floor":5,"gold_loss":0},{"damage_healed":0,"gold_gain":0,"player_choice":"Obtained Book","damage_taken":16,"max_hp_gain":0,"max_hp_loss":0,"event_name":"Cursed Tome","floor":21,"gold_loss":0},{"damage_healed":0,"gold_gain":0,"player_choice":"Upgraded","damage_taken":0,"max_hp_gain":0,"max_hp_loss":0,"event_name":"Upgrade Shrine","floor":22,"gold_loss":0,"cards_upgraded":["Judgement"]}],"is_beta":true,"boss_relics":[{"not_picked":["Busted Crown","Runic Dome"],"picked":"Fusion Hammer"}],"items_purged_floors":[3],"is_endless":false,"potions_floor_spawned":[2,10,11,14,23,24],"killed_by":"Book of Stabbing","ascension_level":11}