{"gold_per_floor":[20,20,30,30,30,30,65,90,113,113,83,116,116,152,152,278,278,294,294,294,209,209,209,242,272,272,285,47,47,65,85,85,189,189,201,99,99,109,120,120,154,154,181,70,88,102,129,179,179,179],"floor_reached":51,"playtime":4224,"items_purged":["Defend_B"],"score":849,"play_id":"7f7eafed-908d-48eb-a1fc-c453a22b6f6d","local_time":"20190719125856","is_ascension_mode":true,"campfire_choices":[{"data":"Echo Form","floor":6,"key":"SMITH"},{"data":"Defragment","floor":10,"key":"SMITH"},{"data":"Redo","floor":13,"key":"SMITH"},{"floor":15,"key":"REST"},{"data":"Buffer","floor":23,"key":"SMITH"},{"data":"Glacier","floor":29,"key":"SMITH"},{"data":"Biased Cognition","floor":32,"key":"SMITH"},{"floor":40,"key":"REST"},{"floor":42,"key":"RECALL"},{"floor":49,"key":"REST"}],"neow_cost":"NO_GOLD","seed_source_timestamp":229008086970400,"circlet_count":0,"master_deck":["Defend_B+1","Zap","Dualcast","Echo Form+1","BootSequence+1","Darkness","Glacier+1","Compile Driver","Defragment+1","Redo+1","Stack","Buffer+1","Rebound+1","Stack+1","Meteor Strike+1","Loop","Redo+1","Blizzard+1","Biased Cognition+1","Turbo+1","Core Surge","Coolheaded","Glacier","Conserve Battery","Capacitor","Sunder","Undo","FTL+1","Hologram+1"],"relics":["Cracked Core","Bloody Idol","Odd Mushroom","DataDisk","Oddly Smooth Stone","Symbiotic Virus","Astrolabe","Regal Pillow","War Paint","Red Mask","Sundial","Letter Opener","Fusion Hammer","Gremlin Horn","Anchor","Kunai","Ice Cream"],"potions_floor_usage":[12,14,25,31,33,33,46],"damage_taken":[{"damage":0,"enemies":"Jaw Worm","floor":1,"turns":3},{"damage":2,"enemies":"Small Slimes","floor":3,"turns":4},{"damage":23,"enemies":"The Mushroom Lair","floor":7,"turns":5},{"damage":1,"enemies":"Cultist","floor":8,"turns":3},{"damage":22,"enemies":"Gremlin Nob","floor":12,"turns":5},{"damage":4,"enemies":"3 Sentries","floor":14,"turns":6},{"damage":7,"enemies":"Hexaghost","floor":16,"turns":7},{"damage":11,"enemies":"Spheric Guardian","floor":18,"turns":4},{"damage":21,"enemies":"Book of Stabbing","floor":24,"turns":8},{"damage":0,"enemies":"Masked Bandits","floor":25,"turns":5},{"damage":3,"enemies":"Shell Parasite","floor":27,"turns":5},{"damage":0,"enemies":"Chosen and Byrds","floor":30,"turns":5},{"damage":4,"enemies":"Cultist and Chosen","floor":31,"turns":4},{"damage":3,"enemies":"Automaton","floor":33,"turns":12},{"damage":8,"enemies":"3 Shapes","floor":35,"turns":3},{"damage":5,"enemies":"Orb Walker","floor":38,"turns":4},{"damage":0,"enemies":"Transient","floor":39,"turns":5},{"damage":4,"enemies":"Nemesis","floor":41,"turns":7},{"damage":5,"enemies":"Jaw Worm Horde","floor":45,"turns":3},{"damage":5,"enemies":"Spire Growth","floor":46,"turns":5},{"damage":5,"enemies":"Giant Head","floor":47,"turns":11},{"damage":13,"enemies":"2 Orb Walkers","floor":48,"turns":5},{"damage":1,"enemies":"Donu and Deca","floor":50,"turns":13}],"seed_played":"3490583789183249843","potions_obtained":[{"floor":3,"key":"FearPotion"},{"floor":11,"key":"Fire Potion"},{"floor":11,"key":"Ancient Potion"},{"floor":12,"key":"SkillPotion"},{"floor":18,"key":"FearPotion"},{"floor":27,"key":"Weak Potion"},{"floor":30,"key":"AttackPotion"},{"floor":31,"key":"AttackPotion"},{"floor":38,"key":"Ancient Potion"},{"floor":46,"key":"SpeedPotion"},{"floor":48,"key":"Swift Potion"}],"is_trial":false,"path_per_floor":["M","$","M","?","?","R","?","M","T","R","?","E","R","E","R","B",null,"M","?","?","?","?","R","E","?","T","M","$","R","M","M","R","B",null,"M","$","?","M","M","R","E","R","T","$","M","M","E","?","R","B",null],"character_chosen":"DEFECT","items_purchased":["Letter Opener","Coolheaded","Ancient Potion","Sunder"],"campfire_rested":3,"item_purchase_floors":[28,36,44,44],"current_hp_per_floor":[75,75,73,69,69,69,46,45,45,45,45,23,23,19,39,32,60,49,49,49,49,49,49,33,38,38,40,40,40,45,46,46,48,64,61,61,61,61,66,69,69,69,69,69,69,69,69,61,69,68],"gold":179,"neow_bonus":"TRANSFORM_TWO_CARDS","is_prod":false,"is_daily":false,"chose_seed":false,"campfire_upgraded":6,"win_rate":0,"timestamp":1563555536,"path_taken":["M","$","M","?","?","R","?","?","T","R","?","E","R","E","R","BOSS","M","?","?","?","?","R","E","?","T","M","$","R","M","M","R","BOSS","M","$","?","M","?","R","E","R","T","$","M","M","E","?","R","BOSS"],"build_version":"2019-07-17","purchased_purges":1,"victory":true,"max_hp_per_floor":[75,75,75,69,69,69,69,69,69,69,69,69,69,69,69,69,69,69,69,69,69,69,69,69,69,69,69,69,69,69,69,69,69,69,69,69,69,69,69,69,69,69,69,69,69,69,69,69,69,69],"card_choices":[{"not_picked":["Sweeping Beam","Cold Snap"],"picked":"Darkness","floor":1},{"not_picked":["Gash","Stack"],"picked":"Glacier","floor":3},{"not_picked":["Coolheaded","Turbo"],"picked":"Compile Driver","floor":7},{"not_picked":["Scrape","Fusion"],"picked":"Defragment","floor":8},{"not_picked":["Compile Driver","Conserve Battery"],"picked":"Redo","floor":12},{"not_picked":["Gash","Go for the Eyes"],"picked":"Stack","floor":14},{"not_picked":["Amplify","All For One"],"picked":"Buffer","floor":16},{"not_picked":["Doom and Gloom+1","Go for the Eyes"],"picked":"Loop","floor":18},{"not_picked":["Hologram","Glacier"],"picked":"Redo+1","floor":24},{"not_picked":["Beam Cell","Ball Lightning"],"picked":"Blizzard+1","floor":25},{"not_picked":["Rebound","Aggregate","FTL"],"picked":"SKIP","floor":27},{"not_picked":["Steam Power","Consume"],"picked":"Biased Cognition","floor":30},{"not_picked":["Rip and Tear+1","Compile Driver"],"picked":"Turbo+1","floor":31},{"not_picked":["Reboot","Echo Form"],"picked":"Core Surge","floor":33},{"not_picked":["Beam Cell","Streamline","Turbo"],"picked":"SKIP","floor":35},{"not_picked":["Go for the Eyes+1","Doom and Gloom+1","Ball Lightning+1"],"picked":"SKIP","floor":38},{"not_picked":["Core Surge","Turbo+1"],"picked":"Conserve Battery","floor":39},{"not_picked":["Rebound+1","Aggregate+1"],"picked":"Capacitor","floor":41},{"not_picked":["Coolheaded","Compile Driver","Melter+1"],"picked":"SKIP","floor":45},{"not_picked":["White Noise","Genetic Algorithm+1"],"picked":"Undo","floor":46},{"not_picked":["Stack+1","Ball Lightning"],"picked":"FTL+1","floor":47},{"not_picked":["Ball Lightning+1","Rebound+1"],"picked":"Hologram+1","floor":48}],"player_experience":415823,"relics_obtained":[{"floor":7,"key":"Odd Mushroom"},{"floor":9,"key":"DataDisk"},{"floor":12,"key":"Oddly Smooth Stone"},{"floor":14,"key":"Symbiotic Virus"},{"floor":24,"key":"War Paint"},{"floor":25,"key":"Red Mask"},{"floor":26,"key":"Sundial"},{"floor":41,"key":"Gremlin Horn"},{"floor":43,"key":"Anchor"},{"floor":47,"key":"Kunai"},{"floor":48,"key":"Ice Cream"}],"event_choices":[{"damage_healed":0,"gold_gain":0,"player_choice":"Lose Max HP","damage_taken":0,"relics_obtained":["Golden Idol"],"max_hp_gain":0,"max_hp_loss":6,"event_name":"Golden Idol","floor":4,"gold_loss":0},{"damage_healed":0,"gold_gain":0,"player_choice":"Ignored","damage_taken":0,"max_hp_gain":0,"max_hp_loss":0,"event_name":"Golden Wing","floor":5,"gold_loss":0},{"damage_healed":0,"gold_gain":0,"player_choice":"Fought Mushrooms","damage_taken":0,"max_hp_gain":0,"max_hp_loss":0,"event_name":"Mushrooms","floor":7,"gold_loss":0},{"damage_healed":0,"gold_gain":0,"player_choice":"Bought 2 Potions","damage_taken":0,"max_hp_gain":0,"max_hp_loss":0,"event_name":"The Woman in Blue","floor":11,"gold_loss":0},{"damage_healed":0,"gold_gain":0,"player_choice":"Ignored","damage_taken":0,"max_hp_gain":0,"max_hp_loss":0,"event_name":"Vampires","floor":19,"gold_loss":0},{"damage_healed":0,"gold_gain":0,"player_choice":"Ignored","damage_taken":0,"max_hp_gain":0,"max_hp_loss":0,"event_name":"Cursed Tome","floor":20,"gold_loss":0},{"damage_healed":0,"gold_gain":0,"player_choice":"Obtained Relic","damage_taken":0,"relics_obtained":["Regal Pillow"],"max_hp_gain":0,"max_hp_loss":0,"event_name":"Addict","floor":21,"gold_loss":85},{"damage_healed":0,"gold_gain":0,"player_choice":"Gave Idol","damage_taken":0,"relics_obtained":["Bloody Idol"],"max_hp_gain":0,"max_hp_loss":0,"event_name":"Forgotten Altar","floor":22,"relics_lost":["Golden Idol"],"gold_loss":0},{"damage_healed":0,"gold_gain":0,"player_choice":"Fought Bandits","damage_taken":0,"max_hp_gain":0,"max_hp_loss":0,"event_name":"Masked Bandits","floor":25,"gold_loss":0},{"damage_healed":0,"gold_gain":0,"cards_transformed":["Strike_B"],"player_choice":"Transformed","damage_taken":0,"max_hp_gain":0,"max_hp_loss":0,"event_name":"Transmorgrifier","floor":37,"gold_loss":0,"cards_obtained":["Glacier"]},{"damage_healed":0,"gold_gain":0,"player_choice":"Fight","damage_taken":0,"max_hp_gain":0,"max_hp_loss":0,"event_name":"Mysterious Sphere","floor":48,"gold_loss":0}],"is_beta":false,"boss_relics":[{"not_picked":["Runic Pyramid","Orrery"],"picked":"Astrolabe"},{"not_picked":["Calling Bell","Inserter"],"picked":"Fusion Hammer"}],"items_purged_floors":[36],"is_endless":false,"potions_floor_spawned":[3,12,18,27,30,31,38,46,48],"ascension_level":5}