{"gold_per_floor":[112,187,39,57,57,86,86,111,111,111,139,153,28,48,48,147,197,210,221,221,232,23,23,56,71,71,29,29,29,44,59,59,158,158,173,73,83,130,180,180,212,223,223,223,236,270,40,58,58,58],"floor_reached":51,"playtime":4108,"items_purged":["Strike_B","Strike_B","Strike_B","Defend_B"],"score":1180,"play_id":"d74f849a-88e5-4ae6-9d39-fedfe4168944","local_time":"20190726110251","is_ascension_mode":true,"campfire_choices":[{"data":"Zap","floor":7,"key":"SMITH"},{"floor":10,"key":"REST"},{"floor":15,"key":"REST"},{"data":"Machine Learning","floor":23,"key":"SMITH"},{"floor":28,"key":"REST"},{"floor":32,"key":"REST"},{"data":"Fission","floor":40,"key":"SMITH"},{"data":"Buffer","floor":49,"key":"SMITH"}],"neow_cost":"TEN_PERCENT_HP_LOSS","seed_source_timestamp":415642149511200,"circlet_count":0,"master_deck":["AscendersBane","Strike_B","Defend_B","Defend_B","Defend_B","Zap+1","Dualcast","Ball Lightning","Defragment+1","Go for the Eyes+1","Genetic Algorithm","Cold Snap+1","Sweeping Beam+1","Hologram","Compile Driver+1","Coolheaded","Buffer+1","Doom and Gloom","Self Repair","Machine Learning+1","Coolheaded+1","Capacitor+1","Skim+1","Go for the Eyes+1","Loop","Fission+1","Chaos","Coolheaded+1","Chill+1","Barrage","Fusion+1","Consume+1","Decay","Glacier+1","Redo+1","Compile Driver+1","Seek+1","Steam Power+1"],"relics":["Cracked Core","Ice Cream","Pantograph","Bag of Preparation","Prayer Wheel","Bag of Marbles","Tiny House","Runic Capacitor","Whetstone","The Courier","Sozu","Strawberry","Ginger","Toxic Egg 2","Molten Egg 2","Kunai"],"potions_floor_usage":[16,16,18,30,39,46],"damage_taken":[{"damage":0,"enemies":"Small Slimes","floor":1,"turns":3},{"damage":0,"enemies":"Cultist","floor":4,"turns":2},{"damage":35,"enemies":"3 Sentries","floor":6,"turns":6},{"damage":20,"enemies":"Gremlin Nob","floor":8,"turns":4},{"damage":13,"enemies":"Lagavulin","floor":11,"turns":5},{"damage":4,"enemies":"Jaw Worm","floor":12,"turns":2},{"damage":0,"enemies":"Red Slaver","floor":14,"turns":3},{"damage":0,"enemies":"Slime Boss","floor":16,"turns":6},{"damage":12,"enemies":"3 Byrds","floor":18,"turns":5},{"damage":5,"enemies":"Shell Parasite","floor":19,"turns":8},{"damage":22,"enemies":"Centurion and Healer","floor":21,"turns":8},{"damage":27,"enemies":"Book of Stabbing","floor":24,"turns":9},{"damage":13,"enemies":"Sentry and Sphere","floor":25,"turns":7},{"damage":16,"enemies":"Shelled Parasite and Fungi","floor":30,"turns":8},{"damage":20,"enemies":"Snake Plant","floor":31,"turns":5},{"damage":6,"enemies":"Champ","floor":33,"turns":14},{"damage":19,"enemies":"3 Darklings","floor":35,"turns":6},{"damage":0,"enemies":"Orb Walker","floor":37,"turns":5},{"damage":28,"enemies":"2 Orb Walkers","floor":39,"turns":7},{"damage":0,"enemies":"Giant Head","floor":41,"turns":9},{"damage":0,"enemies":"3 Darklings","floor":42,"turns":6},{"damage":7,"enemies":"Jaw Worm Horde","floor":45,"turns":4},{"damage":11,"enemies":"Reptomancer","floor":46,"turns":5},{"damage":3,"enemies":"Sphere and 2 Shapes","floor":48,"turns":4},{"damage":10,"enemies":"Donu and Deca","floor":50,"turns":11}],"seed_played":"1846815744141752326","potions_obtained":[{"floor":6,"key":"SneckoOil"},{"floor":12,"key":"EssenceOfSteel"},{"floor":14,"key":"PowerPotion"},{"floor":18,"key":"Fruit Juice"},{"floor":30,"key":"Explosive Potion"},{"floor":33,"key":"Weak Potion"}],"is_trial":false,"path_per_floor":["M","?","$","M","?","E","R","E","T","R","E","M","$","M","R","B",null,"M","M","?","M","$","R","E","M","T","$","R","?","M","M","R","B",null,"M","$","M","T","?","R","E","M","T","?","M","E","$","M","R","B",null],"character_chosen":"DEFECT","items_purchased":["Defragment","Compile Driver","Runic Capacitor","Block Potion","Seek+1"],"campfire_rested":4,"item_purchase_floors":[3,13,22,27,47],"current_hp_per_floor":[68,62,62,62,62,27,27,7,7,27,14,10,10,10,30,55,70,63,58,58,43,43,43,23,17,17,17,40,33,24,4,27,53,72,60,60,67,74,53,53,60,67,67,67,67,63,63,67,67,82],"gold":58,"neow_bonus":"ONE_RARE_RELIC","is_prod":false,"is_daily":false,"chose_seed":false,"campfire_upgraded":4,"win_rate":0,"timestamp":1564153371,"path_taken":["M","?","$","?","?","E","R","E","T","R","E","?","$","M","R","BOSS","M","M","?","M","$","R","E","?","T","$","R","?","M","M","R","BOSS","M","$","M","?","?","R","E","M","T","?","M","E","$","M","R","BOSS"],"build_version":"2019-07-17","purchased_purges":4,"victory":true,"max_hp_per_floor":[68,68,68,68,68,68,68,68,68,68,68,68,68,68,68,68,73,78,78,78,78,78,78,78,78,78,78,78,78,78,78,78,78,78,78,78,78,85,85,85,85,85,85,85,85,85,85,85,85,85],"card_choices":[{"not_picked":["Turbo","Hologram"],"picked":"Ball Lightning","floor":1},{"not_picked":["Rip and Tear","Turbo"],"picked":"Go for the Eyes","floor":4},{"not_picked":["Steam","Meteor Strike"],"picked":"Genetic Algorithm","floor":6},{"not_picked":["Consume","FTL"],"picked":"Cold Snap","floor":8},{"not_picked":["Rebound","Lockon"],"picked":"Sweeping Beam","floor":11},{"not_picked":["Go for the Eyes","Ball Lightning"],"picked":"Hologram","floor":12},{"not_picked":["Ball Lightning","Hologram","Force Field"],"picked":"SKIP","floor":12},{"not_picked":["Redo","Recycle"],"picked":"Coolheaded","floor":14},{"not_picked":["Go for the Eyes","Streamline","Turbo"],"picked":"SKIP","floor":14},{"not_picked":["All For One","Hyperbeam"],"picked":"Buffer","floor":16},{"not_picked":["Stack","Hologram"],"picked":"Doom and Gloom","floor":18},{"not_picked":["Sweeping Beam","Turbo","Rebound"],"picked":"SKIP","floor":18},{"not_picked":["Chaos","Compile Driver+1"],"picked":"Self Repair","floor":19},{"not_picked":["Genetic Algorithm+1","Steam Power"],"picked":"Machine Learning","floor":19},{"not_picked":["Conserve Battery","Steam+1"],"picked":"Coolheaded+1","floor":21},{"not_picked":["Hello World","Reprogram","Scrape"],"picked":"SKIP","floor":21},{"not_picked":["Hologram","Coolheaded"],"picked":"Capacitor+1","floor":24},{"not_picked":["Tempest+1","Redo"],"picked":"Skim+1","floor":25},{"not_picked":["Barrage","Ball Lightning+1","Sweeping Beam+1"],"picked":"SKIP","floor":25},{"not_picked":["Steam","Machine Learning"],"picked":"Go for the Eyes+1","floor":30},{"not_picked":["Stack+1","Beam Cell","Reprogram+1"],"picked":"SKIP","floor":30},{"not_picked":["Compile Driver","Blizzard"],"picked":"Loop","floor":31},{"not_picked":["Redo","Conserve Battery","Ball Lightning"],"picked":"SKIP","floor":31},{"not_picked":["Rainbow","All For One"],"picked":"Fission","floor":33},{"not_picked":["Sweeping Beam","Beam Cell+1"],"picked":"Chaos","floor":35},{"not_picked":["Tempest+1","Hello World"],"picked":"Coolheaded+1","floor":35},{"not_picked":["Go for the Eyes","Rebound+1"],"picked":"Chill+1","floor":37},{"not_picked":["Hello World","Streamline+1","Turbo"],"picked":"SKIP","floor":37},{"not_picked":["Genetic Algorithm+1","Beam Cell+1"],"picked":"Barrage","floor":39},{"not_picked":["Tempest","Sunder+1"],"picked":"Fusion","floor":41},{"not_picked":["Rip and Tear+1","Conserve Battery+1"],"picked":"Consume+1","floor":42},{"not_picked":["Thunder Strike","Loop+1","Steam+1"],"picked":"SKIP","floor":42},{"not_picked":["Stack+1","Streamline+1"],"picked":"Glacier+1","floor":45},{"not_picked":["Leap+1","FTL+1"],"picked":"Redo+1","floor":45},{"not_picked":["Steam+1","Auto Shields+1"],"picked":"Compile Driver+1","floor":46},{"not_picked":["Turbo+1","Streamline+1"],"picked":"Steam Power+1","floor":48},{"not_picked":["Streamline+1","Redo+1","Beam Cell+1"],"picked":"SKIP","floor":48}],"player_experience":522511,"relics_obtained":[{"floor":6,"key":"Pantograph"},{"floor":8,"key":"Bag of Preparation"},{"floor":9,"key":"Prayer Wheel"},{"floor":11,"key":"Bag of Marbles"},{"floor":24,"key":"Whetstone"},{"floor":26,"key":"The Courier"},{"floor":38,"key":"Strawberry"},{"floor":39,"key":"Ginger"},{"floor":41,"key":"Toxic Egg 2"},{"floor":43,"key":"Molten Egg 2"},{"floor":46,"key":"Kunai"}],"event_choices":[{"damage_healed":0,"gold_gain":75,"player_choice":"Touch","damage_taken":6,"max_hp_gain":0,"max_hp_loss":0,"event_name":"FaceTrader","floor":2,"gold_loss":0},{"damage_healed":0,"gold_gain":0,"player_choice":"Upgraded","damage_taken":0,"max_hp_gain":0,"max_hp_loss":0,"event_name":"Upgrade Shrine","floor":5,"gold_loss":0,"cards_upgraded":["Defragment"]},{"damage_healed":0,"gold_gain":0,"player_choice":"Upgraded","damage_taken":0,"max_hp_gain":0,"max_hp_loss":0,"event_name":"Upgrade Shrine","floor":20,"gold_loss":0,"cards_upgraded":["Go for the Eyes"]},{"damage_healed":0,"gold_gain":0,"player_choice":"","damage_taken":7,"max_hp_gain":0,"max_hp_loss":0,"event_name":"Knowing Skull","floor":29,"potions_obtained":[],"gold_loss":0,"cards_obtained":[]},{"damage_healed":0,"gold_gain":0,"player_choice":"Fight","damage_taken":0,"max_hp_gain":0,"max_hp_loss":0,"event_name":"Mysterious Sphere","floor":39,"gold_loss":0},{"damage_healed":0,"gold_gain":0,"player_choice":"Cursed","damage_taken":0,"max_hp_gain":0,"max_hp_loss":0,"event_name":"Wheel of Change","floor":44,"gold_loss":0,"cards_obtained":["Decay"]}],"is_beta":false,"boss_relics":[{"not_picked":["Calling Bell","Ectoplasm"],"picked":"Tiny House"},{"not_picked":["Runic Dome","Cursed Key"],"picked":"Sozu"}],"items_purged_floors":[3,13,36,47],"is_endless":false,"potions_floor_spawned":[6,12,14,18,30,33,37,39,45,48],"ascension_level":10}