{"gold_per_floor":[18,37,56,70,84,119,38,49,49,64,93,23,23,35,35,134,134,149,166,91,106,121,152,165,165,189,189,219,236,4,104,104,204,204,219,237,137,97,97,128,128,228,228,557,557,591,591,591,591,591],"floor_reached":51,"playtime":6690,"items_purged":["Strike_P","Defend_P"],"score":787,"play_id":"a30efc09-ae17-4cac-9e15-2801901c4e62","local_time":"20190910172617","is_ascension_mode":false,"campfire_choices":[{"data":"Wallop","floor":13.0,"key":"SMITH"},{"floor":15.0,"key":"REST"},{"floor":25.0,"key":"REST"},{"data":"Nirvana","floor":32.0,"key":"SMITH"},{"floor":41.0,"key":"REST"},{"floor":45.0,"key":"REST"},{"floor":49.0,"key":"REST"}],"neow_cost":"NO_GOLD","seed_source_timestamp":0,"circlet_count":0,"master_deck":["Defend_P+1","Defend_P+1","Defend_P+1","Eruption","Vigilance","Vengeance","Meditate","EmptyFist","Wallop+1","EmptyMind","Swivel","DeusExMachina","Ragnarok","EmptyBody","CarveReality","Conclude","Sanctity","Nirvana+1","Protect+1","Protect","Crescendo","Devotion+1","FlowState","Sanctity+1","WaveOfTheHand","Worship","Establishment","LessonLearned","WaveOfTheHand+1","DeceiveReality+1","Evaluate+1","WindmillStrike"],"special_seed":0,"relics":["PureWater","Melange","Pear","InkBottle","Sozu","Mercury Hourglass","Toy Ornithopter","Dream Catcher","Lee\u0027s Waffle","Prayer Wheel","Bottled Lightning","Fusion Hammer","Lantern","StoneCalendar","Dodecahedron","Old Coin","Blue Candle"],"potions_floor_usage":[],"damage_taken":[{"damage":0.0,"enemies":"Cultist","floor":1.0,"turns":2.0},{"damage":2.0,"enemies":"Small Slimes","floor":2.0,"turns":8.0},{"damage":8.0,"enemies":"Jaw Worm","floor":3.0,"turns":3.0},{"damage":7.0,"enemies":"Looter","floor":4.0,"turns":4.0},{"damage":4.0,"enemies":"Exordium Thugs","floor":5.0,"turns":6.0},{"damage":13.0,"enemies":"3 Sentries","floor":6.0,"turns":10.0},{"damage":3.0,"enemies":"2 Fungi Beasts","floor":8.0,"turns":3.0},{"damage":7.0,"enemies":"Blue Slaver","floor":10.0,"turns":3.0},{"damage":2.0,"enemies":"Lagavulin","floor":11.0,"turns":6.0},{"damage":0.0,"enemies":"3 Louse","floor":14.0,"turns":3.0},{"damage":8.0,"enemies":"Slime Boss","floor":16.0,"turns":5.0},{"damage":12.0,"enemies":"2 Thieves","floor":18.0,"turns":4.0},{"damage":10.0,"enemies":"Chosen","floor":19.0,"turns":4.0},{"damage":0.0,"enemies":"Snecko","floor":21.0,"turns":4.0},{"damage":3.0,"enemies":"Shelled Parasite and Fungi","floor":22.0,"turns":5.0},{"damage":11.0,"enemies":"Slavers","floor":23.0,"turns":12.0},{"damage":22.0,"enemies":"Snake Plant","floor":24.0,"turns":4.0},{"damage":31.0,"enemies":"Gremlin Leader","floor":28.0,"turns":8.0},{"damage":0.0,"enemies":"Chosen and Byrds","floor":29.0,"turns":4.0},{"damage":0.0,"enemies":"Colosseum Slavers","floor":31.0,"turns":4.0},{"damage":14.0,"enemies":"Colosseum Nobs","floor":31.0,"turns":5.0},{"damage":32.0,"enemies":"Champ","floor":33.0,"turns":15.0},{"damage":2.0,"enemies":"3 Darklings","floor":35.0,"turns":6.0},{"damage":14.0,"enemies":"Orb Walker","floor":36.0,"turns":6.0},{"damage":2.0,"enemies":"Nemesis","floor":40.0,"turns":11.0},{"damage":24.0,"enemies":"Mind Bloom Boss Battle","floor":42.0,"turns":7.0},{"damage":0.0,"enemies":"Giant Head","floor":44.0,"turns":7.0},{"damage":15.0,"enemies":"Nemesis","floor":46.0,"turns":7.0},{"damage":64,"enemies":"Awakened One","floor":50,"turns":14}],"seed_played":"7247217930519124261","potions_obtained":[{"floor":1.0,"key":"StancePotion"},{"floor":3.0,"key":"Swift Potion"},{"floor":6.0,"key":"Fire Potion"},{"floor":11.0,"key":"SpeedPotion"},{"floor":16.0,"key":"EssenceOfSteel"}],"is_trial":false,"path_per_floor":["M","M","M","M","M","E","$","M","T","M","E","$","R","M","R","B",null,"M","M","$","M","M","E","M","R","T","?","E","M","$","?","R","B",null,"M","M","$","?","$","E","R","?","T","E","R","E","$","?","R","B",null],"character_chosen":"WATCHER","items_purchased":["DeusExMachina","Conclude","Lee\u0027s Waffle","Establishment"],"campfire_rested":5,"item_purchase_floors":[7,12,30,30],"current_hp_per_floor":[65,63,55,48,44,31,31,28,38,31,29,29,29,29,51,43,75,63,53,53,53,50,39,17,39,39,39,13,13,82,68,68,36,82,80,66,66,66,66,64,82,58,58,58,82,67,67,67,78,14],"gold":591,"neow_bonus":"REMOVE_TWO","is_prod":false,"is_daily":false,"chose_seed":false,"campfire_upgraded":2,"win_rate":0.0,"timestamp":1568150777,"path_taken":["M","M","M","M","M","E","?","M","T","?","E","$","R","M","R","BOSS","M","M","$","M","M","E","M","R","T","?","E","?","$","?","R","BOSS","M","M","$","?","?","E","R","?","T","E","R","E","$","?","R","BOSS"],"build_version":"2019-09-09v2","purchased_purges":2,"victory":true,"max_hp_per_floor":[65,65,65,65,65,65,65,65,75,75,75,75,75,75,75,75,75,75,75,75,75,75,75,75,75,75,75,75,75,82,82,82,82,82,82,82,82,82,82,82,82,82,82,82,82,82,82,78,78,78],"card_choices":[{"not_picked":["Prostrate","Scrawl"],"picked":"Vengeance","floor":1.0},{"not_picked":["Protect","Crescendo"],"picked":"Meditate","floor":2.0},{"not_picked":["Protect","CutThroughFate"],"picked":"EmptyFist","floor":3.0},{"not_picked":["Scrawl","CutThroughFate"],"picked":"Wallop","floor":4.0},{"not_picked":["CutThroughFate","Weave"],"picked":"EmptyMind","floor":5.0},{"not_picked":["ThirdEye","Establishment"],"picked":"Swivel","floor":6.0},{"not_picked":["Vengeance","CrushJoints"],"picked":"Ragnarok","floor":8.0},{"not_picked":["Consecrate","Scrawl"],"picked":"EmptyBody","floor":10.0},{"not_picked":["Prostrate","DeceiveReality"],"picked":"CarveReality","floor":11.0},{"not_picked":["FlurryOfBlows","SandsOfTime"],"picked":"Sanctity","floor":14.0},{"not_picked":["Omniscience","Brilliance"],"picked":"Nirvana","floor":16.0},{"not_picked":["ClearTheMind","Worship+1"],"picked":"Protect+1","floor":18.0},{"not_picked":["Weave","FollowUp"],"picked":"Protect","floor":19.0},{"not_picked":["Weave+1","Collect+1"],"picked":"Crescendo","floor":21.0},{"not_picked":["FollowUp","Establishment"],"picked":"Devotion","floor":22.0},{"not_picked":["Swivel","FlyingSleeves"],"picked":"FlowState","floor":23.0},{"not_picked":["FearNoEvil","CrushJoints+1"],"picked":"Sanctity+1","floor":24.0},{"not_picked":["TalkToTheHand","ForeignInfluence"],"picked":"WaveOfTheHand","floor":28.0},{"not_picked":["Weave","InnerPeace"],"picked":"Worship","floor":29.0},{"not_picked":["Blasphemy","FlowState"],"picked":"LessonLearned","floor":33.0},{"not_picked":["FlyingSleeves","Vengeance+1","Perseverance"],"picked":"SKIP","floor":35.0},{"not_picked":["Consecrate","Meditate+1","FlyingSleeves"],"picked":"SKIP","floor":35.0},{"not_picked":["Weave","FlurryOfBlows+1"],"picked":"WaveOfTheHand+1","floor":36.0},{"not_picked":["WaveOfTheHand","CutThroughFate","BowlingBash"],"picked":"SKIP","floor":36.0},{"not_picked":["ForeignInfluence","FlyingSleeves","Protect"],"picked":"SKIP","floor":40.0},{"not_picked":["ThirdEye","Fasting"],"picked":"DeceiveReality+1","floor":41.0},{"not_picked":["Scrawl","Brilliance"],"picked":"Evaluate+1","floor":44.0},{"not_picked":["EmptyMind","ThirdEye","EmptyFist+1"],"picked":"SKIP","floor":46.0},{"not_picked":["Perseverance+1","Sanctity"],"picked":"WindmillStrike","floor":49.0}],"player_experience":1036402,"relics_obtained":[{"floor":6.0,"key":"Melange"},{"floor":9.0,"key":"Pear"},{"floor":11.0,"key":"InkBottle"},{"floor":23.0,"key":"Mercury Hourglass"},{"floor":26.0,"key":"Toy Ornithopter"},{"floor":28.0,"key":"Dream Catcher"},{"floor":31.0,"key":"Prayer Wheel"},{"floor":31.0,"key":"Bottled Lightning"},{"floor":40.0,"key":"Lantern"},{"floor":42.0,"key":"StoneCalendar"},{"floor":43.0,"key":"Dodecahedron"},{"floor":44.0,"key":"Old Coin"},{"floor":46.0,"key":"Blue Candle"}],"event_choices":[{"cards_removed":["Strike_P"],"damage_healed":0.0,"max_hp_gain":0.0,"max_hp_loss":0.0,"gold_gain":0.0,"event_name":"Bonfire Elementals","player_choice":"Offered Basic","floor":27.0,"gold_loss":0.0,"damage_taken":0.0},{"damage_healed":0.0,"max_hp_gain":0.0,"max_hp_loss":0.0,"gold_gain":0.0,"event_name":"Colosseum","player_choice":"Fight","floor":31.0,"gold_loss":0.0,"damage_taken":0.0},{"damage_healed":0.0,"max_hp_gain":0.0,"max_hp_loss":0.0,"gold_gain":0.0,"event_name":"Colosseum","player_choice":"Fought Nobs","floor":31.0,"gold_loss":0.0,"damage_taken":0.0},{"damage_healed":0.0,"max_hp_gain":0.0,"max_hp_loss":0.0,"gold_gain":0.0,"event_name":"Designer","player_choice":"Upgraded Two","floor":38.0,"gold_loss":40.0,"damage_taken":0.0,"cards_upgraded":["Defend_P","Defend_P"]},{"damage_healed":0.0,"max_hp_gain":0.0,"max_hp_loss":0.0,"gold_gain":0.0,"event_name":"MindBloom","player_choice":"Fight","floor":42.0,"gold_loss":0.0,"damage_taken":0.0},{"damage_healed":0.0,"max_hp_gain":0.0,"max_hp_loss":4.0,"gold_gain":0.0,"event_name":"Winding Halls","player_choice":"Max HP","floor":48.0,"gold_loss":0.0,"damage_taken":0.0}],"is_beta":true,"boss_relics":[{"not_picked":["Runic Dome","Astrolabe"],"picked":"Sozu"},{"not_picked":["Cursed Key","Black Star"],"picked":"Fusion Hammer"}],"items_purged_floors":[20,37],"is_endless":false,"potions_floor_spawned":[1,3,6,10,11,16,18,19,22,31,31,40,46],"ascension_level":0}