{"gold_per_floor":[369,444,444,68,88,88,106,139,189,202,216,216,236,262,262,262],"floor_reached":16,"playtime":489,"items_purged":["Strike_R"],"score":224,"play_id":"ce7ab50e-491f-4af7-a4ac-2e902ed3d457","local_time":"20191002204424","is_ascension_mode":true,"campfire_choices":[{"data":"Bash","floor":6,"key":"SMITH"},{"data":"Bludgeon","floor":15,"key":"SMITH"}],"neow_cost":"PERCENT_DAMAGE","seed_source_timestamp":677531600116800,"circlet_count":0,"master_deck":["AscendersBane","Strike_R","Strike_R","Strike_R","Strike_R","Defend_R","Defend_R","Defend_R","Defend_R","Bash+1","Anger","Bludgeon+1","Pommel Strike","Berserk","Clothesline","Fire Breathing","True Grit"],"relics":["Burning Blood","Bag of Preparation","Oddly Smooth Stone","Toy Ornithopter","Lantern","FaceOfCleric","Akabeko"],"potions_floor_usage":[8,10,10,13],"damage_taken":[{"damage":11,"enemies":"Jaw Worm","floor":1,"turns":6},{"damage":0,"enemies":"Small Slimes","floor":5,"turns":3},{"damage":0,"enemies":"2 Louse","floor":7,"turns":3},{"damage":18,"enemies":"3 Sentries","floor":8,"turns":7},{"damage":6,"enemies":"Exordium Thugs","floor":10,"turns":5},{"damage":3,"enemies":"Blue Slaver","floor":11,"turns":3},{"damage":0,"enemies":"3 Louse","floor":13,"turns":2},{"damage":33,"enemies":"Gremlin Nob","floor":14,"turns":4},{"damage":0,"enemies":"Slime Boss","floor":16,"turns":3}],"seed_played":"-1273274023044944832","potions_obtained":[{"floor":5,"key":"GamblersBrew"},{"floor":8,"key":"Block Potion"},{"floor":10,"key":"SkillPotion"}],"is_trial":false,"path_per_floor":["M","?","?","$","M","R","M","E","T","M","M","?","M","E","R","B"],"character_chosen":"IRONCLAD","items_purchased":["Oddly Smooth Stone","AttackPotion","Bludgeon"],"campfire_rested":0,"item_purchase_floors":[4,4,4],"current_hp_per_floor":[45,34,23,23,29,29,35,23,23,33,36,36,48,22,22,22],"gold":262,"neow_bonus":"TWO_FIFTY_GOLD","is_prod":false,"is_daily":false,"chose_seed":false,"campfire_upgraded":2,"win_rate":0,"timestamp":1570063464,"path_taken":["M","?","?","$","M","R","M","E","T","M","M","?","M","E","R","BOSS"],"build_version":"2019-10-02","purchased_purges":1,"victory":false,"max_hp_per_floor":[75,75,75,75,75,75,75,75,75,75,75,75,76,77,77,77],"card_choices":[{"not_picked":["Armaments","Warcry"],"picked":"Anger","floor":1},{"not_picked":["Wild Strike","Anger"],"picked":"Pommel Strike","floor":5},{"not_picked":["Flex","Corruption","Clash"],"picked":"SKIP","floor":7},{"not_picked":["Second Wind","Body Slam"],"picked":"Berserk","floor":8},{"not_picked":["Burning Pact","Heavy Blade","Intimidate"],"picked":"SKIP","floor":10},{"not_picked":["Headbutt","Sentinel"],"picked":"Clothesline","floor":11},{"not_picked":["Cleave","Flame Barrier"],"picked":"Fire Breathing","floor":13},{"not_picked":["Sword Boomerang","Ghostly Armor"],"picked":"True Grit","floor":14}],"player_experience":1206770,"relics_obtained":[{"floor":8,"key":"Toy Ornithopter"},{"floor":9,"key":"Lantern"},{"floor":14,"key":"Akabeko"}],"event_choices":[{"damage_healed":0,"gold_gain":75,"player_choice":"Gather Gold","damage_taken":11,"max_hp_gain":0,"max_hp_loss":0,"event_name":"World of Goop","floor":2,"gold_loss":0},{"damage_healed":0,"gold_gain":0,"player_choice":"Success","damage_taken":11,"relics_obtained":["Bag of Preparation"],"max_hp_gain":0,"max_hp_loss":0,"event_name":"Scrap Ooze","floor":3,"gold_loss":0},{"damage_healed":0,"gold_gain":0,"player_choice":"Trade","damage_taken":0,"relics_obtained":["FaceOfCleric"],"max_hp_gain":0,"max_hp_loss":0,"event_name":"FaceTrader","floor":12,"gold_loss":0}],"is_beta":true,"boss_relics":[],"items_purged_floors":[4],"is_endless":false,"potions_floor_spawned":[5,8,10],"killed_by":"Slime Boss","ascension_level":20}