{"gold_per_floor":[217,39,139,158,169,195,31,48,48,63,63,63,97,112,112,209,209,227,4,18,32,47,73,73,73,151,161,161,161,175,206,206,206],"floor_reached":33,"playtime":2521,"items_purged":["Strike_B"],"score":374,"play_id":"f38f3c8a-a60e-48ec-8f7f-02fc120cef89","local_time":"20190718213503","is_ascension_mode":true,"campfire_choices":[{"data":"Fission","floor":12,"key":"SMITH"},{"floor":15,"key":"REST"},{"data":"Defragment","floor":25,"key":"SMITH"},{"floor":28,"key":"REST"},{"floor":32,"key":"REST"}],"neow_cost":"NONE","seed_source_timestamp":175284361133000,"circlet_count":0,"master_deck":["Strike_B","Strike_B","Strike_B+1","Defend_B","Defend_B","Defend_B","Defend_B","Zap","Dualcast","Doom and Gloom","Ball Lightning+1","Compile Driver","Coolheaded","Defragment+1","Fission+1","Conserve Battery","Fusion","Hologram","Seek","Capacitor","Consume","Melter+1","Redo","BootSequence","Skim","Buffer"],"relics":["Cracked Core","Anchor","Dodecahedron","Shuriken","Mummified Hand","Nuclear Battery","Whetstone","Blue Candle","Bag of Marbles"],"potions_floor_usage":[18,21,23,27,33,33],"damage_taken":[{"damage":2,"enemies":"2 Louse","floor":1,"turns":2},{"damage":0,"enemies":"Cultist","floor":4,"turns":3},{"damage":2,"enemies":"Jaw Worm","floor":5,"turns":3},{"damage":35,"enemies":"Lagavulin","floor":6,"turns":9},{"damage":0,"enemies":"2 Fungi Beasts","floor":8,"turns":2},{"damage":0,"enemies":"Large Slime","floor":10,"turns":6},{"damage":10,"enemies":"3 Sentries","floor":13,"turns":6},{"damage":1,"enemies":"Looter","floor":14,"turns":2},{"damage":14,"enemies":"Hexaghost","floor":16,"turns":9},{"damage":0,"enemies":"Shell Parasite","floor":18,"turns":3},{"damage":3,"enemies":"3 Byrds","floor":20,"turns":5},{"damage":0,"enemies":"Snake Plant","floor":21,"turns":3},{"damage":3,"enemies":"3 Cultists","floor":22,"turns":4},{"damage":34,"enemies":"Slavers","floor":23,"turns":7},{"damage":14,"enemies":"Centurion and Healer","floor":27,"turns":6},{"damage":13,"enemies":"Snake Plant","floor":30,"turns":4},{"damage":16,"enemies":"Gremlin Leader","floor":31,"turns":10},{"damage":51,"enemies":"Collector","floor":33,"turns":6}],"seed_played":"-6560523654994582863","potions_obtained":[{"floor":1,"key":"Poison Potion"},{"floor":6,"key":"GamblersBrew"},{"floor":8,"key":"Explosive Potion"},{"floor":13,"key":"Fire Potion"},{"floor":14,"key":"Strength Potion"},{"floor":20,"key":"FearPotion"},{"floor":23,"key":"SkillPotion"},{"floor":27,"key":"Dexterity Potion"}],"is_trial":false,"path_per_floor":["M","$","?","M","M","E","$","M","T","M","$","R","E","M","R","B",null,"M","$","M","M","M","E","?","R","T","M","R","?","M","E","R","B"],"character_chosen":"DEFECT","items_purchased":["Ball Lightning","Anchor","Fission","Capacitor","Consume"],"campfire_rested":3,"item_purchase_floors":[2,2,7,19,19],"current_hp_per_floor":[73,73,73,73,71,36,36,36,36,36,36,36,26,25,47,33,65,65,65,62,62,59,25,25,25,25,11,33,58,45,29,51,0],"gold":206,"neow_bonus":"HUNDRED_GOLD","is_prod":false,"is_daily":false,"chose_seed":false,"campfire_upgraded":2,"win_rate":0,"timestamp":1563500103,"path_taken":["M","$","?","?","M","E","?","M","T","M","$","R","E","M","R","BOSS","M","$","?","M","M","E","?","R","T","M","R","?","M","E","R","BOSS"],"build_version":"2019-07-17","purchased_purges":1,"victory":false,"max_hp_per_floor":[75,75,75,75,75,75,75,75,75,75,75,75,75,75,75,75,75,75,75,75,75,75,75,75,75,75,75,75,75,75,75,75,75],"card_choices":[{"not_picked":["Gash","Redo"],"picked":"Doom and Gloom","floor":1},{"not_picked":["Doom and Gloom","FTL"],"picked":"Compile Driver","floor":4},{"not_picked":["Streamline","Storm"],"picked":"Coolheaded","floor":5},{"not_picked":["Go for the Eyes","Creative AI"],"picked":"Defragment","floor":6},{"not_picked":["Streamline","Aggregate","Turbo"],"picked":"SKIP","floor":8},{"not_picked":["Rebound","Force Field"],"picked":"Conserve Battery","floor":10},{"not_picked":["Beam Cell","Cold Snap"],"picked":"Fusion","floor":13},{"not_picked":["Streamline","Lockon"],"picked":"Hologram","floor":14},{"not_picked":["Biased Cognition","Thunder Strike"],"picked":"Seek","floor":16},{"not_picked":["Turbo","Cold Snap","Beam Cell"],"picked":"SKIP","floor":18},{"not_picked":["Hello World+1","Skim"],"picked":"Melter+1","floor":20},{"not_picked":["Recycle+1","Turbo"],"picked":"Redo","floor":21},{"not_picked":["Stack","Beam Cell","Hologram"],"picked":"SKIP","floor":22},{"not_picked":["Barrage","Gash"],"picked":"BootSequence","floor":23},{"not_picked":["Compile Driver","Gash+1"],"picked":"Skim","floor":27},{"not_picked":["Gash","Beam Cell","Go for the Eyes"],"picked":"SKIP","floor":30},{"not_picked":["Coolheaded","Doom and Gloom"],"picked":"Buffer","floor":31}],"player_experience":405848,"relics_obtained":[{"floor":6,"key":"Dodecahedron"},{"floor":9,"key":"Shuriken"},{"floor":13,"key":"Mummified Hand"},{"floor":23,"key":"Whetstone"},{"floor":26,"key":"Blue Candle"},{"floor":31,"key":"Bag of Marbles"}],"event_choices":[{"damage_healed":0,"gold_gain":100,"player_choice":"Pray","damage_taken":0,"max_hp_gain":0,"max_hp_loss":0,"event_name":"Golden Shrine","floor":3,"gold_loss":0},{"damage_healed":0,"gold_gain":0,"player_choice":"Ignored","damage_taken":0,"max_hp_gain":0,"max_hp_loss":0,"event_name":"Cursed Tome","floor":24,"gold_loss":0},{"damage_healed":25,"gold_gain":0,"player_choice":"Heal","damage_taken":0,"max_hp_gain":0,"max_hp_loss":0,"event_name":"The Library","floor":29,"gold_loss":0}],"is_beta":false,"boss_relics":[{"not_picked":["Velvet Choker","Coffee Dripper"],"picked":"Nuclear Battery"}],"items_purged_floors":[19],"is_endless":false,"potions_floor_spawned":[1,6,8,13,14,16,20,23,27],"killed_by":"Collector","ascension_level":5}