{"gold_per_floor":[360,372,71,83,95,129,190,224,250,269,269,281,309,327,327,428,428,445,463,463,31,44,44,77,89,89,89,115,115,135,160,160,264,264,289,164,187,37,51,80,100,100,100,136,162,18,118,139,139,139],"floor_reached":51,"playtime":3798,"items_purged":["Strike_P","Strike_P","Defend_P+1","Strike_P+1"],"score":1278,"play_id":"29a0e8ab-0d7d-4e41-8c66-97e26b612852","local_time":"20191004185043","is_ascension_mode":true,"campfire_choices":[{"data":"Eruption","floor":11.0,"key":"SMITH"},{"data":"Wireheading","floor":15.0,"key":"SMITH"},{"data":"TalkToTheHand","floor":23.0,"key":"SMITH"},{"data":"ReachHeaven","floor":32.0,"key":"SMITH"},{"data":"Wallop","floor":42,"key":"SMITH"},{"data":"ThirdEye","floor":49,"key":"SMITH"}],"neow_cost":"TEN_PERCENT_HP_LOSS","seed_source_timestamp":0,"circlet_count":0,"master_deck":["Strike_P+1","Defend_P+1","Defend_P+1","Defend_P+1","Eruption+1","Vigilance+1","Wallop+1","Crescendo+1","Wireheading+1","FearNoEvil","EmptyFist","Weave","ThirdEye+1","Judgement","JustLucky","Sanctity+1","FlurryOfBlows","Brilliance+1","InnerPeace+1","Collect+1","TalkToTheHand+1","DeusExMachina+1","TalkToTheHand+1","ReachHeaven+1","Omniscience+1","Adaptation+1","EmptyMind+1","Vengeance+1","Blasphemy+1","Scrawl+1","Blind+1","Master of Strategy+1","Thinking Ahead+1"],"special_seed":0,"relics":["PureWater","Pen Nib","Bag of Preparation","Blood Vial","Art of War","Toxic Egg 2","Philosopher\u0027s Stone","Yang","PreservedInsect","Anchor","Centennial Puzzle","CeramicFish","Coffee Dripper","Potion Belt","Ancient Tea Set","Blue Candle","War Paint","Ginger"],"potions_floor_usage":[40,40],"damage_taken":[{"damage":0.0,"enemies":"Cultist","floor":1.0,"turns":2.0},{"damage":2.0,"enemies":"Small Slimes","floor":2.0,"turns":3.0},{"damage":0.0,"enemies":"2 Louse","floor":4.0,"turns":2.0},{"damage":0.0,"enemies":"Looter","floor":5.0,"turns":3.0},{"damage":28.0,"enemies":"Lagavulin","floor":6.0,"turns":6.0},{"damage":0.0,"enemies":"Gremlin Nob","floor":7.0,"turns":2.0},{"damage":0.0,"enemies":"Gremlin Nob","floor":8.0,"turns":2.0},{"damage":2.0,"enemies":"Exordium Wildlife","floor":10.0,"turns":2.0},{"damage":0.0,"enemies":"Large Slime","floor":12.0,"turns":2.0},{"damage":8.0,"enemies":"Lagavulin","floor":13.0,"turns":3.0},{"damage":0.0,"enemies":"Blue Slaver","floor":14.0,"turns":2.0},{"damage":22.0,"enemies":"The Guardian","floor":16.0,"turns":11.0},{"damage":0.0,"enemies":"Spheric Guardian","floor":18.0,"turns":2.0},{"damage":10.0,"enemies":"3 Byrds","floor":19.0,"turns":4.0},{"damage":6.0,"enemies":"Snecko","floor":22.0,"turns":6.0},{"damage":11.0,"enemies":"Slavers","floor":24.0,"turns":5.0},{"damage":0.0,"enemies":"3 Cultists","floor":25.0,"turns":5.0},{"damage":0.0,"enemies":"Book of Stabbing","floor":28.0,"turns":4.0},{"damage":1.0,"enemies":"Centurion and Healer","floor":30.0,"turns":2.0},{"damage":3.0,"enemies":"Slavers","floor":31.0,"turns":3.0},{"damage":8.0,"enemies":"Collector","floor":33.0,"turns":10.0},{"damage":3.0,"enemies":"3 Darklings","floor":35.0,"turns":3.0},{"damage":0.0,"enemies":"Orb Walker","floor":37.0,"turns":2.0},{"damage":0.0,"enemies":"Sphere and 2 Shapes","floor":39.0,"turns":3.0},{"damage":22,"enemies":"Reptomancer","floor":40,"turns":4},{"damage":0,"enemies":"Transient","floor":41,"turns":5},{"damage":0,"enemies":"Giant Head","floor":44,"turns":5},{"damage":0,"enemies":"Writhing Mass","floor":45,"turns":4},{"damage":3,"enemies":"Mind Bloom Boss Battle","floor":47,"turns":5},{"damage":4,"enemies":"Donu and Deca","floor":50,"turns":6}],"seed_played":"-4088429682045009878","potions_obtained":[{"floor":2.0,"key":"Fire Potion"},{"floor":8.0,"key":"Regen Potion"},{"floor":16.0,"key":"DuplicationPotion"},{"floor":24.0,"key":"LiquidBronze"},{"floor":31.0,"key":"SkillPotion"},{"floor":33.0,"key":"DuplicationPotion"},{"floor":40,"key":"GamblersBrew"},{"floor":45,"key":"Fire Potion"},{"floor":47,"key":"Weak Potion"}],"is_trial":false,"path_per_floor":["M","M","$","M","M","E","?","E","T","M","R","M","E","M","R","B",null,"M","M","?","$","M","R","E","M","T","?","E","?","M","E","R","B",null,"M","$","M","$","M","E","M","R","T","E","M","$","?","?","R","B",null],"character_chosen":"WATCHER","items_purchased":["Wireheading","FearNoEvil","EmptyFist","Fire Potion","TalkToTheHand","Yang","War Paint"],"campfire_rested":0,"item_purchase_floors":[3,3,3,3,21,21,46],"current_hp_per_floor":[65,63,63,63,63,35,35,35,35,35,35,37,31,33,33,13,52,54,62,51,51,59,59,50,52,52,52,70,70,69,70,70,62,68,70,70,70,70,70,70,70,70,70,70,70,70,70,60,60,62],"gold":139,"neow_bonus":"TWO_FIFTY_GOLD","is_prod":false,"is_daily":false,"chose_seed":false,"campfire_upgraded":6,"win_rate":0,"timestamp":1570229443,"path_taken":["M","?","$","M","M","E","?","E","T","M","R","M","E","M","R","BOSS","M","M","?","$","M","R","E","M","T","?","E","?","M","E","R","BOSS","M","?","M","$","M","E","M","R","T","E","M","$","?","?","R","BOSS"],"build_version":"2019-10-04","purchased_purges":4,"victory":true,"max_hp_per_floor":[65,65,65,65,65,65,65,65,65,65,65,65,65,65,65,65,65,65,65,70,70,70,70,70,70,70,70,70,70,70,70,70,70,70,70,70,70,70,70,70,70,70,70,70,70,70,70,70,70,70],"card_choices":[{"not_picked":["ClearTheMind","Halt"],"picked":"Wallop","floor":1.0},{"not_picked":["BowlingBash","WindmillStrike"],"picked":"Crescendo","floor":2.0},{"not_picked":["Halt","EmptyBody"],"picked":"Weave","floor":4.0},{"not_picked":["CrushJoints","DeceiveReality"],"picked":"ThirdEye","floor":5.0},{"not_picked":["SashWhip","Establishment"],"picked":"Judgement","floor":6.0},{"not_picked":["FearNoEvil","BowlingBash"],"picked":"JustLucky","floor":7.0},{"not_picked":["Scrawl","ClearTheMind","Worship"],"picked":"SKIP","floor":8.0},{"not_picked":["BattleHymn","Prostrate","Pray"],"picked":"SKIP","floor":10.0},{"not_picked":["Scrawl","BowlingBash","SandsOfTime"],"picked":"SKIP","floor":12.0},{"not_picked":["Conclude","Crescendo"],"picked":"Sanctity","floor":13.0},{"not_picked":["Sanctity+1","Vengeance+1"],"picked":"FlurryOfBlows","floor":14.0},{"not_picked":["LessonLearned","Judgement+1"],"picked":"Brilliance+1","floor":16.0},{"not_picked":["EmptyFist+1","BowlingBash"],"picked":"InnerPeace+1","floor":18.0},{"not_picked":["Prostrate+1","Crescendo+1"],"picked":"Collect+1","floor":19.0},{"not_picked":["Swivel+1","Consecrate","InnerPeace+1"],"picked":"SKIP","floor":22.0},{"not_picked":["FollowUp+1","Pray+1","FlyingSleeves+1"],"picked":"SKIP","floor":24.0},{"not_picked":["FlyingSleeves","JustLucky"],"picked":"DeusExMachina+1","floor":25.0},{"not_picked":["Vault+1","CrushJoints+1","Sanctity+1"],"picked":"SKIP","floor":28.0},{"not_picked":["FollowUp","SignatureMove"],"picked":"ReachHeaven","floor":30.0},{"not_picked":["MentalFortress","ThirdEye+1","SashWhip"],"picked":"SKIP","floor":31.0},{"not_picked":["DeusExMachina+1","Alpha+1"],"picked":"Omniscience+1","floor":33.0},{"not_picked":["BowlingBash","SashWhip"],"picked":"Adaptation+1","floor":35.0},{"not_picked":["Pray+1","FlyingSleeves"],"picked":"EmptyMind+1","floor":37.0},{"not_picked":["ClearTheMind+1","SandsOfTime+1","Crescendo+1"],"picked":"SKIP","floor":39.0},{"not_picked":["FearNoEvil","FlurryOfBlows","FlyingSleeves"],"picked":"SKIP","floor":40},{"not_picked":["CrushJoints+1","SignatureMove+1"],"picked":"Vengeance+1","floor":41},{"not_picked":["SashWhip","JustLucky"],"picked":"Blasphemy+1","floor":44},{"not_picked":["Collect+1","BowlingBash+1"],"picked":"Scrawl+1","floor":45},{"not_picked":["Madness+1","Sadistic Nature"],"picked":"Blind+1","floor":48},{"not_picked":["HandOfGreed","PanicButton+1"],"picked":"Master of Strategy+1","floor":48},{"not_picked":["Trip+1","Mind Blast"],"picked":"Thinking Ahead+1","floor":48}],"player_experience":1224447,"relics_obtained":[{"floor":6.0,"key":"Pen Nib"},{"floor":7.0,"key":"Bag of Preparation"},{"floor":8.0,"key":"Blood Vial"},{"floor":9.0,"key":"Art of War"},{"floor":13.0,"key":"Toxic Egg 2"},{"floor":24.0,"key":"PreservedInsect"},{"floor":26.0,"key":"Anchor"},{"floor":28.0,"key":"Centennial Puzzle"},{"floor":31.0,"key":"CeramicFish"},{"floor":40,"key":"Potion Belt"},{"floor":43,"key":"Ancient Tea Set"},{"floor":44,"key":"Blue Candle"},{"floor":47,"key":"Ginger"}],"event_choices":[{"damage_healed":0.0,"max_hp_gain":0.0,"max_hp_loss":0.0,"gold_gain":0.0,"event_name":"Dead Adventurer","player_choice":"Searched \u00271\u0027 times","floor":7.0,"gold_loss":0.0,"damage_taken":0.0},{"damage_healed":0.0,"max_hp_gain":5.0,"max_hp_loss":0.0,"gold_gain":0.0,"event_name":"Forgotten Altar","player_choice":"Shed Blood","floor":20.0,"gold_loss":0.0,"damage_taken":16.0},{"damage_healed":0.0,"max_hp_gain":0.0,"max_hp_loss":0.0,"gold_gain":0.0,"event_name":"Back to Basics","player_choice":"Simplicity","floor":27.0,"gold_loss":0.0,"damage_taken":0.0,"cards_upgraded":["Strike_P","Strike_P","Defend_P","Defend_P","Defend_P","Defend_P"]},{"damage_healed":0.0,"max_hp_gain":0.0,"max_hp_loss":0.0,"gold_gain":0.0,"event_name":"Duplicator","player_choice":"Copied","floor":29.0,"gold_loss":0.0,"damage_taken":0.0,"cards_obtained":["TalkToTheHand"]},{"damage_healed":0,"gold_gain":0,"player_choice":"Fight","damage_taken":0,"max_hp_gain":0,"max_hp_loss":0,"event_name":"MindBloom","floor":47,"gold_loss":0},{"damage_healed":0,"gold_gain":0,"player_choice":"Memory 3","damage_taken":10,"max_hp_gain":0,"max_hp_loss":0,"event_name":"SensoryStone","floor":48,"gold_loss":0}],"is_beta":true,"boss_relics":[{"not_picked":["Astrolabe","Cursed Key"],"picked":"Philosopher\u0027s Stone"},{"not_picked":["Fusion Hammer","Empty Cage"],"picked":"Coffee Dripper"}],"items_purged_floors":[3,21,36,38],"is_endless":false,"potions_floor_spawned":[2,8,12,16,18,22,24,25,31,33,37,40,45,47],"ascension_level":9}