{"gold_per_floor":[110,120,120,33,33,33,66,66,66,84,98,42,71,88,88,161,161,61,77,93,93,51,51,51,51],"floor_reached":25,"playtime":944,"items_purged":[],"score":397,"play_id":"6e0163bc-0c4c-4d31-9aa3-536007842aa0","local_time":"20190828234903","is_ascension_mode":true,"campfire_choices":[{"data":"Bash","floor":6,"key":"SMITH"},{"data":"Feel No Pain","floor":8,"key":"SMITH"},{"data":"Uppercut","floor":15,"key":"SMITH"},{"floor":23,"key":"REST"}],"neow_cost":"TEN_PERCENT_HP_LOSS","seed_source_timestamp":9740662281000,"circlet_count":0,"master_deck":["AscendersBane","Defend_R+1","Defend_R+1","Defend_R+1","Defend_R+1","Bash+1","Headbutt","Thunderclap+1","Feel No Pain+1","Armaments+1","Cleave","True Grit+1","Uppercut+1","Juggernaut","Barricade","Burning Pact+1","Evolve+1","Disarm+1","Flame Barrier+1","Iron Wave","Power Through+1"],"relics":["Burning Blood","Ornamental Fan","Toxic Egg 2","Pear","Astrolabe"],"potions_floor_usage":[7,13,16,25],"damage_taken":[{"damage":11,"enemies":"Jaw Worm","floor":1,"turns":4},{"damage":5,"enemies":"Small Slimes","floor":2,"turns":3},{"damage":10,"enemies":"Gremlin Nob","floor":7,"turns":3},{"damage":3,"enemies":"2 Louse","floor":10,"turns":3},{"damage":31,"enemies":"Exordium Thugs","floor":11,"turns":5},{"damage":20,"enemies":"3 Sentries","floor":13,"turns":6},{"damage":18,"enemies":"Exordium Wildlife","floor":14,"turns":2},{"damage":14,"enemies":"Hexaghost","floor":16,"turns":12},{"damage":23,"enemies":"2 Thieves","floor":18,"turns":5},{"damage":7,"enemies":"Chosen","floor":19,"turns":5},{"damage":21,"enemies":"Snake Plant","floor":20,"turns":7},{"damage":62,"enemies":"Gremlin Leader","floor":25,"turns":5}],"seed_played":"-6421531432454329517","potions_obtained":[{"floor":2,"key":"PowerPotion"},{"floor":11,"key":"Swift Potion"},{"floor":14,"key":"Poison Potion"},{"floor":20,"key":"Explosive Potion"}],"is_trial":false,"path_per_floor":["M","M","?","$","?","R","E","R","T","M","M","$","E","M","R","B",null,"M","M","M","?","$","R","$","E"],"character_chosen":"IRONCLAD","items_purchased":["Feel No Pain","True Grit+1","Power Through+1"],"campfire_rested":1,"item_purchase_floors":[4,12,22],"current_hp_per_floor":[63,64,64,64,64,64,60,60,60,63,38,38,34,22,22,14,62,45,44,29,29,29,52,52,0],"gold":51,"neow_bonus":"REMOVE_TWO","is_prod":false,"is_daily":false,"chose_seed":false,"campfire_upgraded":3,"win_rate":0,"timestamp":1567050543,"path_taken":["M","M","?","$","?","R","E","R","T","M","M","$","E","M","R","BOSS","M","M","M","?","$","R","$","E"],"build_version":"2019-07-17","purchased_purges":0,"victory":false,"max_hp_per_floor":[68,68,68,68,68,68,68,68,68,68,68,68,78,78,78,78,78,78,78,78,78,78,78,78,78],"card_choices":[{"not_picked":["Iron Wave","Clash"],"picked":"Headbutt","floor":1},{"not_picked":["Sword Boomerang","Iron Wave"],"picked":"Thunderclap","floor":2},{"not_picked":["Havoc","Searing Blow","Clash"],"picked":"SKIP","floor":7},{"not_picked":["Heavy Blade","Shrug It Off+1"],"picked":"Armaments+1","floor":10},{"not_picked":["Pommel Strike","Thunderclap"],"picked":"Cleave","floor":11},{"not_picked":["Searing Blow","Shrug It Off+1"],"picked":"Uppercut","floor":13},{"not_picked":["Blood for Blood","Dual Wield+1"],"picked":"Juggernaut","floor":14},{"not_picked":["Juggernaut","Double Tap+1"],"picked":"Barricade","floor":16},{"not_picked":["Iron Wave","Flex+1"],"picked":"Flame Barrier+1","floor":18},{"not_picked":["Armaments+1","Wild Strike"],"picked":"Iron Wave","floor":19},{"not_picked":["Twin Strike","Fire Breathing","Disarm+1"],"picked":"SKIP","floor":20}],"player_experience":929067,"relics_obtained":[{"floor":7,"key":"Ornamental Fan"},{"floor":9,"key":"Toxic Egg 2"},{"floor":13,"key":"Pear"}],"event_choices":[{"damage_healed":0,"gold_gain":0,"player_choice":"Grow","damage_taken":0,"max_hp_gain":0,"max_hp_loss":0,"event_name":"Living Wall","floor":3,"gold_loss":0,"cards_upgraded":["Thunderclap"]},{"damage_healed":0,"gold_gain":0,"player_choice":"Ignored","damage_taken":0,"max_hp_gain":0,"max_hp_loss":0,"event_name":"Liars Game","floor":5,"gold_loss":0},{"damage_healed":0,"gold_gain":0,"player_choice":"Simplicity","damage_taken":0,"max_hp_gain":0,"max_hp_loss":0,"event_name":"Back to Basics","floor":21,"gold_loss":0,"cards_upgraded":["Defend_R","Defend_R","Defend_R","Defend_R"]}],"is_beta":false,"boss_relics":[{"not_picked":["Pandora\u0027s Box","Eternal Feather"],"picked":"Astrolabe"}],"items_purged_floors":[],"is_endless":false,"potions_floor_spawned":[2,11,14,20],"killed_by":"Gremlin Leader","ascension_level":18}