{"gold_per_floor":[112,167,186,111,111,111,129,29,56,66,66,76,94,125,125,199,199,210,210,85,95,107,107,125,125,125,143,155,5,5,20,20,20],"floor_reached":33,"playtime":1516,"items_purged":["Strike_R","Strike_R","Strike_R","Defend_R"],"score":511,"play_id":"54f86a95-1a48-4901-a964-6811abd1209f","local_time":"20190117001112","is_ascension_mode":true,"campfire_choices":[{"data":"Body Slam","floor":6.0,"key":"SMITH"},{"data":"Flame Barrier","floor":11.0,"key":"SMITH"},{"data":"True Grit","floor":15.0,"key":"SMITH"},{"data":"Bash","floor":23,"key":"SMITH"},{"data":"Pommel Strike","floor":25,"key":"SMITH"},{"data":"Whirlwind","floor":32,"key":"SMITH"}],"neow_cost":"NONE","seed_source_timestamp":358958052696240,"circlet_count":0,"master_deck":["AscendersBane","Strike_R+1","Strike_R+1","Defend_R","Defend_R","Defend_R","Bash+1","True Grit+1","Body Slam+1","Flame Barrier+1","Pommel Strike+1","Shrug It Off","Impervious","Shrug It Off","Double Tap","Whirlwind+1"],"special_seed":0,"relics":["Burning Blood","Ancient Tea Set","PreservedInsect","Paper Frog","Coffee Dripper","Pen Nib"],"potions_floor_usage":[21,27,33],"damage_taken":[{"damage":19.0,"enemies":"Cultist","floor":1.0,"turns":6.0},{"damage":31.0,"enemies":"Jaw Worm","floor":3.0,"turns":7.0},{"damage":4.0,"enemies":"Small Slimes","floor":7.0,"turns":3.0},{"damage":8.0,"enemies":"Red Slaver","floor":10.0,"turns":4.0},{"damage":8.0,"enemies":"Large Slime","floor":12.0,"turns":2.0},{"damage":5.0,"enemies":"Lots of Slimes","floor":13.0,"turns":4.0},{"damage":0.0,"enemies":"Lagavulin","floor":14.0,"turns":4.0},{"damage":4.0,"enemies":"Hexaghost","floor":16.0,"turns":9.0},{"damage":9.0,"enemies":"Chosen","floor":18.0,"turns":5.0},{"damage":0,"enemies":"3 Byrds","floor":21,"turns":3},{"damage":14,"enemies":"Cultist and Chosen","floor":22,"turns":8},{"damage":19,"enemies":"Centurion and Healer","floor":24,"turns":7},{"damage":0,"enemies":"Snecko","floor":27,"turns":4},{"damage":12,"enemies":"Sentry and Sphere","floor":28,"turns":8},{"damage":3,"enemies":"Centurion and Healer","floor":31,"turns":7},{"damage":45,"enemies":"Champ","floor":33,"turns":5}],"seed_played":"5750218341999387045","potions_obtained":[{"floor":1.0,"key":"GamblersBrew"},{"floor":10.0,"key":"AttackPotion"},{"floor":14.0,"key":"Poison Potion"},{"floor":18.0,"key":"Explosive Potion"},{"floor":24,"key":"AttackPotion"},{"floor":31,"key":"AttackPotion"}],"is_trial":false,"path_per_floor":["M","T","M","$","?","R","M","$","T","M","R","M","M","E","R","B",null,"M","?","$","M","M","R","M","R","T","M","M","$","?","M","R","B"],"character_chosen":"IRONCLAD","items_purchased":[],"campfire_rested":0,"item_purchase_floors":[],"current_hp_per_floor":[62,62,37,37,12,12,14,14,14,12,12,10,11,17,17,19,66,63,39,39,45,37,37,24,24,24,30,24,24,24,27,27,0],"gold":20,"neow_bonus":"TEN_PERCENT_HP_BONUS","is_prod":false,"is_daily":false,"chose_seed":false,"campfire_upgraded":6,"win_rate":0,"timestamp":1547680272,"path_taken":["M","?","M","$","?","R","M","?","T","M","R","M","M","E","R","BOSS","M","?","$","M","M","R","M","R","T","M","M","$","?","?","R","BOSS"],"build_version":"2019-01-10","purchased_purges":4,"victory":false,"max_hp_per_floor":[82,82,82,82,82,82,82,82,82,82,82,82,82,82,82,82,82,82,87,87,87,87,87,87,87,87,87,87,87,87,87,87,87],"card_choices":[{"not_picked":["Seeing Red","Blood for Blood"],"picked":"True Grit","floor":1.0},{"not_picked":["Spot Weakness","Carnage"],"picked":"Body Slam","floor":3.0},{"not_picked":["Thunderclap","Heavy Blade"],"picked":"Flame Barrier","floor":7.0},{"not_picked":["Wild Strike","Rampage"],"picked":"Pommel Strike","floor":10.0},{"not_picked":["Heavy Blade","Anger","Power Through"],"picked":"SKIP","floor":12.0},{"not_picked":["Juggernaut","Flex"],"picked":"Shrug It Off","floor":13.0},{"not_picked":["Dual Wield","Flex","Twin Strike"],"picked":"SKIP","floor":14.0},{"not_picked":["Dark Embrace","Juggernaut"],"picked":"Impervious","floor":16.0},{"not_picked":["Intimidate","Warcry","Second Wind"],"picked":"SKIP","floor":18.0},{"not_picked":["Anger","Spot Weakness","Havoc"],"picked":"SKIP","floor":21},{"not_picked":["Rage","Clash+1","Headbutt"],"picked":"SKIP","floor":22},{"not_picked":["Thunderclap","Warcry"],"picked":"Shrug It Off","floor":24},{"not_picked":["Bloodletting+1","Warcry","Armaments"],"picked":"SKIP","floor":27},{"not_picked":["Burning Pact","Iron Wave+1"],"picked":"Double Tap","floor":28},{"not_picked":["Feel No Pain","Dual Wield"],"picked":"Whirlwind","floor":31}],"player_experience":512866,"relics_obtained":[{"floor":2.0,"key":"Ancient Tea Set"},{"floor":9.0,"key":"PreservedInsect"},{"floor":14.0,"key":"Paper Frog"},{"floor":26,"key":"Pen Nib"}],"event_choices":[{"damage_healed":0.0,"max_hp_gain":0.0,"max_hp_loss":0.0,"gold_gain":0.0,"event_name":"Shining Light","player_choice":"Entered Light","floor":5.0,"gold_loss":0.0,"damage_taken":25.0,"cards_upgraded":["Strike_R","Strike_R"]},{"damage_healed":0.0,"max_hp_gain":5.0,"max_hp_loss":0.0,"gold_gain":0.0,"event_name":"Forgotten Altar","player_choice":"Shed Blood","floor":19.0,"gold_loss":0.0,"damage_taken":29.0},{"damage_healed":0,"gold_gain":0,"player_choice":"0 cards matched","damage_taken":0,"max_hp_gain":0,"max_hp_loss":0,"event_name":"Match and Keep!","floor":30,"gold_loss":0,"cards_obtained":[]}],"is_beta":false,"boss_relics":[{"not_picked":["Fusion Hammer","Black Star"],"picked":"Coffee Dripper"}],"items_purged_floors":[4,8,20,29],"is_endless":false,"potions_floor_spawned":[1,10,13,14,18,24,31],"killed_by":"Champ","ascension_level":17}