{"gold_per_floor":[218,293,125,135,150,150,175,188,215,250,250,250,250,264,264,362,362,272,272,17,17,17,17,17,17,17,17,17,17,17,17,17,17,17,17,17,0,0,0,0,0,0,0,0,0,0,0,0,0,0],"floor_reached":51,"playtime":6214,"items_purged":["Strike_B","Writhe"],"score":748,"play_id":"051a8292-81ac-472f-901e-cae3ff639a7d","local_time":"20190923185641","is_ascension_mode":true,"campfire_choices":[{"data":"Zap","floor":6,"key":"SMITH"},{"floor":11,"key":"REST"},{"data":"Creative AI","floor":15,"key":"SMITH"},{"data":"Conserve Battery","floor":24,"key":"SMITH"},{"floor":32,"key":"REST"},{"data":"Force Field","floor":41,"key":"SMITH"},{"data":"Storm","floor":49,"key":"SMITH"}],"neow_cost":"NONE","seed_source_timestamp":924641308028600,"circlet_count":0,"master_deck":["Defend_B","Defend_B","Defend_B","Defend_B","Zap+1","Dualcast","Leap","Self Repair","Leap","Force Field+1","Defragment+1","Conserve Battery+1","Creative AI+1","White Noise+1","Auto Shields+1","Cold Snap","Reboot+1","Force Field+1","Buffer","Stack+1","Static Discharge","Cold Snap+1","Leap+1","Glacier+1","Storm+1"],"relics":["Cracked Core","Lantern","Oddly Smooth Stone","Juzu Bracelet","Ectoplasm","Toxic Egg 2","Strawberry","Blue Candle","Blood Vial","Nuclear Battery","Red Mask","FossilizedHelix","StoneCalendar","Gremlin Horn","Du-Vu Doll","Centennial Puzzle"],"potions_floor_usage":[7,7,10,16,18,23,28,36,38,40,47,50,50],"damage_taken":[{"damage":1,"enemies":"2 Louse","floor":1,"turns":2},{"damage":0,"enemies":"Small Slimes","floor":4,"turns":3},{"damage":4,"enemies":"Cultist","floor":5,"turns":4},{"damage":4,"enemies":"Lagavulin","floor":7,"turns":8},{"damage":1,"enemies":"Large Slime","floor":8,"turns":6},{"damage":60,"enemies":"Gremlin Nob","floor":10,"turns":6},{"damage":11,"enemies":"Gremlin Gang","floor":14,"turns":7},{"damage":15,"enemies":"Slime Boss","floor":16,"turns":10},{"damage":30,"enemies":"2 Thieves","floor":18,"turns":5},{"damage":13,"enemies":"Spheric Guardian","floor":22,"turns":5},{"damage":0,"enemies":"Cultist and Chosen","floor":23,"turns":6},{"damage":15,"enemies":"Chosen and Byrds","floor":25,"turns":7},{"damage":2,"enemies":"3 Cultists","floor":28,"turns":5},{"damage":7,"enemies":"Book of Stabbing","floor":29,"turns":7},{"damage":3,"enemies":"Snake Plant","floor":31,"turns":5},{"damage":8,"enemies":"Champ","floor":33,"turns":12},{"damage":30,"enemies":"3 Darklings","floor":35,"turns":7},{"damage":0,"enemies":"3 Shapes","floor":36,"turns":6},{"damage":0,"enemies":"Jaw Worm Horde","floor":38,"turns":7},{"damage":0,"enemies":"Mind Bloom Boss Battle","floor":39,"turns":11},{"damage":9,"enemies":"Reptomancer","floor":40,"turns":9},{"damage":0,"enemies":"Maw","floor":44,"turns":10},{"damage":0,"enemies":"Transient","floor":45,"turns":5},{"damage":12,"enemies":"2 Orb Walkers","floor":47,"turns":6},{"damage":0,"enemies":"Nemesis","floor":48,"turns":13},{"damage":1,"enemies":"Donu and Deca","floor":50,"turns":9}],"seed_played":"-6245166858453156597","potions_obtained":[{"floor":1,"key":"Poison Potion"},{"floor":5,"key":"Ancient Potion"},{"floor":8,"key":"Swift Potion"},{"floor":13,"key":"SkillPotion"},{"floor":13,"key":"Strength Potion"},{"floor":13,"key":"PowerPotion"},{"floor":18,"key":"Explosive Potion"},{"floor":23,"key":"FearPotion"},{"floor":25,"key":"Poison Potion"},{"floor":31,"key":"SkillPotion"},{"floor":33,"key":"Regen Potion"},{"floor":38,"key":"Fire Potion"},{"floor":39,"key":"FocusPotion"},{"floor":48,"key":"Poison Potion"}],"is_trial":false,"path_per_floor":["M","?","$","M","M","R","E","M","T","E","R","?","?","M","R","B",null,"M","?","$","?","M","M","R","M","T","?","M","E","?","M","R","B",null,"M","M","?","M","?","E","R","?","T","M","M","?","?","E","R","B",null],"character_chosen":"DEFECT","items_purchased":["Self Repair","Leap","Strawberry"],"campfire_rested":2,"item_purchase_floors":[3,3,20],"current_hp_per_floor":[74,63,63,70,73,73,75,75,75,22,44,44,44,40,40,32,75,52,52,59,59,53,60,60,52,52,52,57,57,41,47,71,72,82,59,80,80,82,82,82,82,82,82,82,82,82,77,82,82,82],"gold":0,"neow_bonus":"HUNDRED_GOLD","is_prod":false,"is_daily":false,"chose_seed":false,"campfire_upgraded":5,"win_rate":0,"timestamp":1569279401,"path_taken":["M","?","$","M","M","R","E","M","T","E","R","?","?","M","R","BOSS","M","?","$","?","M","M","R","M","T","?","M","E","?","M","R","BOSS","M","M","?","M","?","E","R","?","T","M","M","?","?","E","R","BOSS"],"build_version":"2019-07-17","purchased_purges":2,"victory":true,"max_hp_per_floor":[75,75,75,75,75,75,75,75,75,75,75,75,75,75,75,75,75,75,75,82,82,82,82,82,82,82,82,82,82,82,82,82,82,82,82,82,82,82,82,82,82,82,82,82,82,82,82,82,82,82],"card_choices":[{"not_picked":["Go for the Eyes","Turbo"],"picked":"Leap","floor":1},{"not_picked":["Turbo","Beam Cell"],"picked":"Force Field","floor":4},{"not_picked":["Hello World","Beam Cell","Double Energy"],"picked":"SKIP","floor":5},{"not_picked":["Auto Shields","Ball Lightning"],"picked":"Defragment","floor":7},{"not_picked":["Turbo","Stack"],"picked":"Conserve Battery","floor":8},{"not_picked":["Thunder Strike","Go for the Eyes","Ball Lightning"],"picked":"SKIP","floor":10},{"not_picked":["Redo","Streamline"],"picked":"Creative AI","floor":14},{"not_picked":["Barrage","Doom and Gloom","Sweeping Beam"],"picked":"SKIP","floor":18},{"not_picked":["Tempest+1","Hologram+1"],"picked":"White Noise+1","floor":22},{"not_picked":["Compile Driver","Hologram+1"],"picked":"Auto Shields+1","floor":23},{"not_picked":["Go for the Eyes+1","Sunder+1"],"picked":"Cold Snap","floor":25},{"not_picked":["Genetic Algorithm+1","Sweeping Beam"],"picked":"Reboot+1","floor":28},{"not_picked":["Steam+1","Hologram+1","Rebound"],"picked":"SKIP","floor":29},{"not_picked":["Coolheaded+1","Capacitor"],"picked":"Force Field+1","floor":31},{"not_picked":["Meteor Strike","Rainbow+1"],"picked":"Buffer","floor":33},{"not_picked":["Compile Driver+1","Streamline"],"picked":"Stack+1","floor":35},{"not_picked":["Compile Driver","Ball Lightning+1","Steam+1"],"picked":"SKIP","floor":36},{"not_picked":["Beam Cell+1","Barrage","Cold Snap"],"picked":"SKIP","floor":38},{"not_picked":["Beam Cell","Seek+1"],"picked":"Static Discharge","floor":39},{"not_picked":["Genetic Algorithm+1","Gash","Fusion+1"],"picked":"SKIP","floor":40},{"not_picked":["Reprogram+1","Sweeping Beam"],"picked":"Cold Snap+1","floor":44},{"not_picked":["Static Discharge+1","Aggregate+1"],"picked":"Leap+1","floor":45},{"not_picked":["Chill+1","Leap+1"],"picked":"Glacier+1","floor":47},{"not_picked":["Force Field+1","Doom and Gloom"],"picked":"Storm","floor":48}],"player_experience":69354,"relics_obtained":[{"floor":7,"key":"Lantern"},{"floor":9,"key":"Oddly Smooth Stone"},{"floor":10,"key":"Juzu Bracelet"},{"floor":26,"key":"Blue Candle"},{"floor":29,"key":"Blood Vial"},{"floor":39,"key":"FossilizedHelix"},{"floor":40,"key":"StoneCalendar"},{"floor":43,"key":"Gremlin Horn"},{"floor":47,"key":"Du-Vu Doll"},{"floor":48,"key":"Centennial Puzzle"}],"event_choices":[{"damage_healed":0,"gold_gain":75,"player_choice":"Gather Gold","damage_taken":11,"max_hp_gain":0,"max_hp_loss":0,"event_name":"World of Goop","floor":2,"gold_loss":0},{"damage_healed":0,"gold_gain":0,"player_choice":"Grow","damage_taken":0,"max_hp_gain":0,"max_hp_loss":0,"event_name":"Living Wall","floor":12,"gold_loss":0,"cards_upgraded":["Defragment"]},{"damage_healed":0,"gold_gain":0,"player_choice":"Got Potions","damage_taken":0,"max_hp_gain":0,"max_hp_loss":0,"event_name":"Lab","floor":13,"gold_loss":0},{"damage_healed":0,"gold_gain":0,"player_choice":"Opened","damage_taken":0,"relics_obtained":["Toxic Egg 2"],"max_hp_gain":0,"max_hp_loss":0,"event_name":"The Mausoleum","floor":19,"gold_loss":0,"cards_obtained":["Writhe"]},{"cards_removed":["Strike_B"],"damage_healed":0,"gold_gain":0,"player_choice":"Card Removal","damage_taken":0,"max_hp_gain":0,"max_hp_loss":0,"event_name":"Wheel of Change","floor":21,"gold_loss":0},{"damage_healed":0,"gold_gain":0,"player_choice":"Obtained Book","damage_taken":16,"max_hp_gain":0,"max_hp_loss":0,"event_name":"Cursed Tome","floor":30,"gold_loss":0},{"damage_healed":0,"gold_gain":0,"player_choice":"Paid","damage_taken":0,"relics_obtained":["Red Mask"],"max_hp_gain":0,"max_hp_loss":0,"event_name":"Tomb of Lord Red Mask","floor":37,"gold_loss":17},{"damage_healed":0,"gold_gain":0,"player_choice":"Fight","damage_taken":0,"max_hp_gain":0,"max_hp_loss":0,"event_name":"MindBloom","floor":39,"gold_loss":0},{"cards_removed":["Strike_B"],"damage_healed":0,"gold_gain":0,"player_choice":"Removed Attack","damage_taken":0,"max_hp_gain":0,"max_hp_loss":0,"event_name":"Falling","floor":42,"gold_loss":0},{"cards_removed":["Strike_B"],"damage_healed":0,"gold_gain":0,"player_choice":"Offered Basic","damage_taken":0,"max_hp_gain":0,"max_hp_loss":0,"event_name":"Bonfire Elementals","floor":46,"gold_loss":0},{"damage_healed":0,"gold_gain":0,"player_choice":"Fight","damage_taken":0,"max_hp_gain":0,"max_hp_loss":0,"event_name":"Mysterious Sphere","floor":47,"gold_loss":0}],"is_beta":false,"boss_relics":[{"not_picked":["Coffee Dripper","Eternal Feather"],"picked":"Ectoplasm"},{"not_picked":["White Beast Statue","Fusion Hammer"],"picked":"Nuclear Battery"}],"items_purged_floors":[3,20],"is_endless":false,"potions_floor_spawned":[1,5,8,18,23,25,31,33,38,39,48],"ascension_level":1}