{"gold_per_floor":[119,134,134,134,147,147,163,189,201,213,245,257,280,302,314,428,440,469,496,528,540,570,611,156,156,156,166,166,166,91,109,109,212,212,223,223,223,240,260,260,286,40,66,82,96,124,134,149,149,149],"floor_reached":50,"playtime":5611,"items_purged":["Writhe","Strike_B+1"],"score":636,"play_id":"833ee66a-27c3-4df5-ba2c-3c4e5376a580","local_time":"20191006003310","is_ascension_mode":true,"campfire_choices":[{"data":"Zap","floor":6,"key":"SMITH"},{"data":"Echo Form","floor":12,"key":"SMITH"},{"floor":15,"key":"REST"},{"data":"Storm","floor":25,"key":"SMITH"},{"data":"Capacitor","floor":28,"key":"SMITH"},{"floor":32,"key":"REST"},{"data":"Conserve Battery","floor":40,"key":"SMITH"},{"floor":49,"key":"REST"}],"neow_cost":"NONE","seed_source_timestamp":78248526957600,"circlet_count":0,"master_deck":["Strike_B+1","Strike_B+1","Defend_B+1","Defend_B+1","Defend_B+1","Defend_B+1","Zap+1","Machine Learning","Echo Form+1","Glacier","Reinforced Body+1","Conserve Battery","Coolheaded","Conserve Battery","Electrodynamics","Capacitor+1","Undo","Conserve Battery+1","Storm+1","Coolheaded+1","Machine Learning","Rainbow","Conserve Battery+1","Force Field","Loop"],"relics":["FrozenCore","Mummified Hand","MawBank","Ornamental Fan","Orichalcum","Velvet Choker","Matryoshka","Juzu Bracelet","ClockworkSouvenir","Omamori","Bronze Scales","Bottled Tornado","StoneCalendar","War Paint","Mercury Hourglass","Centennial Puzzle","Bag of Preparation"],"potions_floor_usage":[16,16,19,23,23,27,39,48,50],"damage_taken":[{"damage":8,"enemies":"Small Slimes","floor":1,"turns":3},{"damage":7,"enemies":"Jaw Worm","floor":2,"turns":3},{"damage":1,"enemies":"Cultist","floor":5,"turns":3},{"damage":5,"enemies":"Exordium Wildlife","floor":7,"turns":4},{"damage":0,"enemies":"Lagavulin","floor":8,"turns":9},{"damage":0,"enemies":"2 Fungi Beasts","floor":11,"turns":4},{"damage":6,"enemies":"Large Slime","floor":13,"turns":5},{"damage":1,"enemies":"Blue Slaver","floor":14,"turns":4},{"damage":11,"enemies":"The Guardian","floor":16,"turns":14},{"damage":1,"enemies":"Shell Parasite","floor":18,"turns":6},{"damage":5,"enemies":"Spheric Guardian","floor":19,"turns":6},{"damage":7,"enemies":"Shelled Parasite and Fungi","floor":20,"turns":10},{"damage":4,"enemies":"Sentry and Sphere","floor":22,"turns":8},{"damage":25,"enemies":"Gremlin Leader","floor":23,"turns":7},{"damage":12,"enemies":"Snake Plant","floor":27,"turns":4},{"damage":0,"enemies":"Centurion and Healer","floor":31,"turns":4},{"damage":30,"enemies":"Collector","floor":33,"turns":10},{"damage":5,"enemies":"3 Shapes","floor":35,"turns":3},{"damage":0,"enemies":"Orb Walker","floor":38,"turns":5},{"damage":0,"enemies":"3 Darklings","floor":39,"turns":4},{"damage":14,"enemies":"Reptomancer","floor":41,"turns":7},{"damage":1,"enemies":"Sphere and 2 Shapes","floor":44,"turns":5},{"damage":0,"enemies":"Maw","floor":45,"turns":7},{"damage":19,"enemies":"Giant Head","floor":46,"turns":15},{"damage":23,"enemies":"Jaw Worm Horde","floor":47,"turns":3},{"damage":0,"enemies":"Writhing Mass","floor":48,"turns":6},{"damage":38,"enemies":"Awakened One","floor":50,"turns":12}],"seed_played":"-6923687537899993599","potions_obtained":[{"floor":8,"key":"Dexterity Potion"},{"floor":11,"key":"Explosive Potion"},{"floor":13,"key":"FocusPotion"},{"floor":16,"key":"SkillPotion"},{"floor":20,"key":"Swift Potion"},{"floor":22,"key":"Fire Potion"},{"floor":31,"key":"SpeedPotion"},{"floor":39,"key":"LiquidBronze"},{"floor":44,"key":"SkillPotion"},{"floor":46,"key":"Block Potion"}],"is_trial":false,"path_per_floor":["M","M","?","?","M","R","M","E","T","?","M","R","M","M","R","B",null,"M","M","M","?","M","E","$","R","T","M","R","?","?","M","R","B",null,"M","?","?","M","M","R","E","$","T","M","M","E","M","M","R","B"],"character_chosen":"DEFECT","items_purchased":["Storm","ClockworkSouvenir","Omamori","War Paint"],"campfire_rested":3,"item_purchase_floors":[24,24,24,42],"current_hp_per_floor":[67,60,42,27,26,26,21,21,21,21,21,21,15,14,36,25,75,74,69,62,62,58,33,33,33,33,21,21,21,21,21,43,13,75,70,70,70,70,70,70,56,56,56,55,55,36,13,13,35,0],"gold":149,"neow_bonus":"ONE_RANDOM_RARE_CARD","is_prod":false,"is_daily":false,"chose_seed":false,"campfire_upgraded":5,"win_rate":0,"timestamp":1570336390,"path_taken":["M","M","?","?","M","R","M","E","T","?","?","R","M","M","R","BOSS","M","M","M","?","M","E","$","R","T","M","R","?","?","M","R","BOSS","M","?","?","M","M","R","E","$","T","M","M","E","M","M","R","BOSS"],"build_version":"2019-07-17","purchased_purges":2,"victory":false,"max_hp_per_floor":[75,75,75,75,75,75,75,75,75,75,75,75,75,75,75,75,75,75,75,75,75,75,75,75,75,75,75,75,75,75,75,75,75,75,75,75,75,75,75,75,75,75,75,75,75,75,75,75,75,75],"card_choices":[{"not_picked":["Cold Snap","Redo","Blizzard"],"picked":"SKIP","floor":1},{"not_picked":["Chaos","Ball Lightning","Rebound"],"picked":"SKIP","floor":2},{"not_picked":["Blizzard","Coolheaded"],"picked":"Echo Form","floor":5},{"not_picked":["Double Energy","Leap"],"picked":"Glacier","floor":7},{"not_picked":["Tempest","Sweeping Beam"],"picked":"Reinforced Body","floor":8},{"not_picked":["Coolheaded","Rebound"],"picked":"Conserve Battery","floor":11},{"not_picked":["Storm","Beam Cell"],"picked":"Coolheaded","floor":13},{"not_picked":["Beam Cell","Leap"],"picked":"Conserve Battery","floor":14},{"not_picked":["Thunder Strike","All For One"],"picked":"Electrodynamics","floor":16},{"not_picked":["Consume","Sunder"],"picked":"Capacitor","floor":18},{"not_picked":["Redo+1","Conserve Battery"],"picked":"Undo","floor":19},{"not_picked":["Compile Driver","BootSequence","Lockon"],"picked":"SKIP","floor":20},{"not_picked":["Beam Cell","Rebound","Steam"],"picked":"SKIP","floor":22},{"not_picked":["Skim","Chill"],"picked":"Conserve Battery","floor":23},{"not_picked":["Cold Snap","Turbo"],"picked":"Coolheaded","floor":27},{"not_picked":["Recycle","BootSequence"],"picked":"Machine Learning","floor":31},{"not_picked":["Echo Form","Hyperbeam"],"picked":"Rainbow","floor":33},{"not_picked":["Gash+1","Sweeping Beam+1","Melter+1"],"picked":"SKIP","floor":35},{"not_picked":["Steam","Aggregate+1","Compile Driver+1"],"picked":"SKIP","floor":38},{"not_picked":["Go for the Eyes","Beam Cell+1","Sweeping Beam+1"],"picked":"SKIP","floor":39},{"not_picked":["Hologram","Steam+1","Gash"],"picked":"SKIP","floor":41},{"not_picked":["Rebound","Recycle+1","Gash+1"],"picked":"SKIP","floor":44},{"not_picked":["Ball Lightning+1","Barrage"],"picked":"Conserve Battery+1","floor":45},{"not_picked":["Recycle","Conserve Battery"],"picked":"Force Field","floor":46},{"not_picked":["Cold Snap","Self Repair"],"picked":"Loop","floor":47},{"not_picked":["Undo","Thunder Strike","Skim"],"picked":"SKIP","floor":48}],"player_experience":88672,"relics_obtained":[{"floor":8,"key":"MawBank"},{"floor":9,"key":"Ornamental Fan"},{"floor":10,"key":"Orichalcum"},{"floor":23,"key":"Juzu Bracelet"},{"floor":26,"key":"Bronze Scales"},{"floor":26,"key":"Bottled Tornado"},{"floor":41,"key":"StoneCalendar"},{"floor":43,"key":"Mercury Hourglass"},{"floor":43,"key":"Centennial Puzzle"},{"floor":46,"key":"Bag of Preparation"}],"event_choices":[{"damage_healed":0,"gold_gain":0,"player_choice":"Success","damage_taken":18,"relics_obtained":["Mummified Hand"],"max_hp_gain":0,"max_hp_loss":0,"event_name":"Scrap Ooze","floor":3,"gold_loss":0},{"damage_healed":0,"gold_gain":0,"player_choice":"Entered Light","damage_taken":15,"max_hp_gain":0,"max_hp_loss":0,"event_name":"Shining Light","floor":4,"gold_loss":0,"cards_upgraded":["Defend_B","Defend_B"]},{"damage_healed":0,"gold_gain":0,"player_choice":"Relic","damage_taken":0,"max_hp_gain":0,"max_hp_loss":0,"event_name":"Wheel of Change","floor":10,"gold_loss":0},{"damage_healed":0,"gold_gain":0,"player_choice":"Opened","damage_taken":0,"relics_obtained":["Matryoshka"],"max_hp_gain":0,"max_hp_loss":0,"event_name":"The Mausoleum","floor":21,"gold_loss":0,"cards_obtained":["Writhe"]},{"damage_healed":0,"gold_gain":0,"player_choice":"Simplicity","damage_taken":0,"max_hp_gain":0,"max_hp_loss":0,"event_name":"Back to Basics","floor":29,"gold_loss":0,"cards_upgraded":["Strike_B","Strike_B","Strike_B","Strike_B","Defend_B","Defend_B"]},{"cards_removed":["Dualcast"],"damage_healed":0,"gold_gain":0,"player_choice":"Gave Gold","damage_taken":0,"max_hp_gain":0,"max_hp_loss":0,"event_name":"Beggar","floor":30,"gold_loss":75},{"cards_removed":["Strike_B"],"damage_healed":0,"gold_gain":0,"player_choice":"Removed Attack","damage_taken":0,"max_hp_gain":0,"max_hp_loss":0,"event_name":"Falling","floor":36,"gold_loss":0},{"damage_healed":0,"gold_gain":0,"player_choice":"Ignored","damage_taken":0,"max_hp_gain":0,"max_hp_loss":0,"event_name":"Tomb of Lord Red Mask","floor":37,"gold_loss":0}],"is_beta":false,"boss_relics":[{"not_picked":["Sozu","Runic Dome"],"picked":"Velvet Choker"},{"not_picked":["Cursed Key","Black Star"],"picked":"FrozenCore"}],"items_purged_floors":[24,42],"is_endless":false,"potions_floor_spawned":[8,11,13,14,16,20,22,31,39,44,46],"killed_by":"Awakened One","ascension_level":2}