{"gold_per_floor":[110,121,138,152,172,172,201,219,219,250,250,147,147,172,172,172],"floor_reached":16,"playtime":668,"items_purged":["Strike_P"],"score":232,"play_id":"c840bd38-1c64-4864-af14-b8afb44f7ba9","local_time":"20191019232822","is_ascension_mode":true,"campfire_choices":[{"data":"Eruption","floor":6,"key":"SMITH"},{"floor":11,"key":"REST"},{"data":"CrushJoints","floor":13,"key":"SMITH"},{"data":"TalkToTheHand","floor":15,"key":"SMITH"}],"neow_cost":"NONE","seed_source_timestamp":92434105278200,"circlet_count":0,"master_deck":["AscendersBane","Strike_P","Strike_P","Defend_P","Defend_P","Defend_P","Defend_P","Eruption+1","Vigilance","DeusExMachina","FlurryOfBlows","CrushJoints+1","SandsOfTime","JustLucky","WaveOfTheHand","TalkToTheHand+1","ClearTheMind","Indignation","JustLucky"],"relics":["PureWater","Omamori","Boot","Toy Ornithopter","Blood Vial"],"potions_floor_usage":[4,10],"damage_taken":[{"damage":0,"enemies":"Cultist","floor":1,"turns":4},{"damage":0,"enemies":"2 Louse","floor":2,"turns":3},{"damage":2,"enemies":"Jaw Worm","floor":3,"turns":3},{"damage":8,"enemies":"Large Slime","floor":4,"turns":3},{"damage":9,"enemies":"2 Fungi Beasts","floor":5,"turns":3},{"damage":6,"enemies":"Gremlin Nob","floor":7,"turns":3},{"damage":0,"enemies":"Blue Slaver","floor":8,"turns":3},{"damage":33,"enemies":"3 Sentries","floor":10,"turns":8},{"damage":13,"enemies":"Lagavulin","floor":14,"turns":5},{"damage":33,"enemies":"The Guardian","floor":16,"turns":8}],"seed_played":"-1987988225721273034","potions_obtained":[{"floor":1,"key":"FairyPotion"},{"floor":2,"key":"Weak Potion"},{"floor":7,"key":"Weak Potion"}],"is_trial":false,"path_per_floor":["M","M","M","M","M","R","E","M","T","E","R","$","R","E","R","B"],"character_chosen":"WATCHER","items_purchased":["JustLucky"],"campfire_rested":1,"item_purchase_floors":[12],"current_hp_per_floor":[61,61,59,51,42,42,36,36,36,3,23,23,23,10,10,0],"gold":172,"neow_bonus":"TRANSFORM_CARD","is_prod":false,"is_daily":false,"chose_seed":false,"campfire_upgraded":3,"win_rate":0,"timestamp":1571542102,"path_taken":["M","M","M","M","M","R","E","M","T","E","R","$","R","E","R","BOSS"],"build_version":"2019-10-18","purchased_purges":1,"victory":false,"max_hp_per_floor":[68,68,68,68,68,68,68,68,68,68,68,68,68,68,68,68],"card_choices":[{"not_picked":["Scrawl","EmptyBody"],"picked":"FlurryOfBlows","floor":1},{"not_picked":["Scrawl","ThirdEye"],"picked":"CrushJoints","floor":2},{"not_picked":["FlyingSleeves","Weave"],"picked":"SandsOfTime","floor":3},{"not_picked":["Sanctity","EmptyFist"],"picked":"JustLucky","floor":4},{"not_picked":["ForeignInfluence","PathToVictory"],"picked":"WaveOfTheHand","floor":5},{"not_picked":["Crescendo","PathToVictory"],"picked":"TalkToTheHand","floor":7},{"not_picked":["ThirdEye","Crescendo"],"picked":"ClearTheMind","floor":8},{"not_picked":["ClearTheMind","SignatureMove"],"picked":"Indignation","floor":10},{"not_picked":["Vengeance","MasterReality","Study"],"picked":"SKIP","floor":14}],"player_experience":1358390,"relics_obtained":[{"floor":7,"key":"Omamori"},{"floor":9,"key":"Boot"},{"floor":10,"key":"Toy Ornithopter"},{"floor":14,"key":"Blood Vial"}],"event_choices":[],"is_beta":true,"boss_relics":[],"items_purged_floors":[12],"is_endless":false,"potions_floor_spawned":[1,2,7,8],"killed_by":"The Guardian","ascension_level":18}