{"gold_per_floor":[112,287,298,373,90,90,110,110,110,126,139,139,139,156,156,255,255,270,270,16,34,49,77,77,91,91,91,91],"floor_reached":28,"playtime":938,"items_purged":["Doubt","Writhe"],"score":230,"play_id":"923ced9e-e86a-46b0-aa6d-dfa0e2b08ae6","local_time":"20190903232314","is_ascension_mode":false,"campfire_choices":[{"data":"Perfected Strike","floor":6,"key":"SMITH"},{"data":"Demon Form","floor":8,"key":"SMITH"},{"floor":13,"key":"REST"},{"floor":15,"key":"RECALL"},{"floor":24,"key":"REST"}],"neow_cost":"TEN_PERCENT_HP_LOSS","seed_source_timestamp":7736558705900,"circlet_count":0,"master_deck":["Strike_R","Strike_R","Strike_R","Strike_R","Strike_R","Defend_R","Defend_R","Defend_R","Defend_R","Bash","Demon Form+1","Pommel Strike","Sword Boomerang","Perfected Strike+1","Heavy Blade","True Grit","Shrug It Off","Clothesline","Feed","Whirlwind","Pummel","Sentinel","Pommel Strike+1","Demon Form","Decay"],"relics":["Burning Blood","Bag of Marbles","Ornamental Fan","Busted Crown","Ginger","Paper Frog","Question Card"],"potions_floor_usage":[22,22,23],"damage_taken":[{"damage":2,"enemies":"Small Slimes","floor":1,"turns":5},{"damage":6,"enemies":"Jaw Worm","floor":3,"turns":3},{"damage":5,"enemies":"2 Louse","floor":7,"turns":3},{"damage":34,"enemies":"Exordium Thugs","floor":10,"turns":6},{"damage":4,"enemies":"Blue Slaver","floor":11,"turns":4},{"damage":8,"enemies":"Red Slaver","floor":14,"turns":3},{"damage":19,"enemies":"Slime Boss","floor":16,"turns":6},{"damage":10,"enemies":"Shell Parasite","floor":18,"turns":5},{"damage":15,"enemies":"2 Thieves","floor":21,"turns":4},{"damage":5,"enemies":"Snake Plant","floor":22,"turns":2},{"damage":42,"enemies":"Slavers","floor":23,"turns":4},{"damage":8,"enemies":"Centurion and Healer","floor":25,"turns":6},{"damage":56,"enemies":"Gremlin Leader","floor":28,"turns":4}],"seed_played":"-2823783757992821025","potions_obtained":[{"floor":7,"key":"LiquidBronze"},{"floor":10,"key":"Energy Potion"},{"floor":14,"key":"Block Potion"},{"floor":25,"key":"Swift Potion"}],"is_trial":false,"path_per_floor":["M","?","M","?","$","R","M","R","T","M","M","?","R","M","R","B",null,"M","?","$","M","M","E","R","M","T","?","E"],"character_chosen":"IRONCLAD","items_purchased":["Bag of Marbles","Perfected Strike","Whirlwind","Pummel"],"campfire_rested":2,"item_purchase_floors":[5,5,20,20],"current_hp_per_floor":[72,72,72,61,61,61,62,62,62,34,36,36,57,55,55,42,72,68,68,68,62,63,27,49,50,50,50,0],"gold":91,"neow_bonus":"THREE_RARE_CARDS","is_prod":false,"is_daily":false,"chose_seed":false,"campfire_upgraded":2,"win_rate":0,"timestamp":1567567394,"path_taken":["M","?","M","?","$","R","M","R","T","M","M","?","R","M","R","BOSS","M","?","$","M","M","E","R","M","T","?","E"],"build_version":"2019-07-17","purchased_purges":2,"victory":false,"max_hp_per_floor":[72,72,72,72,72,72,72,72,72,72,72,72,72,72,72,72,72,72,72,72,75,75,75,75,78,78,78,78],"card_choices":[{"not_picked":["Brutality","Impervious"],"picked":"Demon Form","floor":0},{"not_picked":["Perfected Strike","Blood for Blood"],"picked":"Pommel Strike","floor":1},{"not_picked":["Havoc","Bloodletting"],"picked":"Sword Boomerang","floor":3},{"not_picked":["Pommel Strike","Sword Boomerang"],"picked":"Heavy Blade","floor":7},{"not_picked":["Warcry","Twin Strike"],"picked":"True Grit","floor":10},{"not_picked":["Clash","Thunderclap"],"picked":"Shrug It Off","floor":11},{"not_picked":["Searing Blow","Fire Breathing"],"picked":"Clothesline","floor":14},{"not_picked":["Barricade","Fiend Fire"],"picked":"Feed","floor":16},{"not_picked":["Power Through"],"picked":"SKIP","floor":18},{"not_picked":[],"picked":"Sentinel","floor":21},{"not_picked":[],"picked":"Pommel Strike+1","floor":22},{"not_picked":[],"picked":"Demon Form","floor":23},{"not_picked":["Evolve+1"],"picked":"SKIP","floor":25}],"player_experience":66414,"relics_obtained":[{"floor":9,"key":"Ornamental Fan"},{"floor":23,"key":"Paper Frog"},{"floor":26,"key":"Question Card"}],"event_choices":[{"damage_healed":0,"gold_gain":175,"player_choice":"AGREE","damage_taken":0,"max_hp_gain":0,"max_hp_loss":0,"event_name":"Liars Game","floor":2,"gold_loss":0,"cards_obtained":["Doubt"]},{"damage_healed":0,"gold_gain":75,"player_choice":"Gather Gold","damage_taken":11,"max_hp_gain":0,"max_hp_loss":0,"event_name":"World of Goop","floor":4,"gold_loss":0},{"damage_healed":0,"gold_gain":0,"player_choice":"Ignored","damage_taken":0,"max_hp_gain":0,"max_hp_loss":0,"event_name":"Shining Light","floor":12,"gold_loss":0},{"damage_healed":0,"gold_gain":0,"player_choice":"Opened","damage_taken":0,"relics_obtained":["Ginger"],"max_hp_gain":0,"max_hp_loss":0,"event_name":"The Mausoleum","floor":19,"gold_loss":0,"cards_obtained":["Writhe"]},{"damage_healed":0,"gold_gain":0,"player_choice":"Smashed Altar","damage_taken":0,"max_hp_gain":0,"max_hp_loss":0,"event_name":"Forgotten Altar","floor":27,"gold_loss":0,"cards_obtained":["Decay"]}],"is_beta":false,"boss_relics":[{"not_picked":["Lizard Tail","Calling Bell"],"picked":"Busted Crown"}],"items_purged_floors":[5,20],"is_endless":false,"potions_floor_spawned":[7,10,14,25],"killed_by":"Gremlin Leader","ascension_level":0}