{"gold_per_floor":[118,118,118,129,129,156,156,168,168,197,209,209,240,250,250,326,326,337,337,355,33,83,83,114,114,114,141,160,33,47,58,58,129,129,143,157,7,55,3,3,33,33,57,68,83,115,115,144,144,144,144],"floor_reached":52,"playtime":2276,"items_purged":["Bite","Bite"],"score":2096,"play_id":"f360c909-b6ac-4c58-bcae-b86be727fa22","local_time":"20191002202323","is_ascension_mode":true,"campfire_choices":[{"data":"Inflame","floor":7.0,"key":"SMITH"},{"data":"Whirlwind","floor":12.0,"key":"SMITH"},{"data":"Cleave","floor":15.0,"key":"SMITH"},{"data":"Limit Break","floor":23.0,"key":"SMITH"},{"data":"Pommel Strike","floor":25.0,"key":"SMITH"},{"data":"Feel No Pain","floor":32.0,"key":"SMITH"},{"data":"True Grit","floor":40.0,"key":"SMITH"},{"data":"Heavy Blade","floor":42.0,"key":"SMITH"},{"data":"Flame Barrier","floor":47,"key":"SMITH"},{"data":"Evolve","floor":49,"key":"SMITH"}],"neow_cost":"NONE","seed_source_timestamp":0,"circlet_count":0,"master_deck":["AscendersBane","Defend_R","Defend_R","Defend_R","Defend_R","Bash+1","Shrug It Off+1","Inflame+1","Whirlwind+1","Cleave+1","Impervious","Limit Break+1","Bite","Bite","Bite","Disarm+1","Shrug It Off","Pommel Strike+1","Flex+1","Flame Barrier+1","Feel No Pain+1","Headbutt","Impervious","Heavy Blade+1","Shrug It Off","True Grit+1","Pommel Strike+1","Seeing Red","Evolve+1"],"special_seed":0,"relics":["Burning Blood","NeowsBlessing","Darkstone Periapt","Bag of Marbles","Incense Burner","Centennial Puzzle","Pantograph","Coffee Dripper","Medical Kit","Akabeko","Letter Opener","HornCleat","Philosopher\u0027s Stone","Ice Cream","White Beast Statue","Anchor","PreservedInsect","Nunchaku","Singing Bowl"],"potions_floor_usage":[48,48,50],"damage_taken":[{"damage":0.0,"enemies":"2 Louse","floor":1.0,"turns":1.0},{"damage":0.0,"enemies":"Small Slimes","floor":4.0,"turns":1.0},{"damage":0.0,"enemies":"Lagavulin","floor":6.0,"turns":2.0},{"damage":12.0,"enemies":"Jaw Worm","floor":8.0,"turns":3.0},{"damage":20.0,"enemies":"3 Sentries","floor":10.0,"turns":9.0},{"damage":0.0,"enemies":"3 Louse","floor":11.0,"turns":1.0},{"damage":1.0,"enemies":"Gremlin Nob","floor":13.0,"turns":3.0},{"damage":0.0,"enemies":"Exordium Thugs","floor":14.0,"turns":3.0},{"damage":43.0,"enemies":"The Guardian","floor":16.0,"turns":15.0},{"damage":6.0,"enemies":"2 Thieves","floor":18.0,"turns":2.0},{"damage":0.0,"enemies":"Chosen","floor":20.0,"turns":3.0},{"damage":0.0,"enemies":"Gremlin Leader","floor":24.0,"turns":5.0},{"damage":14.0,"enemies":"Book of Stabbing","floor":27.0,"turns":5.0},{"damage":6.0,"enemies":"Centurion and Healer","floor":28.0,"turns":3.0},{"damage":17.0,"enemies":"Sentry and Sphere","floor":30.0,"turns":6.0},{"damage":0.0,"enemies":"Shelled Parasite and Fungi","floor":31.0,"turns":3.0},{"damage":44.0,"enemies":"Champ","floor":33.0,"turns":12.0},{"damage":5.0,"enemies":"3 Shapes","floor":35.0,"turns":3.0},{"damage":0.0,"enemies":"Orb Walker","floor":36.0,"turns":3.0},{"damage":3.0,"enemies":"2 Orb Walkers","floor":38.0,"turns":3.0},{"damage":25.0,"enemies":"Nemesis","floor":41.0,"turns":7.0},{"damage":0.0,"enemies":"Maw","floor":44.0,"turns":6.0},{"damage":4.0,"enemies":"3 Darklings","floor":45.0,"turns":4.0},{"damage":29,"enemies":"Giant Head","floor":46,"turns":5},{"damage":8,"enemies":"Reptomancer","floor":48,"turns":5},{"damage":39,"enemies":"Time Eater","floor":50,"turns":8},{"damage":55,"enemies":"Awakened One","floor":51,"turns":9}],"seed_played":"-616383976129353239","potions_obtained":[{"floor":6.0,"key":"Fire Potion"},{"floor":8.0,"key":"Block Potion"},{"floor":11.0,"key":"ElixirPotion"},{"floor":14.0,"key":"SteroidPotion"},{"floor":16.0,"key":"Regen Potion"},{"floor":27.0,"key":"Ancient Potion"},{"floor":30.0,"key":"BloodPotion"},{"floor":48,"key":"SteroidPotion"}],"is_trial":false,"path_per_floor":["M","?","?","M","?","E","R","M","T","E","M","R","E","M","R","B",null,"M","?","M","$","?","R","E","R","T","E","M","$","M","M","R","B",null,"M","M","$","?","?","R","E","R","T","M","M","E","R","E","R","B","B",null],"character_chosen":"IRONCLAD","items_purchased":["Medical Kit","Shrug It Off","Pommel Strike","Flame Barrier","Feel No Pain","True Grit"],"campfire_rested":0,"item_purchase_floors":[21,21,21,29,29,37],"current_hp_per_floor":[74,56,49,55,32,38,38,32,32,18,24,24,29,35,35,23,62,62,52,52,52,47,47,52,52,52,48,52,52,49,52,52,32,47,52,52,52,52,52,52,37,37,37,51,52,29,29,54,54,23,13],"gold":144,"neow_bonus":"THREE_ENEMY_KILL","is_prod":false,"is_daily":false,"chose_seed":false,"campfire_upgraded":10,"win_rate":0,"timestamp":1570062203,"path_taken":["M","?","?","M","?","E","R","M","T","E","M","R","E","M","R","BOSS","M","?","M","$","?","R","E","R","T","E","M","$","M","M","R","BOSS","M","M","$","?","?","R","E","R","T","M","?","E","R","E","R","BOSS","BOSS"],"build_version":"2019-10-02","purchased_purges":2,"victory":true,"max_hp_per_floor":[75,75,75,75,75,75,75,75,75,75,75,75,75,75,75,75,75,75,52,52,52,52,52,52,52,52,52,52,52,52,52,52,52,52,52,52,52,52,52,52,52,52,52,52,52,52,52,54,54,54,54],"card_choices":[{"not_picked":["Sword Boomerang","Headbutt"],"picked":"Shrug It Off","floor":1.0},{"not_picked":["Armaments","Iron Wave"],"picked":"Inflame","floor":4.0},{"not_picked":["Seeing Red","Ghostly Armor","Burning Pact"],"picked":"SKIP","floor":6.0},{"not_picked":["Shrug It Off","Cleave"],"picked":"Whirlwind","floor":8.0},{"not_picked":["Bloodletting","Havoc"],"picked":"Cleave","floor":10.0},{"not_picked":["Power Through","Sentinel","Whirlwind"],"picked":"SKIP","floor":11.0},{"not_picked":["Perfected Strike","Hemokinesis"],"picked":"Impervious","floor":13.0},{"not_picked":["Dropkick","Corruption","Sentinel"],"picked":"SKIP","floor":14.0},{"not_picked":["Dark Embrace","Demon Form"],"picked":"Limit Break","floor":16.0},{"not_picked":["Dropkick","Cleave","Wild Strike"],"picked":"SKIP","floor":18.0},{"not_picked":["Sword Boomerang","Twin Strike"],"picked":"Disarm+1","floor":20.0},{"not_picked":["Corruption","Exhume"],"picked":"Flex+1","floor":24.0},{"not_picked":["Inflame","Wild Strike","Second Wind"],"picked":"SKIP","floor":27.0},{"not_picked":["Evolve","Bloodletting","Perfected Strike"],"picked":"SKIP","floor":28.0},{"not_picked":["Twin Strike","Iron Wave","Body Slam"],"picked":"SKIP","floor":30.0},{"not_picked":["Corruption","Cleave"],"picked":"Headbutt","floor":31.0},{"not_picked":["Berserk","Bludgeon"],"picked":"Impervious","floor":33.0},{"not_picked":["Shrug It Off","Blood for Blood"],"picked":"Heavy Blade","floor":35.0},{"not_picked":["Flex","Pommel Strike"],"picked":"Shrug It Off","floor":36.0},{"not_picked":["Rage","Sentinel+1"],"picked":"Pommel Strike+1","floor":38.0},{"not_picked":["Spot Weakness","Anger","Entrench"],"picked":"SKIP","floor":41.0},{"not_picked":["Shrug It Off","Clash","Twin Strike"],"picked":"SKIP","floor":44.0},{"not_picked":["Spot Weakness","Hemokinesis"],"picked":"Seeing Red","floor":45.0},{"not_picked":["Iron Wave","Fiend Fire"],"picked":"Evolve","floor":46},{"not_picked":["Cleave","Ghostly Armor","Wild Strike"],"picked":"Singing Bowl","floor":48}],"player_experience":1204494,"relics_obtained":[{"floor":6.0,"key":"Bag of Marbles"},{"floor":9.0,"key":"Incense Burner"},{"floor":10.0,"key":"Centennial Puzzle"},{"floor":13.0,"key":"Pantograph"},{"floor":24.0,"key":"Akabeko"},{"floor":26.0,"key":"Letter Opener"},{"floor":27.0,"key":"HornCleat"},{"floor":38.0,"key":"Ice Cream"},{"floor":41.0,"key":"Anchor"},{"floor":43.0,"key":"PreservedInsect"},{"floor":46,"key":"Nunchaku"},{"floor":48,"key":"Singing Bowl"}],"event_choices":[{"damage_healed":0.0,"max_hp_gain":0.0,"max_hp_loss":0.0,"gold_gain":0.0,"event_name":"Scrap Ooze","player_choice":"Success","floor":2.0,"gold_loss":0.0,"damage_taken":18.0,"relics_obtained":["Darkstone Periapt"]},{"cards_removed":["Strike_R"],"damage_healed":0.0,"max_hp_gain":0.0,"max_hp_loss":0.0,"gold_gain":0.0,"event_name":"Golden Wing","player_choice":"Card Removal","floor":3.0,"gold_loss":0.0,"damage_taken":7.0},{"damage_healed":0.0,"max_hp_gain":0.0,"max_hp_loss":0.0,"gold_gain":0.0,"event_name":"Shining Light","player_choice":"Entered Light","floor":5.0,"gold_loss":0.0,"damage_taken":23.0,"cards_upgraded":["Bash","Shrug It Off"]},{"damage_healed":0.0,"max_hp_gain":0.0,"max_hp_loss":23.0,"gold_gain":0.0,"event_name":"Vampires","player_choice":"Became a vampire","floor":19.0,"gold_loss":0.0,"damage_taken":0.0,"cards_obtained":["Bite","Bite","Bite","Bite","Bite"]},{"damage_healed":0.0,"max_hp_gain":0.0,"max_hp_loss":0.0,"gold_gain":50.0,"event_name":"FaceTrader","player_choice":"Touch","floor":22.0,"gold_loss":0.0,"damage_taken":5.0},{"damage_healed":0.0,"max_hp_gain":0.0,"max_hp_loss":0.0,"gold_gain":0.0,"event_name":"Mysterious Sphere","player_choice":"Fight","floor":38.0,"gold_loss":0.0,"damage_taken":0.0},{"damage_healed":0.0,"max_hp_gain":0.0,"max_hp_loss":0.0,"gold_gain":0.0,"event_name":"WeMeetAgain","player_choice":"Paid Gold","floor":39.0,"gold_loss":52.0,"damage_taken":0.0,"relics_obtained":["White Beast Statue"]}],"is_beta":true,"boss_relics":[{"not_picked":["Astrolabe","SlaversCollar"],"picked":"Coffee Dripper"},{"not_picked":["Calling Bell","Runic Pyramid"],"picked":"Philosopher\u0027s Stone"}],"items_purged_floors":[21,37],"is_endless":false,"potions_floor_spawned":[6,8,11,14,16,27,28,30,31,36,38,41,44,45,46,48],"ascension_level":20}