{"gold_per_floor":[116,136,16,16,16,16,32,65,65,65,65,84,116,130,130,209,209,223,6,6,25,25,25],"floor_reached":23,"playtime":918,"items_purged":["Defend_B"],"score":436,"play_id":"b3e5dc72-30ed-4768-b47c-80fb2d9718d0","local_time":"20190814210306","is_ascension_mode":true,"campfire_choices":[{"floor":6,"key":"REST"},{"floor":11,"key":"REST"},{"floor":15,"key":"REST"}],"neow_cost":"PERCENT_DAMAGE","seed_source_timestamp":213943123315900,"circlet_count":0,"master_deck":["AscendersBane","Strike_B","Strike_B","Defend_B+1","Defend_B","Defend_B+1","Zap+1","Dualcast+1","Glacier","Recycle","Consume","Ball Lightning","Leap+1","Defragment","Rebound","Barrage","Defragment","Core Surge","Defragment","Genetic Algorithm","Hologram"],"relics":["Cracked Core","FossilizedHelix","Calipers","War Paint","Philosopher\u0027s Stone","Membership Card"],"potions_floor_usage":[13,16,21,23],"damage_taken":[{"damage":0,"enemies":"Cultist","floor":1,"turns":5},{"damage":2,"enemies":"Jaw Worm","floor":2,"turns":6},{"damage":0,"enemies":"2 Louse","floor":7,"turns":3},{"damage":38,"enemies":"Gremlin Nob","floor":8,"turns":4},{"damage":0,"enemies":"2 Fungi Beasts","floor":12,"turns":2},{"damage":7,"enemies":"Lagavulin","floor":13,"turns":6},{"damage":16,"enemies":"Lots of Slimes","floor":14,"turns":4},{"damage":0,"enemies":"The Guardian","floor":16,"turns":10},{"damage":0,"enemies":"Spheric Guardian","floor":18,"turns":4},{"damage":35,"enemies":"3 Byrds","floor":21,"turns":4},{"damage":48,"enemies":"Gremlin Leader","floor":23,"turns":5}],"seed_played":"3337113606329521021","potions_obtained":[{"floor":1,"key":"FearPotion"},{"floor":8,"key":"SpeedPotion"},{"floor":14,"key":"FocusPotion"},{"floor":16,"key":"Explosive Potion"},{"floor":20,"key":"Regen Potion"}],"is_trial":false,"path_per_floor":["M","M","$","?","?","R","M","E","T","$","R","M","E","M","R","B",null,"M","$","?","M","?","E"],"character_chosen":"DEFECT","items_purchased":["Leap","Membership Card","Genetic Algorithm"],"campfire_rested":3,"item_purchase_floors":[3,19,19],"current_hp_per_floor":[46,44,44,23,23,44,44,6,6,6,27,27,20,4,25,25,60,60,60,60,25,25,0],"gold":25,"neow_bonus":"TRANSFORM_TWO_CARDS","is_prod":false,"is_daily":false,"chose_seed":false,"campfire_upgraded":0,"win_rate":0,"timestamp":1565830986,"path_taken":["M","M","$","?","?","R","M","E","T","$","R","M","E","M","R","BOSS","M","$","?","?","?","E"],"build_version":"2019-07-17","purchased_purges":1,"victory":false,"max_hp_per_floor":[71,71,71,71,71,71,71,71,71,71,71,71,71,71,71,71,71,71,71,71,71,71,71],"card_choices":[{"not_picked":["Streamline","Beam Cell"],"picked":"Consume","floor":1},{"not_picked":["Turbo","Sweeping Beam"],"picked":"Ball Lightning","floor":2},{"not_picked":["Compile Driver","Reinforced Body"],"picked":"Defragment","floor":7},{"not_picked":["Lockon","Rainbow"],"picked":"Rebound","floor":8},{"not_picked":["Steam","Undo"],"picked":"Barrage","floor":12},{"not_picked":["Conserve Battery","Double Energy"],"picked":"Defragment","floor":13},{"not_picked":["Rebound","Coolheaded","Meteor Strike"],"picked":"SKIP","floor":14},{"not_picked":["Machine Learning","Amplify"],"picked":"Core Surge","floor":16},{"not_picked":["Glacier","Hologram"],"picked":"Defragment","floor":18},{"not_picked":["FTL","Barrage"],"picked":"Hologram","floor":21}],"player_experience":750764,"relics_obtained":[{"floor":8,"key":"FossilizedHelix"},{"floor":9,"key":"Calipers"},{"floor":13,"key":"War Paint"}],"event_choices":[{"damage_healed":0,"gold_gain":0,"player_choice":"Entered Light","damage_taken":21,"max_hp_gain":0,"max_hp_loss":0,"event_name":"Shining Light","floor":4,"gold_loss":0,"cards_upgraded":["Defend_B","Dualcast"]},{"damage_healed":0,"gold_gain":0,"player_choice":"Grow","damage_taken":0,"max_hp_gain":0,"max_hp_loss":0,"event_name":"Living Wall","floor":5,"gold_loss":0,"cards_upgraded":["Zap"]},{"damage_healed":0,"gold_gain":0,"player_choice":"Got Potions","damage_taken":0,"max_hp_gain":0,"max_hp_loss":0,"event_name":"Lab","floor":20,"gold_loss":0},{"damage_healed":0,"gold_gain":0,"player_choice":"Ignored","damage_taken":0,"max_hp_gain":0,"max_hp_loss":0,"event_name":"The Mausoleum","floor":22,"gold_loss":0}],"is_beta":false,"boss_relics":[{"not_picked":["Coffee Dripper","Snecko Eye"],"picked":"Philosopher\u0027s Stone"}],"items_purged_floors":[3],"is_endless":false,"potions_floor_spawned":[1,8,14,16],"killed_by":"Gremlin Leader","ascension_level":15}