{"gold_per_floor":[113,288,90,90,45,75,95,95,148,148,164,164,114,147,147,251,251,262,282,25,25,25,25,45,45,71,91,91],"floor_reached":28,"playtime":933,"items_purged":["Doubt"],"score":358,"play_id":"e460c559-42b3-4a69-bae3-4fe9974d0f27","local_time":"20190729001045","is_ascension_mode":true,"campfire_choices":[{"data":"Defragment","floor":8,"key":"SMITH"},{"data":"Dualcast","floor":10,"key":"SMITH"},{"floor":12,"key":"REST"},{"floor":15,"key":"DIG"},{"floor":23,"key":"DIG"},{"floor":25,"key":"DIG"}],"neow_cost":"NONE","seed_source_timestamp":638906598246100,"circlet_count":0,"master_deck":["AscendersBane","Strike_B+1","Defend_B","Defend_B","Defend_B","Zap+1","Dualcast+1","Leap","Doom and Gloom+1","Leap","Defragment+1","FTL","Core Surge","Melter+1","Electrodynamics+1","Conserve Battery+1","Coolheaded","Redo","Bandage Up","BootSequence","Buffer","Go for the Eyes","Steam","Glacier"],"relics":["Cracked Core","Kunai","Happy Flower","Shovel","Omamori","Astrolabe","The Courier","Dream Catcher","Strawberry"],"potions_floor_usage":[16,16,28],"damage_taken":[{"damage":3,"enemies":"Small Slimes","floor":1,"turns":4},{"damage":24,"enemies":"Gremlin Nob","floor":6,"turns":4},{"damage":0,"enemies":"2 Louse","floor":7,"turns":1},{"damage":3,"enemies":"Jaw Worm","floor":11,"turns":3},{"damage":21,"enemies":"Lagavulin","floor":14,"turns":5},{"damage":6,"enemies":"Slime Boss","floor":16,"turns":9},{"damage":7,"enemies":"Shell Parasite","floor":18,"turns":4},{"damage":12,"enemies":"3 Byrds","floor":19,"turns":3},{"damage":0,"enemies":"3 Cultists","floor":24,"turns":2},{"damage":24,"enemies":"Snake Plant","floor":27,"turns":3},{"damage":38,"enemies":"Gremlin Leader","floor":28,"turns":4}],"seed_played":"4229750632556854811","potions_obtained":[{"floor":1,"key":"AttackPotion"},{"floor":11,"key":"Dexterity Potion"},{"floor":27,"key":"LiquidBronze"}],"is_trial":false,"path_per_floor":["M","?","$","?","?","E","M","R","T","R","M","R","?","E","R","B",null,"M","M","$","?","?","R","M","R","T","M","E"],"character_chosen":"DEFECT","items_purchased":["Doom and Gloom","Leap","Bandage Up","BootSequence","Buffer"],"campfire_rested":1,"item_purchase_floors":[3,3,20,20,20],"current_hp_per_floor":[65,65,65,50,50,26,26,26,26,26,23,45,45,24,24,18,61,54,42,42,42,42,42,42,42,49,25,0],"gold":91,"neow_bonus":"UPGRADE_CARD","is_prod":false,"is_daily":false,"chose_seed":false,"campfire_upgraded":2,"win_rate":0,"timestamp":1564373445,"path_taken":["M","?","$","?","?","E","M","R","T","R","?","R","?","E","R","BOSS","M","M","$","?","?","R","M","R","T","?","E"],"build_version":"2019-07-17","purchased_purges":1,"victory":false,"max_hp_per_floor":[75,75,75,75,75,75,75,75,75,75,75,75,75,75,75,75,75,75,75,75,75,75,75,75,75,82,82,82],"card_choices":[{"not_picked":["Recycle","Storm"],"picked":"Leap","floor":1},{"not_picked":["Beam Cell","Scrape","Static Discharge"],"picked":"SKIP","floor":6},{"not_picked":["Steam","Turbo"],"picked":"Defragment","floor":7},{"not_picked":["Reinforced Body","Turbo","Beam Cell"],"picked":"SKIP","floor":11},{"not_picked":["Lockon","Doom and Gloom"],"picked":"FTL","floor":14},{"not_picked":["Creative AI","Rainbow"],"picked":"Core Surge","floor":16},{"not_picked":["Stack","Double Energy"],"picked":"Coolheaded","floor":18},{"not_picked":["Stack","Beam Cell+1"],"picked":"Redo","floor":19},{"not_picked":["Stack","Recycle"],"picked":"Steam","floor":24},{"not_picked":["Darkness","Go for the Eyes"],"picked":"Glacier","floor":27}],"player_experience":576536,"relics_obtained":[{"floor":6,"key":"Kunai"},{"floor":9,"key":"Happy Flower"},{"floor":14,"key":"Shovel"},{"floor":15,"key":"Omamori"},{"floor":23,"key":"The Courier"},{"floor":25,"key":"Dream Catcher"},{"floor":26,"key":"Strawberry"}],"event_choices":[{"damage_healed":0,"gold_gain":175,"player_choice":"AGREE","damage_taken":0,"max_hp_gain":0,"max_hp_loss":0,"event_name":"Liars Game","floor":2,"gold_loss":0,"cards_obtained":["Doubt"]},{"damage_healed":0,"gold_gain":0,"player_choice":"Entered Light","damage_taken":15,"max_hp_gain":0,"max_hp_loss":0,"event_name":"Shining Light","floor":4,"gold_loss":0,"cards_upgraded":["Strike_B","Doom and Gloom"]},{"damage_healed":0,"gold_gain":0,"player_choice":"Left Gold","damage_taken":0,"max_hp_gain":0,"max_hp_loss":0,"event_name":"World of Goop","floor":5,"gold_loss":45},{"cards_removed":["Strike_B"],"damage_healed":0,"gold_gain":0,"player_choice":"Card Removal","damage_taken":0,"max_hp_gain":0,"max_hp_loss":0,"event_name":"The Cleric","floor":13,"gold_loss":50},{"damage_healed":0,"gold_gain":0,"player_choice":"Read","damage_taken":0,"max_hp_gain":0,"max_hp_loss":0,"event_name":"The Library","floor":21,"gold_loss":0,"cards_obtained":["Go for the Eyes"]},{"damage_healed":0,"gold_gain":0,"player_choice":"Ignored","damage_taken":0,"max_hp_gain":0,"max_hp_loss":0,"event_name":"Cursed Tome","floor":22,"gold_loss":0}],"is_beta":false,"boss_relics":[{"not_picked":["Tiny House","Snecko Eye"],"picked":"Astrolabe"}],"items_purged_floors":[3],"is_endless":false,"potions_floor_spawned":[1,11,14,27],"killed_by":"Gremlin Leader","ascension_level":12}