{"gold_per_floor":[118,10,25,25,25,51,51,80,153,183,23,23,53,66,66,141,141,113,131,149,149,6,6,33,33,33,66,76,76,103,103,103,103],"floor_reached":33,"playtime":1582,"items_purged":["Strike_R","Strike_R"],"score":693,"play_id":"5c0becac-baf5-4994-a4b4-63f2c1b45fac","local_time":"20191019215324","is_ascension_mode":true,"campfire_choices":[{"data":"Bash","floor":7.0,"key":"SMITH"},{"data":"Disarm","floor":15.0,"key":"SMITH"},{"data":"Feed","floor":23.0,"key":"SMITH"},{"floor":25.0,"key":"REST"},{"data":"Seeing Red","floor":29.0,"key":"SMITH"},{"data":"Inflame","floor":32,"key":"SMITH"}],"neow_cost":"NONE","seed_source_timestamp":0,"circlet_count":0,"master_deck":["AscendersBane","Strike_R","Strike_R","Strike_R","Defend_R","Defend_R","Defend_R","Defend_R","Bash+1","Shrug It Off","Clothesline","Rampage","Pommel Strike","Feed+1","Inflame+1","True Grit+1","Disarm+1","Reaper","Feel No Pain","Flame Barrier","True Grit+1","Feel No Pain","Seeing Red+1"],"special_seed":0,"relics":["Burning Blood","NeowsBlessing","Self Forming Clay","Meat on the Bone","Gambling Chip","Potion Belt","Mercury Hourglass","MawBank","Orichalcum","Runic Pyramid","Du-Vu Doll","Torii","HornCleat","Blood Vial"],"potions_floor_usage":[],"damage_taken":[{"damage":0.0,"enemies":"Jaw Worm","floor":1.0,"turns":1.0},{"damage":0.0,"enemies":"Cultist","floor":3.0,"turns":1.0},{"damage":0.0,"enemies":"Lagavulin","floor":6.0,"turns":1.0},{"damage":51.0,"enemies":"3 Sentries","floor":8.0,"turns":14.0},{"damage":33.0,"enemies":"Lagavulin","floor":10.0,"turns":6.0},{"damage":6.0,"enemies":"Gremlin Nob","floor":13.0,"turns":3.0},{"damage":7.0,"enemies":"Small Slimes","floor":14.0,"turns":4.0},{"damage":27.0,"enemies":"Hexaghost","floor":16.0,"turns":12.0},{"damage":19.0,"enemies":"2 Thieves","floor":18.0,"turns":4.0},{"damage":33.0,"enemies":"Spheric Guardian","floor":19.0,"turns":6.0},{"damage":12.0,"enemies":"Snecko","floor":20.0,"turns":9.0},{"damage":41.0,"enemies":"Book of Stabbing","floor":24.0,"turns":9.0},{"damage":76.0,"enemies":"Gremlin Leader","floor":27.0,"turns":9.0},{"damage":12.0,"enemies":"Centurion and Healer","floor":28.0,"turns":10.0},{"damage":91,"enemies":"Automaton","floor":33,"turns":12}],"seed_played":"8006376753104458798","potions_obtained":[{"floor":1.0,"key":"Fruit Juice"},{"floor":8.0,"key":"BloodPotion"},{"floor":13.0,"key":"SpeedPotion"},{"floor":20.0,"key":"FearPotion"},{"floor":24.0,"key":"SpeedPotion"},{"floor":28.0,"key":"ElixirPotion"}],"is_trial":false,"path_per_floor":["M","?","M","$","T","E","R","E","T","E","$","?","E","M","R","B",null,"M","M","M","?","$","R","E","R","T","E","M","R","T","$","R","B"],"character_chosen":"IRONCLAD","items_purchased":["Inflame","True Grit","Feel No Pain"],"campfire_rested":1,"item_purchase_floors":[11,11,22],"current_hp_per_floor":[79,79,80,80,80,80,80,47,47,32,32,32,51,50,50,41,73,60,48,61,61,61,61,44,70,70,30,50,50,50,50,50,0],"gold":103,"neow_bonus":"THREE_ENEMY_KILL","is_prod":false,"is_daily":false,"chose_seed":false,"campfire_upgraded":5,"win_rate":0,"timestamp":1571536404,"path_taken":["M","?","M","?","?","E","R","E","T","E","$","?","E","?","R","BOSS","M","?","M","?","?","R","E","R","T","E","M","R","?","$","R","BOSS"],"build_version":"2019-10-18","purchased_purges":2,"victory":false,"max_hp_per_floor":[80,80,80,80,80,80,80,80,80,80,80,80,83,83,83,83,83,83,86,89,89,89,89,89,89,89,93,97,97,97,97,97,97],"card_choices":[{"not_picked":["Hemokinesis","Havoc"],"picked":"Shrug It Off","floor":1.0},{"not_picked":["Shrug It Off","Infernal Blade"],"picked":"Clothesline","floor":3.0},{"not_picked":["Warcry","Perfected Strike"],"picked":"Rampage","floor":6.0},{"not_picked":["Headbutt","True Grit"],"picked":"Pommel Strike","floor":8.0},{"not_picked":["Burning Pact","Inflame"],"picked":"Feed","floor":10.0},{"not_picked":["Armaments","Heavy Blade","Twin Strike"],"picked":"SKIP","floor":13.0},{"not_picked":["Sword Boomerang","Wild Strike"],"picked":"Disarm","floor":14.0},{"not_picked":["Double Tap","Exhume"],"picked":"Reaper","floor":16.0},{"not_picked":["Anger","True Grit"],"picked":"Feel No Pain","floor":18.0},{"not_picked":["Body Slam","Heavy Blade"],"picked":"Flame Barrier","floor":19.0},{"not_picked":["Pommel Strike","Warcry","Twin Strike"],"picked":"SKIP","floor":20.0},{"not_picked":["Headbutt","True Grit","Body Slam"],"picked":"SKIP","floor":24.0},{"not_picked":["Sentinel","Entrench"],"picked":"Seeing Red","floor":27.0},{"not_picked":["Sever Soul","Anger","Flex"],"picked":"SKIP","floor":28.0}],"player_experience":1355484,"relics_obtained":[{"floor":5.0,"key":"Meat on the Bone"},{"floor":6.0,"key":"Gambling Chip"},{"floor":8.0,"key":"Potion Belt"},{"floor":9.0,"key":"Mercury Hourglass"},{"floor":10.0,"key":"MawBank"},{"floor":13.0,"key":"Orichalcum"},{"floor":24.0,"key":"Du-Vu Doll"},{"floor":26.0,"key":"Torii"},{"floor":27.0,"key":"HornCleat"},{"floor":30.0,"key":"Blood Vial"}],"event_choices":[{"damage_healed":0.0,"max_hp_gain":0.0,"max_hp_loss":0.0,"gold_gain":0.0,"event_name":"WeMeetAgain","player_choice":"Paid Gold","floor":2.0,"gold_loss":108.0,"damage_taken":0.0,"relics_obtained":["Self Forming Clay"]},{"damage_healed":0.0,"max_hp_gain":0.0,"max_hp_loss":0.0,"gold_gain":0.0,"event_name":"Upgrade Shrine","player_choice":"Upgraded","floor":12.0,"gold_loss":0.0,"damage_taken":0.0,"cards_upgraded":["True Grit"]},{"damage_healed":0.0,"max_hp_gain":0.0,"max_hp_loss":0.0,"gold_gain":0.0,"event_name":"Duplicator","player_choice":"Copied","floor":21.0,"gold_loss":0.0,"damage_taken":0.0,"cards_obtained":["True Grit"]}],"is_beta":true,"boss_relics":[{"not_picked":["Snecko Eye","Pandora\u0027s Box"],"picked":"Runic Pyramid"}],"items_purged_floors":[11,22],"is_endless":false,"potions_floor_spawned":[1,8,13,20,24,28],"killed_by":"Automaton","ascension_level":20}