{"gold_per_floor":[113,14,27,47,62,62,87,87,111,11,11,11,36,66,66,170,170,189,41,41,53,53,80,92,92,171,199,199,231,242,242,242,342,342,361,361,372,116,116,116,151,151,151,166,0,0,34,54,54,54],"floor_reached":50,"playtime":2750,"items_purged":["Defend_P","Strike_P"],"score":1054,"play_id":"db667a34-bb67-4ccc-bb62-0c8195b034e5","local_time":"20191010111952","is_ascension_mode":true,"campfire_choices":[{"data":"Eruption","floor":6.0,"key":"SMITH"},{"data":"WheelKick","floor":8.0,"key":"SMITH"},{"data":"TalkToTheHand","floor":11.0,"key":"SMITH"},{"data":"SashWhip","floor":15.0,"key":"SMITH"},{"data":"Wallop","floor":25.0,"key":"SMITH"},{"data":"Wireheading","floor":32.0,"key":"SMITH"},{"data":"Ragnarok","floor":40,"key":"SMITH"},{"data":"Ghostly","floor":42,"key":"SMITH"},{"data":"Ghostly","floor":46,"key":"SMITH"},{"data":"Ghostly","floor":49,"key":"SMITH"}],"neow_cost":"NONE","seed_source_timestamp":0,"circlet_count":0,"master_deck":["AscendersBane","Strike_P+1","Strike_P+1","Defend_P+1","Defend_P+1","Defend_P+1","Eruption+1","Vigilance","ThirdEye","JustLucky","Vengeance","BowlingBash","WheelKick+1","TalkToTheHand+1","SashWhip+1","Brilliance","Consecrate","InnerPeace","Wireheading+1","Protect","Ghostly+1","Ghostly+1","Ghostly+1","Ghostly","Ghostly","Wallop+1","FlurryOfBlows+1","Study","ReachHeaven+1","Ragnarok+1","Crescendo+1","FearNoEvil+1","Nirvana+1","Adaptation+1"],"special_seed":0,"relics":["Coffee Dripper","Strawberry","Juzu Bracelet","Boot","Regal Pillow","InkBottle","VioletLotus","Dream Catcher","Shuriken","Potion Belt","MutagenicStrength","Question Card","Letter Opener","Runic Pyramid","Meat on the Bone","Ancient Tea Set","Pear","Red Mask","Bronze Scales"],"potions_floor_usage":[50],"damage_taken":[{"damage":0.0,"enemies":"Cultist","floor":1.0,"turns":3.0},{"damage":0.0,"enemies":"Jaw Worm","floor":3.0,"turns":5.0},{"damage":0.0,"enemies":"Small Slimes","floor":4.0,"turns":3.0},{"damage":5.0,"enemies":"Exordium Thugs","floor":5.0,"turns":3.0},{"damage":0.0,"enemies":"Gremlin Nob","floor":7.0,"turns":2.0},{"damage":22.0,"enemies":"Lagavulin","floor":14.0,"turns":4.0},{"damage":6.0,"enemies":"The Guardian","floor":16.0,"turns":11.0},{"damage":0.0,"enemies":"3 Byrds","floor":18.0,"turns":4.0},{"damage":36.0,"enemies":"Chosen","floor":21.0,"turns":5.0},{"damage":3.0,"enemies":"Slavers","floor":23.0,"turns":7.0},{"damage":0.0,"enemies":"Centurion and Healer","floor":24.0,"turns":6.0},{"damage":0.0,"enemies":"Book of Stabbing","floor":27.0,"turns":5.0},{"damage":0.0,"enemies":"Slavers","floor":29.0,"turns":6.0},{"damage":0.0,"enemies":"Snake Plant","floor":30.0,"turns":5.0},{"damage":2.0,"enemies":"Collector","floor":33.0,"turns":7.0},{"damage":1,"enemies":"Orb Walker","floor":35,"turns":5},{"damage":3,"enemies":"3 Darklings","floor":37,"turns":5},{"damage":0,"enemies":"Giant Head","floor":41,"turns":7},{"damage":1,"enemies":"Jaw Worm Horde","floor":44,"turns":4},{"damage":3,"enemies":"Nemesis","floor":47,"turns":7},{"damage":0,"enemies":"Maw","floor":48,"turns":5},{"damage":60,"enemies":"Time Eater","floor":50,"turns":8}],"seed_played":"-7096988565386168006","potions_obtained":[{"floor":1.0,"key":"BottledMiracle"},{"floor":4.0,"key":"Energy Potion"},{"floor":5.0,"key":"Ambrosia"},{"floor":14.0,"key":"SkillPotion"},{"floor":18.0,"key":"SpeedPotion"},{"floor":23.0,"key":"GamblersBrew"},{"floor":24.0,"key":"Strength Potion"},{"floor":33.0,"key":"Dexterity Potion"},{"floor":37,"key":"SkillPotion"},{"floor":41,"key":"Ancient Potion"},{"floor":48,"key":"Ancient Potion"}],"is_trial":false,"path_per_floor":["M","$","M","M","M","R","E","R","T","$","R","?","T","E","R","B",null,"M","$","?","M","?","E","M","R","T","E","?","E","M","?","R","B",null,"M","?","M","$","?","R","E","R","T","M","?","R","E","M","R","B"],"character_chosen":"WATCHER","items_purchased":["JustLucky","InnerPeace","Wireheading","Meat on the Bone"],"campfire_rested":0,"item_purchase_floors":[2,19,19,38],"current_hp_per_floor":[65,65,65,65,60,60,67,67,67,67,67,55,55,33,33,27,66,66,66,66,30,30,27,30,30,30,39,39,39,39,39,39,37,39,38,39,36,36,36,36,36,36,46,45,45,45,46,46,46,0],"gold":54,"neow_bonus":"BOSS_RELIC","is_prod":false,"is_daily":false,"chose_seed":false,"campfire_upgraded":10,"win_rate":0,"timestamp":1570720792,"path_taken":["M","$","M","M","?","R","E","R","T","$","R","?","?","E","R","BOSS","M","$","?","M","?","E","M","R","T","E","?","E","M","?","R","BOSS","M","?","M","$","?","R","E","R","T","M","?","R","E","M","R","BOSS"],"build_version":"2019-10-09","purchased_purges":2,"victory":false,"max_hp_per_floor":[72,72,72,72,72,72,79,79,79,79,79,79,79,79,79,79,79,79,79,79,79,39,39,39,39,39,39,39,39,39,39,39,39,39,39,39,39,39,39,39,39,39,49,49,49,49,49,49,49,49],"card_choices":[{"not_picked":["Collect","Flick"],"picked":"ThirdEye","floor":1.0},{"not_picked":["Prostrate","Collect"],"picked":"Vengeance","floor":3.0},{"not_picked":["Crescendo","PathToVictory"],"picked":"BowlingBash","floor":4.0},{"not_picked":["BowlingBash","Evaluate"],"picked":"WheelKick","floor":5.0},{"not_picked":["WheelKick","WaveOfTheHand"],"picked":"TalkToTheHand","floor":7.0},{"not_picked":["Protect","DevaForm"],"picked":"SashWhip","floor":14.0},{"not_picked":["Establishment","MasterReality"],"picked":"Brilliance","floor":16.0},{"not_picked":["BowlingBash","FlyingSleeves"],"picked":"Consecrate","floor":18.0},{"not_picked":["SashWhip","CrushJoints"],"picked":"Protect","floor":21.0},{"not_picked":["CrushJoints","Flick"],"picked":"Wallop","floor":23.0},{"not_picked":["SandsOfTime","Omniscience"],"picked":"FlurryOfBlows+1","floor":24.0},{"not_picked":["Perseverance","Consecrate+1"],"picked":"Study","floor":27.0},{"not_picked":["Sanctity","EmptyFist","SashWhip+1"],"picked":"SKIP","floor":29.0},{"not_picked":["Perseverance+1","Swivel","ConjureBlade"],"picked":"ReachHeaven+1","floor":30.0},{"not_picked":["Omniscience","Judgement","Blasphemy"],"picked":"Ragnarok","floor":33.0},{"not_picked":["Wallop+1","BowlingBash","Consecrate"],"picked":"Crescendo+1","floor":35},{"not_picked":["Consecrate+1","EmptyFist","Crescendo+1"],"picked":"FearNoEvil+1","floor":37},{"not_picked":["Prostrate","Wireheading+1","BowlingBash+1"],"picked":"Nirvana+1","floor":41},{"not_picked":["PathToVictory","Flick","EmptyFist+1","BowlingBash"],"picked":"SKIP","floor":44},{"not_picked":["ConjureBlade","FollowUp","Sanctity+1"],"picked":"Adaptation+1","floor":47},{"not_picked":["Study","CarveReality+1","Nirvana","Evaluate+1"],"picked":"SKIP","floor":48}],"player_experience":1274966,"relics_obtained":[{"floor":7.0,"key":"Strawberry"},{"floor":9.0,"key":"Juzu Bracelet"},{"floor":13.0,"key":"Regal Pillow"},{"floor":14.0,"key":"InkBottle"},{"floor":23.0,"key":"Dream Catcher"},{"floor":26.0,"key":"Shuriken"},{"floor":27.0,"key":"Potion Belt"},{"floor":29.0,"key":"Question Card"},{"floor":41,"key":"Ancient Tea Set"},{"floor":43,"key":"Pear"},{"floor":47,"key":"Bronze Scales"}],"event_choices":[{"damage_healed":0.0,"max_hp_gain":0.0,"max_hp_loss":0.0,"gold_gain":0.0,"event_name":"Scrap Ooze","player_choice":"Success","floor":12.0,"gold_loss":0.0,"damage_taken":12.0,"relics_obtained":["Boot"]},{"damage_healed":0.0,"max_hp_gain":0.0,"max_hp_loss":0.0,"gold_gain":0.0,"event_name":"Back to Basics","player_choice":"Simplicity","floor":20.0,"gold_loss":0.0,"damage_taken":0.0,"cards_upgraded":["Strike_P","Strike_P","Strike_P","Defend_P","Defend_P","Defend_P"]},{"damage_healed":0.0,"max_hp_gain":0.0,"max_hp_loss":40.0,"gold_gain":0.0,"event_name":"Ghosts","player_choice":"Became a Ghost","floor":22.0,"gold_loss":0.0,"damage_taken":0.0,"cards_obtained":["Ghostly","Ghostly","Ghostly","Ghostly","Ghostly"]},{"damage_healed":0.0,"max_hp_gain":0.0,"max_hp_loss":0.0,"gold_gain":0.0,"event_name":"Drug Dealer","player_choice":"Inject Mutagens","floor":28.0,"gold_loss":0.0,"damage_taken":0.0,"relics_obtained":["MutagenicStrength"]},{"damage_healed":0.0,"max_hp_gain":0.0,"max_hp_loss":0.0,"gold_gain":0.0,"event_name":"The Mausoleum","player_choice":"Opened","floor":31.0,"gold_loss":0.0,"damage_taken":0.0,"relics_obtained":["Letter Opener"]},{"damage_healed":1,"gold_gain":0,"player_choice":"Full Heal","damage_taken":0,"max_hp_gain":0,"max_hp_loss":0,"event_name":"Wheel of Change","floor":36,"gold_loss":0},{"cards_removed":["Strike_P"],"damage_healed":0,"gold_gain":0,"player_choice":"Purged","damage_taken":0,"max_hp_gain":0,"max_hp_loss":0,"event_name":"Purifier","floor":39,"gold_loss":0},{"damage_healed":0,"gold_gain":0,"player_choice":"Paid","damage_taken":0,"relics_obtained":["Red Mask"],"max_hp_gain":0,"max_hp_loss":0,"event_name":"Tomb of Lord Red Mask","floor":45,"gold_loss":166}],"is_beta":true,"boss_relics":[{"not_picked":["Ectoplasm","Runic Dome"],"picked":"VioletLotus"},{"not_picked":["Fusion Hammer","Busted Crown"],"picked":"Runic Pyramid"}],"items_purged_floors":[2,10],"is_endless":false,"potions_floor_spawned":[1,4,5,14,18,23,24,33,37,41,48],"killed_by":"Time Eater","ascension_level":11}