{"gold_per_floor":[118,128,12,30,46,73,99,99,99,127,137,5,31,50,50,128,128,140,159,4,15,25,57,57,91,91,91,91,91,105,116,116,190,190,202,202,221,10,28,28,61,61,61,89,89,89,89],"floor_reached":47,"playtime":2198,"items_purged":["Strike_R","Strike_R","Strike_R+1"],"score":1083,"play_id":"7c19a661-5554-4745-9c7f-fab9b64e1cf4","local_time":"20190827000459","is_ascension_mode":true,"campfire_choices":[{"floor":8.0,"key":"REST"},{"data":"Inflame","floor":15,"key":"SMITH"},{"data":"Warcry","floor":24,"key":"SMITH"},{"data":"True Grit","floor":27,"key":"SMITH"},{"data":"Immolate","floor":32,"key":"SMITH"},{"data":"Feel No Pain","floor":40,"key":"SMITH"},{"data":"Fiend Fire","floor":42,"key":"SMITH"},{"floor":45,"key":"REST"}],"neow_cost":"NONE","seed_source_timestamp":254226043475100,"circlet_count":0,"master_deck":["AscendersBane","Strike_R+1","Defend_R+1","Defend_R+1","Defend_R+1","Defend_R+1","Bash","Inflame+1","Flame Barrier","Battle Trance","Rampage","Cleave","Thunderclap","Fiend Fire+1","Headbutt","Shrug It Off","Battle Trance","Immolate+1","Feel No Pain+1","True Grit+1","Heavy Blade+1","Warcry+1","Juggernaut+1","Feel No Pain+1","Offering","Warcry","Corruption+1","Shrug It Off","Sentinel"],"special_seed":0,"relics":["Burning Blood","Orichalcum","Oddly Smooth Stone","Blood Vial","Ancient Tea Set","Ornamental Fan","Cursed Key","Anchor","Frozen Egg 2","Mark of Pain","Mango","Self Forming Clay"],"potions_floor_usage":[13,13,13,16,25,25,25,33,47],"damage_taken":[{"damage":8.0,"enemies":"Cultist","floor":1.0,"turns":5.0},{"damage":8.0,"enemies":"2 Louse","floor":2.0,"turns":4.0},{"damage":4.0,"enemies":"Small Slimes","floor":4.0,"turns":4.0},{"damage":31.0,"enemies":"Exordium Thugs","floor":5.0,"turns":7.0},{"damage":32.0,"enemies":"Gremlin Nob","floor":6.0,"turns":4.0},{"damage":34.0,"enemies":"Lagavulin","floor":10.0,"turns":7.0},{"damage":0,"enemies":"Blue Slaver","floor":11,"turns":3},{"damage":4,"enemies":"3 Sentries","floor":13,"turns":6},{"damage":5,"enemies":"Large Slime","floor":14,"turns":4},{"damage":19,"enemies":"The Guardian","floor":16,"turns":15},{"damage":0,"enemies":"3 Byrds","floor":18,"turns":2},{"damage":2,"enemies":"Shell Parasite","floor":19,"turns":8},{"damage":16,"enemies":"Snecko","floor":21,"turns":7},{"damage":0,"enemies":"Cultist and Chosen","floor":22,"turns":5},{"damage":26,"enemies":"Gremlin Leader","floor":23,"turns":5},{"damage":16,"enemies":"Slavers","floor":25,"turns":6},{"damage":6,"enemies":"Centurion and Healer","floor":30,"turns":5},{"damage":0,"enemies":"Chosen and Byrds","floor":31,"turns":6},{"damage":52,"enemies":"Collector","floor":33,"turns":9},{"damage":0,"enemies":"3 Shapes","floor":35,"turns":3},{"damage":20,"enemies":"3 Darklings","floor":37,"turns":3},{"damage":32,"enemies":"Transient","floor":39,"turns":6},{"damage":6,"enemies":"Reptomancer","floor":41,"turns":3},{"damage":39,"enemies":"Giant Head","floor":44,"turns":7},{"damage":58,"enemies":"Reptomancer","floor":47,"turns":2}],"seed_played":"-8886306294523203418","potions_obtained":[{"floor":4.0,"key":"FearPotion"},{"floor":6.0,"key":"Ancient Potion"},{"floor":11,"key":"EntropicBrew"},{"floor":14,"key":"FearPotion"},{"floor":16,"key":"EntropicBrew"},{"floor":19,"key":"BloodPotion"},{"floor":30,"key":"AttackPotion"},{"floor":39,"key":"EssenceOfSteel"}],"is_trial":false,"path_per_floor":["M","M","$","M","M","E","T","R","T","E","M","$","E","M","R","B",null,"M","M","$","M","M","E","R","E","T","R","?","?","M","M","R","B",null,"M","?","M","$","M","R","E","R","T","E","R","?","E"],"character_chosen":"IRONCLAD","items_purchased":["Battle Trance","Rampage","SkillPotion","True Grit","Corruption+1"],"campfire_rested":2,"item_purchase_floors":[3,3,12,20,38],"current_hp_per_floor":[66,64,64,66,41,15,15,37,37,11,19,19,23,26,26,15,60,68,74,74,65,73,55,55,65,65,65,44,44,46,54,54,10,63,71,71,59,59,35,35,51,51,51,20,48,48,0],"gold":89,"neow_bonus":"REMOVE_CARD","is_prod":false,"is_daily":false,"chose_seed":false,"campfire_upgraded":6,"win_rate":0,"timestamp":1566878699,"path_taken":["M","M","$","M","M","E","?","R","T","E","M","$","E","M","R","BOSS","M","?","$","M","M","E","R","E","T","R","?","?","M","M","R","BOSS","M","?","M","$","M","R","E","R","T","E","R","?","E"],"build_version":"2019-07-17","purchased_purges":3,"victory":false,"max_hp_per_floor":[75,75,75,75,75,75,75,75,75,75,75,75,75,75,75,75,75,75,75,75,75,75,75,75,75,75,75,80,80,80,80,80,80,80,80,80,80,80,80,80,94,94,94,94,94,94,94],"card_choices":[{"not_picked":["Pommel Strike","Second Wind"],"picked":"Inflame","floor":1.0},{"not_picked":["Clash","Iron Wave"],"picked":"Flame Barrier","floor":2.0},{"not_picked":["Heavy Blade","True Grit"],"picked":"Cleave","floor":4.0},{"not_picked":["Entrench","Bloodletting"],"picked":"Thunderclap","floor":5.0},{"not_picked":["Twin Strike","Searing Blow"],"picked":"Fiend Fire","floor":6.0},{"not_picked":["Heavy Blade","Twin Strike"],"picked":"Headbutt","floor":10.0},{"not_picked":["Combust","Rupture","Pommel Strike"],"picked":"SKIP","floor":11},{"not_picked":["Flame Barrier","Cleave"],"picked":"Shrug It Off","floor":13},{"not_picked":["Rampage","Havoc"],"picked":"Battle Trance","floor":14},{"not_picked":["Exhume","Demon Form"],"picked":"Immolate","floor":16},{"not_picked":["Twin Strike","Rupture+1"],"picked":"Feel No Pain","floor":18},{"not_picked":["Fire Breathing","Twin Strike","Bloodletting"],"picked":"SKIP","floor":19},{"not_picked":["Fire Breathing","Twin Strike","Bloodletting"],"picked":"SKIP","floor":19},{"not_picked":["Havoc","Rage","Wild Strike+1"],"picked":"SKIP","floor":21},{"not_picked":["Sword Boomerang","Thunderclap"],"picked":"Heavy Blade+1","floor":22},{"not_picked":["Havoc","Headbutt+1"],"picked":"Warcry","floor":23},{"not_picked":["Bloodletting","Blood for Blood"],"picked":"Juggernaut","floor":25},{"not_picked":["Anger","Twin Strike"],"picked":"Feel No Pain+1","floor":30},{"not_picked":["Sever Soul","Rampage+1","Flex"],"picked":"SKIP","floor":31},{"not_picked":["Berserk+1","Double Tap"],"picked":"Offering","floor":33},{"not_picked":["Fire Breathing+1","Combust+1"],"picked":"Warcry","floor":35},{"not_picked":["Wild Strike","Havoc","Heavy Blade"],"picked":"SKIP","floor":37},{"not_picked":["Carnage","Sword Boomerang+1","Clash"],"picked":"SKIP","floor":39},{"not_picked":["Clothesline+1","Pummel"],"picked":"Shrug It Off","floor":41},{"not_picked":["Havoc+1","Corruption+1"],"picked":"Sentinel","floor":44}],"player_experience":915421,"relics_obtained":[{"floor":6.0,"key":"Orichalcum"},{"floor":7.0,"key":"Oddly Smooth Stone"},{"floor":9.0,"key":"Blood Vial"},{"floor":10.0,"key":"Ancient Tea Set"},{"floor":13,"key":"Ornamental Fan"},{"floor":23,"key":"Anchor"},{"floor":25,"key":"Frozen Egg 2"},{"floor":41,"key":"Mango"},{"floor":44,"key":"Self Forming Clay"}],"event_choices":[{"damage_healed":0,"gold_gain":0,"player_choice":"Shed Blood","damage_taken":26,"max_hp_gain":5,"max_hp_loss":0,"event_name":"Forgotten Altar","floor":28,"gold_loss":0},{"damage_healed":0,"gold_gain":0,"player_choice":"Simplicity","damage_taken":0,"max_hp_gain":0,"max_hp_loss":0,"event_name":"Back to Basics","floor":29,"gold_loss":0,"cards_upgraded":["Strike_R","Strike_R","Defend_R","Defend_R","Defend_R","Defend_R"]},{"damage_healed":0,"gold_gain":0,"player_choice":"Ignored","damage_taken":0,"max_hp_gain":0,"max_hp_loss":0,"event_name":"Tomb of Lord Red Mask","floor":36,"gold_loss":0},{"damage_healed":0,"gold_gain":0,"player_choice":"Ignored","damage_taken":0,"max_hp_gain":0,"max_hp_loss":0,"event_name":"Mysterious Sphere","floor":46,"gold_loss":0}],"is_beta":false,"boss_relics":[{"not_picked":["Ectoplasm","Black Blood"],"picked":"Cursed Key"},{"not_picked":["Busted Crown","Black Star"],"picked":"Mark of Pain"}],"items_purged_floors":[12,20,38],"is_endless":false,"potions_floor_spawned":[4,6,11,14,16,19,21,23,30,39,44],"killed_by":"Reptomancer","ascension_level":18}