{"gold_per_floor":[111,128,128,140,65,65,95,95,95,95,112,144,144,44,44,120,120,140,151,66,116,126,155,155,155,178,211,224,256,274,288,288,288],"floor_reached":33,"playtime":1861,"items_purged":["Strike_R","Strike_R"],"score":551,"play_id":"bb00bb77-f942-4502-866e-bdad8ab03228","local_time":"20190115200659","is_ascension_mode":true,"campfire_choices":[{"data":"Uppercut","floor":6,"key":"SMITH"},{"data":"Flame Barrier","floor":8,"key":"SMITH"},{"data":"Flame Barrier","floor":10,"key":"SMITH"},{"data":"True Grit","floor":13,"key":"SMITH"},{"data":"Whirlwind","floor":15,"key":"SMITH"},{"floor":25,"key":"REST"},{"floor":32,"key":"REST"}],"neow_cost":"NONE","seed_source_timestamp":257785910450875,"circlet_count":0,"master_deck":["AscendersBane","Strike_R","Strike_R","Defend_R","Defend_R+1","Defend_R","Defend_R","Bash","True Grit+1","Flame Barrier+1","Uppercut+1","Flame Barrier+1","Whirlwind+1","Offering+1","Reaper","Disarm","Spot Weakness","Shrug It Off","Offering","Shrug It Off","Feel No Pain"],"relics":["Burning Blood","NeowsBlessing","Meat on the Bone","Pantograph","Shuriken","Fusion Hammer","Art of War","Bronze Scales","War Paint","Bottled Flame","Matryoshka"],"potions_floor_usage":[11,16,16,29,33,33],"damage_taken":[{"damage":0,"enemies":"Cultist","floor":1,"turns":1},{"damage":0,"enemies":"Small Slimes","floor":2,"turns":1},{"damage":0,"enemies":"2 Louse","floor":4,"turns":1},{"damage":30,"enemies":"Gremlin Nob","floor":7,"turns":5},{"damage":17,"enemies":"Large Slime","floor":11,"turns":10},{"damage":23,"enemies":"3 Sentries","floor":12,"turns":13},{"damage":15,"enemies":"Hexaghost","floor":16,"turns":9},{"damage":25,"enemies":"2 Thieves","floor":18,"turns":4},{"damage":6,"enemies":"Chosen","floor":19,"turns":5},{"damage":15,"enemies":"Snake Plant","floor":22,"turns":4},{"damage":14,"enemies":"Book of Stabbing","floor":23,"turns":5},{"damage":14,"enemies":"Gremlin Leader","floor":27,"turns":4},{"damage":14,"enemies":"Centurion and Healer","floor":28,"turns":3},{"damage":14,"enemies":"Slavers","floor":29,"turns":2},{"damage":17,"enemies":"3 Cultists","floor":30,"turns":4},{"damage":12,"enemies":"Shelled Parasite and Fungi","floor":31,"turns":2},{"damage":86,"enemies":"Champ","floor":33,"turns":13}],"seed_played":"594724092725394428","potions_obtained":[{"floor":7,"key":"SpeedPotion"},{"floor":11,"key":"FearPotion"},{"floor":12,"key":"AttackPotion"},{"floor":18,"key":"Poison Potion"},{"floor":27,"key":"Explosive Potion"},{"floor":28,"key":"Fire Potion"},{"floor":29,"key":"SkillPotion"},{"floor":31,"key":"Fire Potion"}],"is_trial":false,"path_per_floor":["M","M","?","M","$","R","E","R","T","R","M","E","R","$","R","B",null,"M","M","?","?","M","E","?","R","T","E","M","E","M","M","R","B"],"character_chosen":"IRONCLAD","items_purchased":[],"campfire_rested":2,"item_purchase_floors":[],"current_hp_per_floor":[74,75,75,75,75,75,51,51,51,51,52,47,47,47,47,63,72,53,53,53,53,57,49,49,71,71,67,59,51,54,48,70,0],"gold":288,"neow_bonus":"THREE_ENEMY_KILL","is_prod":false,"is_daily":false,"chose_seed":false,"campfire_upgraded":5,"win_rate":0,"timestamp":1547579219,"path_taken":["M","?","?","M","$","R","E","R","T","R","?","E","R","?","R","BOSS","M","M","?","?","M","E","?","R","T","E","M","E","?","M","R","BOSS"],"build_version":"2019-01-10","purchased_purges":2,"victory":false,"max_hp_per_floor":[75,75,75,75,75,75,75,75,75,75,75,75,75,75,75,75,75,75,75,75,75,75,75,75,75,75,75,75,75,75,75,75,75],"card_choices":[{"not_picked":["Havoc","Heavy Blade"],"picked":"True Grit","floor":1},{"not_picked":["Pommel Strike","Carnage"],"picked":"Flame Barrier","floor":2},{"not_picked":["Carnage","Iron Wave","Dropkick"],"picked":"SKIP","floor":4},{"not_picked":["Hemokinesis","Blood for Blood"],"picked":"Flame Barrier","floor":7},{"not_picked":["Iron Wave","True Grit"],"picked":"Whirlwind","floor":11},{"not_picked":["Armaments","Sword Boomerang"],"picked":"Offering","floor":12},{"not_picked":["Double Tap","Feed"],"picked":"Reaper","floor":16},{"not_picked":["Dropkick","Warcry"],"picked":"Disarm","floor":18},{"not_picked":["Ghostly Armor+1","Clothesline"],"picked":"Spot Weakness","floor":19},{"not_picked":["Headbutt","Uppercut","Armaments"],"picked":"SKIP","floor":22},{"not_picked":["Warcry","Wild Strike"],"picked":"Shrug It Off","floor":23},{"not_picked":["Whirlwind","Rupture+1","Uppercut"],"picked":"SKIP","floor":27},{"not_picked":["Flex","Evolve","Thunderclap"],"picked":"SKIP","floor":28},{"not_picked":["Headbutt","Bludgeon","Cleave"],"picked":"SKIP","floor":29},{"not_picked":["Heavy Blade","Havoc+1"],"picked":"Shrug It Off","floor":30},{"not_picked":["Pommel Strike+1","Reckless Charge+1"],"picked":"Feel No Pain","floor":31}],"player_experience":499190,"relics_obtained":[{"floor":7,"key":"Meat on the Bone"},{"floor":9,"key":"Pantograph"},{"floor":12,"key":"Shuriken"},{"floor":23,"key":"Bronze Scales"},{"floor":26,"key":"War Paint"},{"floor":27,"key":"Bottled Flame"},{"floor":29,"key":"Matryoshka"}],"event_choices":[{"damage_healed":0,"gold_gain":0,"cards_transformed":["Strike_R"],"player_choice":"Transformed","damage_taken":0,"max_hp_gain":0,"max_hp_loss":0,"event_name":"Transmorgrifier","floor":3,"gold_loss":0,"cards_obtained":["Uppercut"]},{"damage_healed":0,"gold_gain":0,"player_choice":"Obtained Relic","damage_taken":0,"relics_obtained":["Art of War"],"max_hp_gain":0,"max_hp_loss":0,"event_name":"Addict","floor":20,"gold_loss":85},{"damage_healed":0,"gold_gain":50,"player_choice":"Stole From Cult","damage_taken":0,"max_hp_gain":0,"max_hp_loss":0,"event_name":"Nest","floor":21,"gold_loss":0},{"damage_healed":0,"gold_gain":0,"player_choice":"Copied","damage_taken":0,"max_hp_gain":0,"max_hp_loss":0,"event_name":"Duplicator","floor":24,"gold_loss":0,"cards_obtained":["Offering"]}],"is_beta":false,"boss_relics":[{"not_picked":["Eternal Feather","Calling Bell"],"picked":"Fusion Hammer"}],"items_purged_floors":[5,14],"is_endless":false,"potions_floor_spawned":[7,11,12,18,27,28,29,31],"killed_by":"Champ","ascension_level":15}