{"gold_per_floor":[116,135,151,76,92,124,124,124,151,186,199,230,249,65,65,65],"floor_reached":16,"playtime":626,"items_purged":["Strike_R"],"score":238,"play_id":"209aa6d6-23f8-404d-8d65-5c5bdc9f9da1","local_time":"20190831115321","is_ascension_mode":true,"campfire_choices":[{"data":"Brutality","floor":7.0,"key":"SMITH"},{"data":"Flex","floor":15.0,"key":"SMITH"}],"neow_cost":"NONE","seed_source_timestamp":0,"circlet_count":0,"master_deck":["AscendersBane","Strike_R","Strike_R","Strike_R","Defend_R","Defend_R","Defend_R","Defend_R+1","Bash","Headbutt","Brutality+1","Clothesline","Double Tap+1","Iron Wave","Spot Weakness","Burning Pact","Cleave","Flex+1"],"special_seed":0,"relics":["Burning Blood","Vajra","Anchor","GremlinMask","Red Skull","War Paint","Orichalcum"],"potions_floor_usage":[],"damage_taken":[{"damage":7.0,"enemies":"Small Slimes","floor":1.0,"turns":5.0},{"damage":11.0,"enemies":"2 Louse","floor":2.0,"turns":2.0},{"damage":1.0,"enemies":"Cultist","floor":3.0,"turns":3.0},{"damage":11.0,"enemies":"Blue Slaver","floor":5.0,"turns":3.0},{"damage":40.0,"enemies":"Lagavulin","floor":6.0,"turns":6.0},{"damage":10.0,"enemies":"Gremlin Nob","floor":10.0,"turns":3.0},{"damage":2.0,"enemies":"Large Slime","floor":11.0,"turns":3.0},{"damage":17.0,"enemies":"3 Sentries","floor":12.0,"turns":6.0},{"damage":1.0,"enemies":"Looter","floor":13.0,"turns":2.0},{"damage":23,"enemies":"The Guardian","floor":16,"turns":9}],"seed_played":"2957216425199252218","potions_obtained":[{"floor":1.0,"key":"SteroidPotion"},{"floor":3.0,"key":"SpeedPotion"},{"floor":6.0,"key":"GamblersBrew"},{"floor":10.0,"key":"Poison Potion"}],"is_trial":false,"path_per_floor":["M","M","M","?","M","E","R","?","T","E","M","E","M","$","R","B"],"character_chosen":"IRONCLAD","items_purchased":["Cleave","Flex"],"campfire_rested":0,"item_purchase_floors":[14,14],"current_hp_per_floor":[67,62,67,67,62,28,28,28,28,24,28,17,22,22,22,0],"gold":65,"neow_bonus":"RANDOM_COMMON_RELIC","is_prod":false,"is_daily":false,"chose_seed":false,"campfire_upgraded":2,"win_rate":0,"timestamp":1567266801,"path_taken":["M","M","M","?","M","E","R","?","T","E","M","E","M","$","R","BOSS"],"build_version":"2019-07-17","purchased_purges":1,"victory":false,"max_hp_per_floor":[75,75,75,75,75,75,75,75,75,75,75,75,75,75,75,75],"card_choices":[{"not_picked":["Dropkick","Fire Breathing","Havoc"],"picked":"SKIP","floor":1.0},{"not_picked":["Dropkick","Fire Breathing","Havoc"],"picked":"SKIP","floor":1.0},{"not_picked":["Rupture","Sentinel"],"picked":"Headbutt","floor":2.0},{"not_picked":["Ghostly Armor","Havoc"],"picked":"Brutality","floor":3.0},{"not_picked":["Clash","Feel No Pain"],"picked":"Clothesline","floor":5.0},{"not_picked":["Warcry","Sword Boomerang"],"picked":"Double Tap","floor":6.0},{"not_picked":["Clothesline","Heavy Blade"],"picked":"Iron Wave","floor":10.0},{"not_picked":["Body Slam","Clash","Anger"],"picked":"SKIP","floor":11.0},{"not_picked":["Reaper","Intimidate"],"picked":"Spot Weakness","floor":12.0},{"not_picked":["Clothesline","Carnage"],"picked":"Burning Pact","floor":13.0}],"player_experience":938473,"relics_obtained":[{"floor":6.0,"key":"Anchor"},{"floor":9.0,"key":"Red Skull"},{"floor":10.0,"key":"War Paint"},{"floor":12.0,"key":"Orichalcum"}],"event_choices":[{"cards_removed":["Strike_R"],"damage_healed":0.0,"max_hp_gain":0.0,"max_hp_loss":0.0,"gold_gain":0.0,"event_name":"The Cleric","player_choice":"Card Removal","floor":4.0,"gold_loss":75.0,"damage_taken":0.0},{"damage_healed":0.0,"max_hp_gain":0.0,"max_hp_loss":0.0,"gold_gain":0.0,"event_name":"FaceTrader","player_choice":"Trade","floor":8.0,"gold_loss":0.0,"damage_taken":0.0,"relics_obtained":["GremlinMask"]}],"is_beta":false,"boss_relics":[],"items_purged_floors":[14],"is_endless":false,"potions_floor_spawned":[1,3,6,10],"killed_by":"The Guardian","ascension_level":19}