{"gold_per_floor":[109,125,125,142,26,26,42,77,77,90,119,119,145,145,145,248,248,265,277,277,290,0,34,34,46,46,46,75,75,102,67,67,168,168,188,0,20,120,45,75,75,108,108,108,108,143,71,404,404,404],"floor_reached":51,"playtime":4064,"items_purged":["Strike_B"],"score":1644,"play_id":"578d659e-12b4-4439-a6f9-ce323c55ea46","local_time":"20190729012623","is_ascension_mode":true,"campfire_choices":[{"data":"Barrage","floor":6,"key":"SMITH"},{"data":"Defragment","floor":12,"key":"SMITH"},{"data":"Buffer","floor":15,"key":"SMITH"},{"data":"Self Repair","floor":24,"key":"SMITH"},{"data":"Loop","floor":29,"key":"SMITH"},{"floor":32,"key":"REST"},{"data":"Rainbow","floor":41,"key":"SMITH"},{"data":"Capacitor","floor":45,"key":"SMITH"},{"data":"Defragment","floor":49,"key":"SMITH"}],"neow_cost":"NONE","seed_source_timestamp":640301111417500,"circlet_count":0,"master_deck":["AscendersBane","Defend_B","Defend_B","Defend_B","Zap","Dualcast+1","Coolheaded+1","Barrage+1","Leap","Glacier","Defragment+1","Ball Lightning","Self Repair+1","Buffer+1","Steam","Loop+1","Seek+1","Redo+1","Machine Learning+1","Reboot+1","Compile Driver","Steam","Recycle+1","Leap","Melter","Rainbow+1","Turbo+1","Coolheaded+1","Core Surge","Capacitor+1","Defragment+1"],"relics":["Cracked Core","Bronze Scales","PreservedInsect","Pear","Calipers","Astrolabe","StoneCalendar","Gremlin Horn","Bird Faced Urn","Blood Vial","Pen Nib","Cursed Key","Red Mask","Prayer Wheel","Singing Bowl","Omamori","Happy Flower","Meat on the Bone","Cables","Old Coin"],"potions_floor_usage":[8,16,16,28,30],"damage_taken":[{"damage":5,"enemies":"2 Louse","floor":1,"turns":2},{"damage":0,"enemies":"Cultist","floor":2,"turns":3},{"damage":2,"enemies":"Jaw Worm","floor":4,"turns":4},{"damage":6,"enemies":"Looter","floor":7,"turns":3},{"damage":22,"enemies":"Gremlin Nob","floor":8,"turns":5},{"damage":4,"enemies":"Red Slaver","floor":10,"turns":4},{"damage":0,"enemies":"Lagavulin","floor":11,"turns":4},{"damage":0,"enemies":"Gremlin Nob","floor":13,"turns":3},{"damage":0,"enemies":"Slime Boss","floor":16,"turns":9},{"damage":0,"enemies":"Spheric Guardian","floor":18,"turns":4},{"damage":0,"enemies":"Shell Parasite","floor":19,"turns":7},{"damage":0,"enemies":"Centurion and Healer","floor":21,"turns":9},{"damage":34,"enemies":"Slavers","floor":23,"turns":6},{"damage":18,"enemies":"Sentry and Sphere","floor":25,"turns":7},{"damage":8,"enemies":"Gremlin Leader","floor":28,"turns":6},{"damage":28,"enemies":"Slavers","floor":30,"turns":7},{"damage":68,"enemies":"Champ","floor":33,"turns":14},{"damage":15,"enemies":"3 Darklings","floor":35,"turns":6},{"damage":11,"enemies":"3 Shapes","floor":37,"turns":4},{"damage":27,"enemies":"Mind Bloom Boss Battle","floor":38,"turns":7},{"damage":0,"enemies":"Reptomancer","floor":40,"turns":5},{"damage":0,"enemies":"Giant Head","floor":42,"turns":9},{"damage":20,"enemies":"Nemesis","floor":46,"turns":7},{"damage":0,"enemies":"Giant Head","floor":48,"turns":7},{"damage":0,"enemies":"Time Eater","floor":50,"turns":11}],"seed_played":"-2605864225374914148","potions_obtained":[{"floor":1,"key":"Swift Potion"},{"floor":4,"key":"Energy Potion"},{"floor":8,"key":"Weak Potion"},{"floor":10,"key":"SteroidPotion"},{"floor":25,"key":"Fire Potion"},{"floor":28,"key":"Swift Potion"},{"floor":42,"key":"Fire Potion"},{"floor":46,"key":"Block Potion"}],"is_trial":false,"path_per_floor":["M","M","?","M","$","R","M","E","T","M","E","R","E","?","R","B",null,"M","M","?","M","$","E","R","M","T","?","E","R","E","$","R","B",null,"M","?","M","?","$","E","R","E","T","T","R","E","$","E","R","B",null],"character_chosen":"DEFECT","items_purchased":["Defragment","Ball Lightning","StoneCalendar","Melter","Defragment"],"campfire_rested":1,"item_purchase_floors":[5,5,22,31,47],"current_hp_per_floor":[63,63,63,61,61,61,55,40,40,43,53,53,60,43,43,43,75,82,85,85,85,85,51,51,43,43,43,55,55,37,37,62,16,68,75,75,84,72,72,85,85,85,85,85,85,85,85,89,89,89],"gold":404,"neow_bonus":"THREE_CARDS","is_prod":false,"is_daily":false,"chose_seed":false,"campfire_upgraded":8,"win_rate":0,"timestamp":1564377983,"path_taken":["M","M","?","?","$","R","M","E","T","M","E","R","E","?","R","BOSS","M","M","?","?","?","E","R","M","T","?","E","R","E","$","R","BOSS","M","?","M","?","?","E","R","E","T","?","R","E","$","E","R","BOSS"],"build_version":"2019-07-17","purchased_purges":1,"victory":true,"max_hp_per_floor":[75,75,75,75,75,75,75,75,75,75,85,85,85,85,85,85,85,85,85,85,85,85,85,85,85,85,85,85,85,85,85,85,85,85,85,85,85,85,85,85,85,85,85,85,85,87,87,89,89,89],"card_choices":[{"not_picked":["Lockon","Beam Cell"],"picked":"Coolheaded","floor":0},{"not_picked":["Reprogram","Redo"],"picked":"Barrage","floor":1},{"not_picked":["White Noise","Beam Cell"],"picked":"Leap","floor":2},{"not_picked":["Stack","Barrage"],"picked":"Glacier","floor":4},{"not_picked":["Redo","Beam Cell"],"picked":"Self Repair","floor":7},{"not_picked":["Streamline","Blizzard"],"picked":"Buffer","floor":8},{"not_picked":["Streamline","Turbo","Cold Snap"],"picked":"SKIP","floor":10},{"not_picked":["Ball Lightning","Turbo"],"picked":"Steam","floor":11},{"not_picked":["Hologram","Sweeping Beam"],"picked":"Loop","floor":13},{"not_picked":["Machine Learning","Rainbow"],"picked":"Seek","floor":16},{"not_picked":["Double Energy","Turbo","Static Discharge"],"picked":"SKIP","floor":18},{"not_picked":["Steam","Recycle"],"picked":"Compile Driver","floor":19},{"not_picked":["Redo","Ball Lightning"],"picked":"Steam","floor":21},{"not_picked":["Genetic Algorithm","Conserve Battery"],"picked":"Recycle+1","floor":23},{"not_picked":["Consume","Reprogram"],"picked":"Leap","floor":25},{"not_picked":["Rebound","Compile Driver","Force Field+1"],"picked":"SKIP","floor":28},{"not_picked":["Meteor Strike","Redo","Leap"],"picked":"SKIP","floor":30},{"not_picked":["Multi-Cast","Hyperbeam"],"picked":"Rainbow","floor":33},{"not_picked":["Genetic Algorithm","Coolheaded","Cold Snap"],"picked":"SKIP","floor":35},{"not_picked":["Undo","Steam"],"picked":"Turbo+1","floor":37},{"not_picked":["Compile Driver+1","Stack"],"picked":"Coolheaded+1","floor":38},{"not_picked":["Barrage","Rip and Tear+1"],"picked":"Core Surge","floor":40},{"not_picked":["Glacier","Stack"],"picked":"Capacitor","floor":42},{"not_picked":["All For One","Streamline+1","Reboot"],"picked":"Singing Bowl","floor":46},{"not_picked":["Recycle","Gash","Chill"],"picked":"Singing Bowl","floor":48}],"player_experience":577907,"relics_obtained":[{"floor":8,"key":"Bronze Scales"},{"floor":9,"key":"PreservedInsect"},{"floor":11,"key":"Pear"},{"floor":13,"key":"Calipers"},{"floor":23,"key":"Gremlin Horn"},{"floor":26,"key":"Bird Faced Urn"},{"floor":28,"key":"Blood Vial"},{"floor":30,"key":"Pen Nib"},{"floor":38,"key":"Prayer Wheel"},{"floor":40,"key":"Singing Bowl"},{"floor":42,"key":"Omamori"},{"floor":43,"key":"Happy Flower"},{"floor":44,"key":"Meat on the Bone"},{"floor":46,"key":"Cables"},{"floor":48,"key":"Old Coin"}],"event_choices":[{"cards_removed":["Strike_B"],"damage_healed":0,"gold_gain":0,"player_choice":"Card Removal","damage_taken":0,"max_hp_gain":0,"max_hp_loss":0,"event_name":"Wheel of Change","floor":3,"gold_loss":0},{"damage_healed":0,"gold_gain":0,"player_choice":"Entered Light","damage_taken":17,"max_hp_gain":0,"max_hp_loss":0,"event_name":"Shining Light","floor":14,"gold_loss":0,"cards_upgraded":["Coolheaded","Dualcast"]},{"damage_healed":0,"gold_gain":0,"player_choice":"Forge","damage_taken":0,"max_hp_gain":0,"max_hp_loss":0,"event_name":"Accursed Blacksmith","floor":20,"gold_loss":0,"cards_upgraded":["Seek"]},{"damage_healed":0,"gold_gain":0,"player_choice":"Ignored","damage_taken":0,"max_hp_gain":0,"max_hp_loss":0,"event_name":"Cursed Tome","floor":27,"gold_loss":0},{"damage_healed":0,"gold_gain":0,"player_choice":"Paid","damage_taken":0,"relics_obtained":["Red Mask"],"max_hp_gain":0,"max_hp_loss":0,"event_name":"Tomb of Lord Red Mask","floor":36,"gold_loss":188},{"damage_healed":0,"gold_gain":0,"player_choice":"Fight","damage_taken":0,"max_hp_gain":0,"max_hp_loss":0,"event_name":"MindBloom","floor":38,"gold_loss":0}],"is_beta":false,"boss_relics":[{"not_picked":["Nuclear Battery","Runic Dome"],"picked":"Astrolabe"},{"not_picked":["Orrery","FrozenCore"],"picked":"Cursed Key"}],"items_purged_floors":[39],"is_endless":false,"potions_floor_spawned":[1,4,8,10,25,28,42,46],"ascension_level":12}