{"gold_per_floor":[113,123,133,147,46,46,75,75,98,124,143,43,43,63,63,141,141,141,81,81,81,81,81,81,81,81,6,6,6,6,6,6,6],"floor_reached":33,"playtime":2017,"items_purged":["Strike_P","Strike_P"],"score":675,"play_id":"7ff18ce9-225a-4d5c-9012-747b70954360","local_time":"20191016163157","is_ascension_mode":true,"campfire_choices":[{"data":"Eruption","floor":6,"key":"SMITH"},{"data":"Wallop","floor":13,"key":"SMITH"},{"data":"Vigilance","floor":15,"key":"SMITH"},{"data":"Judgement","floor":23,"key":"SMITH"},{"floor":25,"key":"REST"},{"floor":32,"key":"REST"}],"neow_cost":"TEN_PERCENT_HP_LOSS","seed_source_timestamp":359744111488900,"circlet_count":0,"master_deck":["AscendersBane","Strike_P+1","Defend_P+1","Defend_P+1","Defend_P","Eruption+1","Vigilance+1","Meditate","CutThroughFate","FlurryOfBlows","WheelKick","BowlingBash","Wallop+1","LessonLearned","Protect+1","Judgement+1","Tantrum+1","EmptyMind+1","EmptyBody+1"],"relics":["PureWater","Mango","Blood Vial","FaceOfCleric","Bag of Preparation","Art of War","Ectoplasm","Unceasing Top","Bottled Lightning","StrikeDummy","Boot"],"potions_floor_usage":[7,11,22,31,33],"damage_taken":[{"damage":7,"enemies":"Jaw Worm","floor":1,"turns":4},{"damage":0,"enemies":"Cultist","floor":2,"turns":2},{"damage":0,"enemies":"2 Louse","floor":3,"turns":4},{"damage":12,"enemies":"Looter","floor":4,"turns":4},{"damage":34,"enemies":"3 Sentries","floor":7,"turns":5},{"damage":17,"enemies":"Gremlin Nob","floor":10,"turns":3},{"damage":0,"enemies":"Lots of Slimes","floor":11,"turns":3},{"damage":0,"enemies":"Blue Slaver","floor":14,"turns":6},{"damage":3,"enemies":"The Guardian","floor":16,"turns":15},{"damage":0,"enemies":"Spheric Guardian","floor":18,"turns":1},{"damage":1,"enemies":"2 Thieves","floor":19,"turns":4},{"damage":0,"enemies":"Cultist and Chosen","floor":20,"turns":3},{"damage":18,"enemies":"Shelled Parasite and Fungi","floor":22,"turns":5},{"damage":49,"enemies":"Gremlin Leader","floor":24,"turns":5},{"damage":0,"enemies":"Slavers","floor":29,"turns":6},{"damage":9,"enemies":"Snake Plant","floor":30,"turns":4},{"damage":22,"enemies":"Book of Stabbing","floor":31,"turns":6},{"damage":66,"enemies":"Champ","floor":33,"turns":10}],"seed_played":"-4361316837499310766","potions_obtained":[{"floor":1,"key":"Dexterity Potion"},{"floor":2,"key":"Explosive Potion"},{"floor":10,"key":"Explosive Potion"},{"floor":11,"key":"Block Potion"},{"floor":29,"key":"Swift Potion"}],"is_trial":false,"path_per_floor":["M","M","M","M","$","R","E","?","T","E","M","$","R","M","R","B",null,"M","M","M","$","M","R","E","R","T","?","?","E","M","E","R","B"],"character_chosen":"WATCHER","items_purchased":["BowlingBash"],"campfire_rested":2,"item_purchase_floors":[5],"current_hp_per_floor":[68,68,68,56,56,56,22,22,22,8,11,11,11,14,14,14,64,67,69,72,72,57,57,11,36,36,36,36,39,33,14,40,0],"gold":6,"neow_bonus":"ONE_RARE_RELIC","is_prod":false,"is_daily":false,"chose_seed":false,"campfire_upgraded":4,"win_rate":0,"timestamp":1571257917,"path_taken":["M","M","M","M","$","R","E","?","T","E","M","?","R","M","R","BOSS","M","M","M","$","M","R","E","R","T","?","?","E","?","E","R","BOSS"],"build_version":"2019-10-15","purchased_purges":2,"victory":false,"max_hp_per_floor":[76,76,76,76,76,76,76,76,76,77,78,78,78,79,79,80,80,81,82,83,83,84,84,85,85,85,85,85,86,87,88,88,88],"card_choices":[{"not_picked":["CrushJoints","InnerPeace"],"picked":"Meditate","floor":1},{"not_picked":["SandsOfTime","FollowUp"],"picked":"CutThroughFate","floor":2},{"not_picked":["BowlingBash","ThirdEye"],"picked":"FlurryOfBlows","floor":3},{"not_picked":["EmptyBody","ReachHeaven"],"picked":"WheelKick","floor":4},{"not_picked":["FlurryOfBlows","Adaptation"],"picked":"Wallop","floor":7},{"not_picked":["Protect","MasterReality"],"picked":"LessonLearned","floor":10},{"not_picked":["ForeignInfluence","CrushJoints"],"picked":"Protect","floor":11},{"not_picked":["FlurryOfBlows","Swivel","Worship"],"picked":"SKIP","floor":14},{"not_picked":["Omniscience","Blasphemy"],"picked":"Judgement","floor":16},{"not_picked":["EmptyBody","Consecrate"],"picked":"Tantrum","floor":18},{"not_picked":["Study","Swivel","ForeignInfluence"],"picked":"SKIP","floor":19},{"not_picked":["Scrawl","Prostrate"],"picked":"EmptyMind","floor":20},{"not_picked":["BowlingBash","Devotion","EmptyFist"],"picked":"SKIP","floor":22},{"not_picked":["CrushJoints","BattleHymn"],"picked":"EmptyBody+1","floor":24},{"not_picked":["CutThroughFate","MentalFortress","Meditate"],"picked":"SKIP","floor":29},{"not_picked":["Pray+1","DeceiveReality","CarveReality"],"picked":"SKIP","floor":30},{"not_picked":["Pray+1","DeceiveReality","CarveReality"],"picked":"SKIP","floor":30},{"not_picked":["Swivel","Vengeance","CrushJoints"],"picked":"SKIP","floor":31}],"player_experience":1339624,"relics_obtained":[{"floor":7,"key":"Blood Vial"},{"floor":9,"key":"Bag of Preparation"},{"floor":10,"key":"Art of War"},{"floor":24,"key":"Unceasing Top"},{"floor":26,"key":"Bottled Lightning"},{"floor":29,"key":"StrikeDummy"},{"floor":31,"key":"Boot"}],"event_choices":[{"damage_healed":0,"gold_gain":0,"player_choice":"Trade","damage_taken":0,"relics_obtained":["FaceOfCleric"],"max_hp_gain":0,"max_hp_loss":0,"event_name":"FaceTrader","floor":8,"gold_loss":0},{"cards_removed":["Strike_P"],"damage_healed":0,"gold_gain":0,"player_choice":"Gave Gold","damage_taken":0,"max_hp_gain":0,"max_hp_loss":0,"event_name":"Beggar","floor":27,"gold_loss":75},{"cards_removed":["Defend_P"],"damage_healed":0,"gold_gain":0,"player_choice":"Purged","damage_taken":0,"max_hp_gain":0,"max_hp_loss":0,"event_name":"Purifier","floor":28,"gold_loss":0}],"is_beta":true,"boss_relics":[{"not_picked":["Astrolabe","Black Star"],"picked":"Ectoplasm"}],"items_purged_floors":[5,12],"is_endless":false,"potions_floor_spawned":[1,2,4,10,11,19,29],"killed_by":"Champ","ascension_level":18}