{"gold_per_floor":[110,58,58,128,146,178,191,202,225,19,47,47,18,52,52,130,130,141,91,91,48,0,0],"floor_reached":23,"playtime":611,"items_purged":["Strike_R","Strike_R"],"score":460,"play_id":"574a56d5-0edc-4599-8c37-a1b295885d6a","local_time":"20191006220656","is_ascension_mode":true,"campfire_choices":[{"data":"Evolve","floor":12.0,"key":"SMITH"},{"data":"Spot Weakness","floor":15.0,"key":"SMITH"}],"neow_cost":"NONE","seed_source_timestamp":122157610953500,"circlet_count":0,"master_deck":["AscendersBane","Strike_R","Strike_R","Defend_R","Defend_R","Defend_R+1","Defend_R","Bash","Shrug It Off","Pommel Strike","Fire Breathing","Clothesline","Shrug It Off+1","Uppercut","Spot Weakness+1","Evolve+1","Sword Boomerang","Fiend Fire","Disarm"],"special_seed":0,"relics":["Burning Blood","NeowsBlessing","Matryoshka","Smiling Mask","Regal Pillow","War Paint","Pocketwatch","Lantern","Cursed Key"],"potions_floor_usage":[23],"damage_taken":[{"damage":0.0,"enemies":"Jaw Worm","floor":1.0,"turns":1.0},{"damage":0.0,"enemies":"Cultist","floor":5.0,"turns":1.0},{"damage":0.0,"enemies":"3 Sentries","floor":6.0,"turns":1.0},{"damage":1.0,"enemies":"Small Slimes","floor":7.0,"turns":3.0},{"damage":14.0,"enemies":"3 Louse","floor":8.0,"turns":6.0},{"damage":24.0,"enemies":"Gremlin Nob","floor":11.0,"turns":4.0},{"damage":15.0,"enemies":"Lagavulin","floor":14.0,"turns":6.0},{"damage":19.0,"enemies":"Slime Boss","floor":16.0,"turns":7.0},{"damage":25.0,"enemies":"2 Thieves","floor":18.0,"turns":3.0},{"damage":49,"enemies":"Slavers","floor":23,"turns":3}],"seed_played":"8944906326429401937","potions_obtained":[{"floor":6.0,"key":"Weak Potion"},{"floor":7.0,"key":"Strength Potion"},{"floor":11.0,"key":"SteroidPotion"},{"floor":14.0,"key":"Energy Potion"},{"floor":18.0,"key":"SpeedPotion"}],"is_trial":false,"path_per_floor":["M","$","?","T","M","E","M","M","T","$","E","R","$","E","R","B",null,"M","$","?","$","?","E"],"character_chosen":"IRONCLAD","items_purchased":["Pommel Strike","Spot Weakness","Evolve","Sword Boomerang","Disarm"],"campfire_rested":0,"item_purchase_floors":[2,10,10,13,21],"current_hp_per_floor":[74,74,67,67,73,75,75,67,67,67,49,49,49,40,40,27,63,44,44,44,44,44,0],"gold":0,"neow_bonus":"THREE_ENEMY_KILL","is_prod":false,"is_daily":false,"chose_seed":false,"campfire_upgraded":2,"win_rate":0,"timestamp":1570414016,"path_taken":["M","$","?","?","M","E","M","M","T","?","E","R","$","E","R","BOSS","M","$","?","$","?","E"],"build_version":"2019-10-04","purchased_purges":2,"victory":false,"max_hp_per_floor":[75,75,75,75,75,75,75,75,75,75,75,75,75,75,75,75,75,75,75,75,75,75,75],"card_choices":[{"not_picked":["Seeing Red","Pummel"],"picked":"Shrug It Off","floor":1.0},{"not_picked":["Thunderclap","Clash"],"picked":"Fire Breathing","floor":5.0},{"not_picked":["Flex","Berserk"],"picked":"Clothesline","floor":6.0},{"not_picked":["True Grit","Clothesline"],"picked":"Shrug It Off","floor":7.0},{"not_picked":["Sword Boomerang","Metallicize"],"picked":"Uppercut","floor":8.0},{"not_picked":["Sentinel","Warcry","Metallicize"],"picked":"SKIP","floor":11.0},{"not_picked":["Havoc","Thunderclap","True Grit"],"picked":"SKIP","floor":14.0},{"not_picked":["Juggernaut","Bludgeon"],"picked":"Fiend Fire","floor":16.0},{"not_picked":["Twin Strike","Blood for Blood+1","Iron Wave"],"picked":"SKIP","floor":18.0}],"player_experience":1243875,"relics_obtained":[{"floor":4.0,"key":"Matryoshka"},{"floor":6.0,"key":"Smiling Mask"},{"floor":9.0,"key":"Regal Pillow"},{"floor":9.0,"key":"War Paint"},{"floor":11.0,"key":"Pocketwatch"},{"floor":14.0,"key":"Lantern"}],"event_choices":[{"cards_removed":["Strike_R"],"damage_healed":0.0,"max_hp_gain":0.0,"max_hp_loss":0.0,"gold_gain":0.0,"event_name":"Golden Wing","player_choice":"Card Removal","floor":3.0,"gold_loss":0.0,"damage_taken":7.0},{"damage_healed":0.0,"max_hp_gain":0.0,"max_hp_loss":0.0,"gold_gain":0.0,"event_name":"The Mausoleum","player_choice":"Ignored","floor":20.0,"gold_loss":0.0,"damage_taken":0.0},{"damage_healed":0.0,"max_hp_gain":0.0,"max_hp_loss":0.0,"gold_gain":0.0,"event_name":"Masked Bandits","player_choice":"Paid Fearfully","floor":22.0,"gold_loss":48.0,"damage_taken":0.0}],"is_beta":true,"boss_relics":[{"not_picked":["Runic Pyramid","Coffee Dripper"],"picked":"Cursed Key"}],"items_purged_floors":[10,19],"is_endless":false,"potions_floor_spawned":[6,7,8,11,14,18],"killed_by":"Slavers","ascension_level":20}