{"gold_per_floor":[110,110,124,49,68,68,82,82,82,94,94,156,156,156,156,230,230,244,264,283,55,65,65,98,98,124,124,149,164,164,164],"floor_reached":31,"playtime":1504,"items_purged":["Strike_R","Strike_R"],"score":477,"play_id":"1d66e1e8-f92e-423d-95d9-1b8029ebab61","local_time":"20190116043526","is_ascension_mode":true,"campfire_choices":[{"data":"Body Slam","floor":6.0,"key":"SMITH"},{"data":"Disarm","floor":8.0,"key":"SMITH"},{"data":"Pommel Strike","floor":11.0,"key":"SMITH"},{"data":"Shrug It Off","floor":13,"key":"SMITH"},{"data":"Defend_R","floor":15,"key":"SMITH"},{"data":"Demon Form","floor":23,"key":"SMITH"},{"data":"Heavy Blade","floor":27,"key":"SMITH"}],"neow_cost":"NONE","seed_source_timestamp":288626259315065,"circlet_count":0,"master_deck":["AscendersBane","Strike_R","Strike_R","Strike_R","Defend_R+1","Defend_R+1","Defend_R+1","Defend_R","Bash+1","Disarm+1","Shrug It Off+1","Body Slam+1","Pommel Strike+1","Demon Form+1","Heavy Blade+1","Shrug It Off","Battle Trance"],"special_seed":0,"relics":["Burning Blood","Pantograph","Happy Flower","War Paint","Philosopher\u0027s Stone","Tiny Chest","Centennial Puzzle","Blood Vial","Regal Pillow","FaceOfCleric"],"potions_floor_usage":[12,19,22,24,28,31],"damage_taken":[{"damage":10.0,"enemies":"Cultist","floor":1.0,"turns":5.0},{"damage":5.0,"enemies":"Small Slimes","floor":3.0,"turns":5.0},{"damage":1.0,"enemies":"Jaw Worm","floor":5.0,"turns":4.0},{"damage":7.0,"enemies":"Gremlin Gang","floor":7.0,"turns":6.0},{"damage":4.0,"enemies":"Large Slime","floor":10.0,"turns":7.0},{"damage":8,"enemies":"Gremlin Nob","floor":12,"turns":3},{"damage":5,"enemies":"The Guardian","floor":16,"turns":11},{"damage":16,"enemies":"Shell Parasite","floor":18,"turns":5},{"damage":5,"enemies":"Chosen","floor":19,"turns":4},{"damage":0,"enemies":"Snecko","floor":20,"turns":5},{"damage":28,"enemies":"3 Cultists","floor":22,"turns":6},{"damage":11,"enemies":"Gremlin Leader","floor":24,"turns":5},{"damage":5,"enemies":"Book of Stabbing","floor":28,"turns":5},{"damage":16,"enemies":"Centurion and Healer","floor":29,"turns":6},{"damage":33,"enemies":"Gremlin Leader","floor":31,"turns":4}],"seed_played":"-1033303415547268821","potions_obtained":[{"floor":1.0,"key":"FearPotion"},{"floor":5.0,"key":"Strength Potion"},{"floor":12,"key":"Fire Potion"},{"floor":20,"key":"BloodPotion"},{"floor":22,"key":"SteroidPotion"},{"floor":24,"key":"SpeedPotion"},{"floor":29,"key":"SpeedPotion"}],"is_trial":false,"path_per_floor":["M","?","M","$","M","R","M","R","T","M","R","?","R","T","R","B",null,"M","M","M","$","M","R","E","?","T","R","E","M","?","E"],"character_chosen":"IRONCLAD","items_purchased":["Tiny Chest"],"campfire_rested":0,"item_purchase_floors":[21],"current_hp_per_floor":[71,71,72,72,77,77,76,76,76,78,78,76,76,76,76,82,82,72,73,79,79,65,65,60,36,36,36,39,31,31,0],"gold":164,"neow_bonus":"TEN_PERCENT_HP_BONUS","is_prod":false,"is_daily":false,"chose_seed":false,"campfire_upgraded":7,"win_rate":0,"timestamp":1547609726,"path_taken":["M","?","?","$","M","R","M","R","T","M","R","?","R","?","R","BOSS","M","?","M","$","M","R","E","?","T","R","E","M","?","E"],"build_version":"2019-01-10","purchased_purges":2,"victory":false,"max_hp_per_floor":[82,82,82,82,82,82,82,82,82,82,82,82,82,82,82,82,82,82,82,82,82,82,82,82,87,87,87,87,87,87,87],"card_choices":[{"not_picked":["Carnage","Warcry"],"picked":"Disarm","floor":1.0},{"not_picked":["Seeing Red","Clothesline"],"picked":"Shrug It Off","floor":3.0},{"not_picked":["Dual Wield","Blood for Blood"],"picked":"Body Slam","floor":5.0},{"not_picked":["Dual Wield","Battle Trance"],"picked":"Pommel Strike","floor":7.0},{"not_picked":["Burning Pact","Sword Boomerang","Bloodletting"],"picked":"SKIP","floor":10.0},{"not_picked":["Exhume","Limit Break"],"picked":"Demon Form","floor":16},{"not_picked":["Heavy Blade","Entrench","Pommel Strike"],"picked":"SKIP","floor":18},{"not_picked":["Entrench","Pommel Strike"],"picked":"Heavy Blade","floor":18},{"not_picked":["Cleave","Second Wind","Armaments"],"picked":"SKIP","floor":19},{"not_picked":["Havoc","Armaments+1"],"picked":"Shrug It Off","floor":20},{"not_picked":["Anger","Power Through","Perfected Strike"],"picked":"SKIP","floor":22},{"not_picked":["Corruption","Flex","Hemokinesis"],"picked":"SKIP","floor":24},{"not_picked":["Thunderclap","True Grit","Perfected Strike+1"],"picked":"SKIP","floor":28},{"not_picked":["Bloodletting","Ghostly Armor"],"picked":"Battle Trance","floor":29}],"player_experience":505869,"relics_obtained":[{"floor":9.0,"key":"Pantograph"},{"floor":14,"key":"War Paint"},{"floor":24,"key":"Centennial Puzzle"},{"floor":26,"key":"Blood Vial"},{"floor":28,"key":"Regal Pillow"}],"event_choices":[{"damage_healed":0.0,"max_hp_gain":0.0,"max_hp_loss":0.0,"gold_gain":0.0,"event_name":"Accursed Blacksmith","player_choice":"Forge","floor":2.0,"gold_loss":0.0,"damage_taken":0.0,"cards_upgraded":["Bash"]},{"damage_healed":0,"gold_gain":0,"player_choice":"Searched \u00273\u0027 times","damage_taken":0,"relics_obtained":["Happy Flower"],"max_hp_gain":0,"max_hp_loss":0,"event_name":"Dead Adventurer","floor":12,"gold_loss":0},{"damage_healed":0,"gold_gain":0,"player_choice":"Shed Blood","damage_taken":29,"max_hp_gain":5,"max_hp_loss":0,"event_name":"Forgotten Altar","floor":25,"gold_loss":0},{"damage_healed":0,"gold_gain":0,"player_choice":"Trade","damage_taken":0,"relics_obtained":["FaceOfCleric"],"max_hp_gain":0,"max_hp_loss":0,"event_name":"FaceTrader","floor":30,"gold_loss":0}],"is_beta":false,"boss_relics":[{"not_picked":["Mark of Pain","White Beast Statue"],"picked":"Philosopher\u0027s Stone"}],"items_purged_floors":[4,21],"is_endless":false,"potions_floor_spawned":[1,5,12,20,22,24,29],"killed_by":"Gremlin Leader","ascension_level":16}