{"gold_per_floor":[111,36,36,36,111,111,162,25,25,41,41,55,55],"floor_reached":13,"playtime":269,"items_purged":["Strike_B","Strike_B"],"score":99,"play_id":"77fce07e-f562-45b2-8e0c-8725000fe19a","local_time":"20190722101700","is_ascension_mode":true,"campfire_choices":[{"data":"Dualcast","floor":6,"key":"SMITH"},{"data":"White Noise","floor":11,"key":"SMITH"}],"neow_cost":"NONE","seed_source_timestamp":71128419407800,"circlet_count":0,"master_deck":["Strike_B","Strike_B","Defend_B","Defend_B","Defend_B","Defend_B","Zap+1","Dualcast+1","Compile Driver","White Noise+1","Genetic Algorithm","BootSequence"],"relics":["Cracked Core","Golden Idol","Omamori","Art of War"],"potions_floor_usage":[],"damage_taken":[{"damage":4,"enemies":"2 Louse","floor":1,"turns":4},{"damage":3,"enemies":"Small Slimes","floor":10,"turns":3},{"damage":2,"enemies":"Jaw Worm","floor":12,"turns":3},{"damage":63,"enemies":"Gremlin Nob","floor":13,"turns":4}],"seed_played":"350987787997424504","potions_obtained":[{"floor":10,"key":"SpeedPotion"}],"is_trial":false,"path_per_floor":["M","$","?","?","?","R","T","$","T","M","R","M","E"],"character_chosen":"DEFECT","items_purchased":["White Noise"],"campfire_rested":0,"item_purchase_floors":[8],"current_hp_per_floor":[71,71,71,71,60,60,60,60,60,57,57,55,0],"gold":55,"neow_bonus":"TEN_PERCENT_HP_BONUS","is_prod":false,"is_daily":false,"chose_seed":false,"campfire_upgraded":2,"win_rate":0,"timestamp":1563805020,"path_taken":["M","$","?","?","?","R","?","?","T","M","R","M","E"],"build_version":"2019-07-17","purchased_purges":2,"victory":false,"max_hp_per_floor":[82,82,82,76,76,76,76,76,76,76,76,76,76],"card_choices":[{"not_picked":["Tempest","Steam"],"picked":"Compile Driver","floor":1},{"not_picked":["White Noise","Gash"],"picked":"Genetic Algorithm","floor":10},{"not_picked":["Loop","Compile Driver"],"picked":"BootSequence","floor":12}],"player_experience":476985,"relics_obtained":[{"floor":7,"key":"Omamori"},{"floor":9,"key":"Art of War"}],"event_choices":[{"damage_healed":0,"gold_gain":0,"player_choice":"Grow","damage_taken":0,"max_hp_gain":0,"max_hp_loss":0,"event_name":"Living Wall","floor":3,"gold_loss":0,"cards_upgraded":["Zap"]},{"damage_healed":0,"gold_gain":0,"player_choice":"Lose Max HP","damage_taken":0,"relics_obtained":["Golden Idol"],"max_hp_gain":0,"max_hp_loss":6,"event_name":"Golden Idol","floor":4,"gold_loss":0},{"damage_healed":0,"gold_gain":75,"player_choice":"Gather Gold","damage_taken":11,"max_hp_gain":0,"max_hp_loss":0,"event_name":"World of Goop","floor":5,"gold_loss":0}],"is_beta":false,"boss_relics":[],"items_purged_floors":[2,8],"is_endless":false,"potions_floor_spawned":[10],"killed_by":"Gremlin Nob","ascension_level":8}