{"gold_per_floor":[114,84,84,101,12,12,46,46,72,72,82,100,126,143,143,220,220,234,63,83,83],"floor_reached":21,"playtime":579,"items_purged":[],"score":428,"play_id":"0013d2c5-f140-4f7b-a120-f9d73ee50303","local_time":"20190929123248","is_ascension_mode":true,"campfire_choices":[{"data":"Thunderclap","floor":6,"key":"SMITH"},{"data":"True Grit","floor":8,"key":"SMITH"},{"data":"Feel No Pain","floor":10,"key":"SMITH"},{"data":"Inflame","floor":15,"key":"SMITH"}],"neow_cost":"NONE","seed_source_timestamp":388741246745700,"circlet_count":0,"master_deck":["AscendersBane","Strike_R","Strike_R","Strike_R","Strike_R","Strike_R","Defend_R","Defend_R","Defend_R","Defend_R","Bash","Shrug It Off","Thunderclap+1","Feel No Pain+1","True Grit+1","Sword Boomerang","Ghostly Armor","Inflame+1","Battle Trance","Offering","Uppercut","Fire Breathing","Disarm","True Grit","Shrug It Off+1"],"relics":["Burning Blood","NeowsBlessing","Akabeko","Unceasing Top","Mark of Pain"],"potions_floor_usage":[13,16],"damage_taken":[{"damage":0,"enemies":"Cultist","floor":1,"turns":1},{"damage":0,"enemies":"Jaw Worm","floor":4,"turns":1},{"damage":0,"enemies":"3 Sentries","floor":7,"turns":2},{"damage":0,"enemies":"Small Slimes","floor":11,"turns":2},{"damage":0,"enemies":"3 Louse","floor":12,"turns":1},{"damage":8,"enemies":"Gremlin Nob","floor":13,"turns":3},{"damage":8,"enemies":"Large Slime","floor":14,"turns":5},{"damage":67,"enemies":"Hexaghost","floor":16,"turns":9},{"damage":27,"enemies":"3 Byrds","floor":18,"turns":6},{"damage":18,"enemies":"Spheric Guardian","floor":20,"turns":5},{"damage":29,"enemies":"Masked Bandits","floor":21,"turns":2}],"seed_played":"3771176902700452659","potions_obtained":[{"floor":2,"key":"FairyPotion"},{"floor":2,"key":"Fire Potion"},{"floor":7,"key":"FearPotion"},{"floor":11,"key":"Strength Potion"}],"is_trial":false,"path_per_floor":["M","?","$","M","$","R","E","R","T","R","M","M","E","M","R","B",null,"M","$","M","?"],"character_chosen":"IRONCLAD","items_purchased":["Feel No Pain","Fire Breathing","Disarm","True Grit"],"campfire_rested":0,"item_purchase_floors":[5,19,19,19],"current_hp_per_floor":[74,74,74,75,75,75,75,75,75,75,75,75,73,71,71,10,59,38,38,26,0],"gold":83,"neow_bonus":"THREE_ENEMY_KILL","is_prod":false,"is_daily":false,"chose_seed":false,"campfire_upgraded":4,"win_rate":0,"timestamp":1569774768,"path_taken":["M","?","?","M","$","R","E","R","T","R","M","M","E","M","R","BOSS","M","$","M","?"],"build_version":"2019-09-27","purchased_purges":0,"victory":false,"max_hp_per_floor":[75,75,75,75,75,75,75,75,75,75,75,75,75,75,75,75,75,75,75,75,75],"card_choices":[{"not_picked":["Body Slam","Burning Pact"],"picked":"Shrug It Off","floor":1},{"not_picked":["Iron Wave","Cleave"],"picked":"Thunderclap","floor":4},{"not_picked":["Power Through","Twin Strike"],"picked":"True Grit","floor":7},{"not_picked":["Sentinel","Twin Strike"],"picked":"Sword Boomerang","floor":11},{"not_picked":["Thunderclap","Sword Boomerang"],"picked":"Ghostly Armor","floor":12},{"not_picked":["Pummel","Sever Soul"],"picked":"Inflame","floor":13},{"not_picked":["Heavy Blade","Ghostly Armor"],"picked":"Battle Trance","floor":14},{"not_picked":["Barricade","Juggernaut"],"picked":"Offering","floor":16},{"not_picked":["Pommel Strike","Pummel"],"picked":"Uppercut","floor":18},{"not_picked":["Iron Wave+1","Havoc"],"picked":"Shrug It Off+1","floor":20}],"player_experience":1160935,"relics_obtained":[{"floor":9,"key":"Akabeko"},{"floor":13,"key":"Unceasing Top"}],"event_choices":[{"damage_healed":0,"gold_gain":0,"player_choice":"Bought 2 Potions","damage_taken":0,"max_hp_gain":0,"max_hp_loss":0,"event_name":"The Woman in Blue","floor":2,"gold_loss":0},{"damage_healed":0,"gold_gain":0,"player_choice":"Fought Bandits","damage_taken":0,"max_hp_gain":0,"max_hp_loss":0,"event_name":"Masked Bandits","floor":21,"gold_loss":0}],"is_beta":true,"boss_relics":[{"not_picked":["SlaversCollar","Black Star"],"picked":"Mark of Pain"}],"items_purged_floors":[],"is_endless":false,"potions_floor_spawned":[4,7,11],"killed_by":"Masked Bandits","ascension_level":20}