{"gold_per_floor":[116,127,6,6,25,25,44,71,94,107,121,121,150,150,150,150],"floor_reached":16,"playtime":808,"items_purged":["Strike_B"],"score":185,"play_id":"2def09ee-623e-4d59-9dce-73e9c1dfe5dd","local_time":"20190802130329","is_ascension_mode":true,"campfire_choices":[{"data":"Zap","floor":6,"key":"SMITH"},{"floor":12,"key":"REST"},{"floor":15,"key":"REST"}],"neow_cost":"PERCENT_DAMAGE","seed_source_timestamp":1031015784384700,"circlet_count":0,"master_deck":["AscendersBane","Strike_B","Strike_B","Strike_B","Defend_B","Defend_B","Defend_B","Defend_B","Zap+1","Dualcast","Rip and Tear","Coolheaded","Conserve Battery","Compile Driver","Steam","Coolheaded","Leap"],"relics":["Cracked Core","Gambling Chip","Lantern","Regal Pillow","Happy Flower","Matryoshka"],"potions_floor_usage":[10,13,16],"damage_taken":[{"damage":1,"enemies":"Cultist","floor":1,"turns":3},{"damage":0,"enemies":"2 Louse","floor":2,"turns":2},{"damage":0,"enemies":"Jaw Worm","floor":5,"turns":5},{"damage":9,"enemies":"3 Louse","floor":7,"turns":3},{"damage":24,"enemies":"3 Sentries","floor":8,"turns":10},{"damage":9,"enemies":"Exordium Thugs","floor":10,"turns":4},{"damage":0,"enemies":"Blue Slaver","floor":11,"turns":4},{"damage":17,"enemies":"Gremlin Nob","floor":13,"turns":4},{"damage":65,"enemies":"Slime Boss","floor":16,"turns":17}],"seed_played":"-1039199087970824305","potions_obtained":[{"floor":2,"key":"SpeedPotion"},{"floor":5,"key":"Strength Potion"},{"floor":8,"key":"Weak Potion"},{"floor":10,"key":"Strength Potion"}],"is_trial":false,"path_per_floor":["M","M","$","?","M","R","M","E","T","M","M","R","E","?","R","B"],"character_chosen":"DEFECT","items_purchased":["Conserve Battery"],"campfire_rested":2,"item_purchase_floors":[3],"current_hp_per_floor":[49,49,49,49,49,49,40,16,16,7,7,44,27,27,64,0],"gold":150,"neow_bonus":"ONE_RARE_RELIC","is_prod":false,"is_daily":false,"chose_seed":false,"campfire_upgraded":1,"win_rate":0,"timestamp":1564765409,"path_taken":["M","M","$","?","M","R","M","E","T","M","M","R","E","?","R","BOSS"],"build_version":"2019-07-17","purchased_purges":1,"victory":false,"max_hp_per_floor":[75,75,75,75,75,75,75,75,75,75,75,75,75,75,75,75],"card_choices":[{"not_picked":["Rebound","Redo"],"picked":"Rip and Tear","floor":1},{"not_picked":["Chaos","Hello World"],"picked":"Coolheaded","floor":2},{"not_picked":["Leap","Gash"],"picked":"Compile Driver","floor":5},{"not_picked":["Beam Cell","Force Field"],"picked":"Steam","floor":7},{"not_picked":["Barrage","Blizzard"],"picked":"Coolheaded","floor":8},{"not_picked":["Chaos","Rebound"],"picked":"Leap","floor":10},{"not_picked":["Hello World","Hyperbeam","Tempest"],"picked":"SKIP","floor":11},{"not_picked":["Gash","Meteor Strike"],"picked":"Hologram","floor":13}],"player_experience":625492,"relics_obtained":[{"floor":8,"key":"Lantern"},{"floor":9,"key":"Regal Pillow"},{"floor":13,"key":"Happy Flower"}],"event_choices":[{"damage_healed":0,"gold_gain":0,"player_choice":"Ignored","damage_taken":0,"max_hp_gain":0,"max_hp_loss":0,"event_name":"Shining Light","floor":4,"gold_loss":0},{"cards_removed":["Hologram"],"damage_healed":0,"gold_gain":0,"player_choice":"Gave Card","damage_taken":0,"relics_obtained":["Matryoshka"],"max_hp_gain":0,"max_hp_loss":0,"event_name":"WeMeetAgain","floor":14,"gold_loss":0}],"is_beta":false,"boss_relics":[],"items_purged_floors":[3],"is_endless":false,"potions_floor_spawned":[2,5,8,10],"killed_by":"Slime Boss","ascension_level":13}