{"gold_per_floor":[118,128,142,142,42,71,71,102,102,102,102],"floor_reached":11,"playtime":252,"items_purged":["Strike_R"],"score":162,"play_id":"60b3a9aa-e61f-4059-a217-9945650028d7","local_time":"20191005174413","is_ascension_mode":true,"campfire_choices":[{"data":"Anger","floor":7,"key":"SMITH"}],"neow_cost":"NONE","seed_source_timestamp":20510822823300,"circlet_count":0,"master_deck":["AscendersBane","Strike_R","Strike_R","Strike_R","Strike_R","Defend_R","Defend_R+1","Defend_R","Defend_R","Bash","Flame Barrier+1","Anger+1","Thunderclap","Cleave","Shockwave+1"],"special_seed":0,"relics":["Burning Blood","NeowsBlessing","Kunai","War Paint","Singing Bowl"],"potions_floor_usage":[8],"damage_taken":[{"damage":0.0,"enemies":"Cultist","floor":1.0,"turns":1.0},{"damage":0.0,"enemies":"2 Louse","floor":2.0,"turns":1.0},{"damage":0.0,"enemies":"Jaw Worm","floor":3.0,"turns":1.0},{"damage":14.0,"enemies":"3 Sentries","floor":6.0,"turns":4.0},{"damage":53,"enemies":"Lagavulin","floor":8,"turns":8},{"damage":32,"enemies":"Gremlin Nob","floor":11,"turns":4}],"seed_played":"-4546459980893533095","potions_obtained":[{"floor":1.0,"key":"AttackPotion"},{"floor":6,"key":"Explosive Potion"}],"is_trial":false,"path_per_floor":["M","M","M","T","$","E","R","E","T","?","E"],"character_chosen":"IRONCLAD","items_purchased":["Cleave"],"campfire_rested":0,"item_purchase_floors":[5],"current_hp_per_floor":[74,75,75,75,75,67,67,20,20,20,0],"gold":102,"neow_bonus":"THREE_ENEMY_KILL","is_prod":false,"is_daily":false,"chose_seed":false,"campfire_upgraded":1,"win_rate":0,"timestamp":1570311853,"path_taken":["M","?","M","?","?","E","R","E","T","?","E"],"build_version":"2019-10-04","purchased_purges":1,"victory":false,"max_hp_per_floor":[75,75,75,75,75,75,75,75,75,75,75],"card_choices":[{"not_picked":["Sword Boomerang","Anger"],"picked":"Flame Barrier","floor":1.0},{"not_picked":["Power Through","Sentinel"],"picked":"Anger","floor":2.0},{"not_picked":["Dual Wield","Perfected Strike"],"picked":"Thunderclap","floor":3.0},{"not_picked":["Thunderclap","Heavy Blade"],"picked":"Shockwave","floor":6},{"not_picked":["Cleave","Clothesline","Infernal Blade"],"picked":"SKIP","floor":8}],"player_experience":1230510,"relics_obtained":[{"floor":4.0,"key":"Kunai"},{"floor":8,"key":"War Paint"},{"floor":9,"key":"Singing Bowl"}],"event_choices":[{"damage_healed":0,"gold_gain":0,"player_choice":"Upgraded","damage_taken":0,"max_hp_gain":0,"max_hp_loss":0,"event_name":"Upgrade Shrine","floor":10,"gold_loss":0,"cards_upgraded":["Flame Barrier"]}],"is_beta":true,"boss_relics":[],"items_purged_floors":[5],"is_endless":false,"potions_floor_spawned":[1,6],"killed_by":"Gremlin Nob","ascension_level":20}