{"gold_per_floor":[110,39,59,134,154,154,184,184,258,284,284,294,320,346,346,448,448,459,472,49,69,83,83,47,47,47,57,157,184,184,214,214,312,312,332,72,85,85,85,111,111,72,72,72,97,97,113,139,139,139],"floor_reached":51,"playtime":2423,"items_purged":["Strike_P"],"score":1290,"play_id":"59119a5a-2fe4-4b75-9678-8e90d64e4e14","local_time":"20191003221727","is_ascension_mode":true,"campfire_choices":[{"data":"Eruption","floor":6.0,"key":"SMITH"},{"data":"Ragnarok","floor":8.0,"key":"SMITH"},{"floor":11.0,"key":"REST"},{"data":"Evaluate","floor":15.0,"key":"SMITH"},{"data":"FlurryOfBlows","floor":23,"key":"SMITH"},{"data":"FlowState","floor":25,"key":"SMITH"},{"data":"DeusExMachina","floor":30,"key":"SMITH"},{"data":"Weave","floor":32,"key":"SMITH"},{"data":"ConjureBlade","floor":44,"key":"SMITH"},{"data":"ReachHeaven","floor":46,"key":"SMITH"},{"floor":49,"key":"REST"}],"neow_cost":"NONE","seed_source_timestamp":767443751282500,"circlet_count":0,"master_deck":["Strike_P","Strike_P","Defend_P","Defend_P","Defend_P","Defend_P","Eruption+1","Vigilance","FlowState+1","CrushJoints","FlurryOfBlows+1","ReachHeaven+1","Ragnarok+1","Evaluate+1","EmptyFist","JustLucky","ConjureBlade+1","EmptyBody","Consecrate","DeusExMachina+1","Tantrum","Weave+1","WreathOfFlame+1","DevaForm","EmptyMind","Adaptation"],"special_seed":0,"relics":["HolyWater","Regal Pillow","TeardropLocket","Vajra","Boot","Gremlin Horn","TungstenRod","Dead Branch","Lizard Tail","Dodecahedron","InkBottle","PreservedInsect","Cursed Key","Yang","Art of War","MealTicket","Eternal Feather"],"potions_floor_usage":[29,35,50],"damage_taken":[{"damage":2.0,"enemies":"Jaw Worm","floor":1.0,"turns":4.0},{"damage":0.0,"enemies":"Cultist","floor":3.0,"turns":4.0},{"damage":0.0,"enemies":"Small Slimes","floor":5.0,"turns":2.0},{"damage":0.0,"enemies":"Gremlin Nob","floor":7.0,"turns":2.0},{"damage":43.0,"enemies":"3 Sentries","floor":10.0,"turns":3.0},{"damage":2.0,"enemies":"Blue Slaver","floor":12.0,"turns":3.0},{"damage":5.0,"enemies":"Lagavulin","floor":14.0,"turns":4.0},{"damage":1.0,"enemies":"The Guardian","floor":16.0,"turns":5.0},{"damage":0,"enemies":"Shell Parasite","floor":18,"turns":2},{"damage":4,"enemies":"Chosen","floor":19,"turns":2},{"damage":8,"enemies":"Centurion and Healer","floor":21,"turns":4},{"damage":0,"enemies":"Snecko","floor":22,"turns":2},{"damage":8,"enemies":"Cultist and Chosen","floor":27,"turns":2},{"damage":0,"enemies":"Colosseum Slavers","floor":28,"turns":2},{"damage":0,"enemies":"Colosseum Nobs","floor":28,"turns":1},{"damage":0,"enemies":"Gremlin Leader","floor":29,"turns":3},{"damage":18,"enemies":"Book of Stabbing","floor":31,"turns":3},{"damage":10,"enemies":"Automaton","floor":33,"turns":5},{"damage":2,"enemies":"3 Darklings","floor":35,"turns":3},{"damage":0,"enemies":"Orb Walker","floor":37,"turns":2},{"damage":13,"enemies":"Nemesis","floor":40,"turns":4},{"damage":0,"enemies":"Reptomancer","floor":45,"turns":2},{"damage":4,"enemies":"Sphere and 2 Shapes","floor":47,"turns":4},{"damage":20,"enemies":"Nemesis","floor":48,"turns":3},{"damage":39,"enemies":"Donu and Deca","floor":50,"turns":7}],"seed_played":"-8383010419593422958","potions_obtained":[{"floor":3.0,"key":"LiquidBronze"},{"floor":14.0,"key":"Fire Potion"},{"floor":16.0,"key":"Ancient Potion"},{"floor":33,"key":"Block Potion"},{"floor":40,"key":"SpeedPotion"},{"floor":48,"key":"PowerPotion"}],"is_trial":false,"path_per_floor":["M","$","M","?","M","R","E","R","T","E","R","M","T","E","R","B",null,"M","M","$","M","M","R","$","R","T","M","?","E","R","E","R","B",null,"M","$","M","$","?","E","?","$","T","R","E","R","M","E","R","B",null],"character_chosen":"WATCHER","items_purchased":["FlurryOfBlows","TungstenRod","Consecrate","Tantrum","Yang","EmptyMind"],"campfire_rested":2,"item_purchase_floors":[2,20,20,24,36,42],"current_hp_per_floor":[63,63,63,52,52,52,52,52,52,9,45,43,43,38,38,37,63,63,59,59,51,51,51,51,51,51,43,43,43,43,25,25,15,58,56,56,56,56,56,43,43,43,43,43,43,43,39,19,68,29],"gold":139,"neow_bonus":"TRANSFORM_CARD","is_prod":false,"is_daily":false,"chose_seed":false,"campfire_upgraded":9,"win_rate":0,"timestamp":1570155447,"path_taken":["M","$","M","?","M","R","E","R","T","E","R","M","?","E","R","BOSS","M","?","$","M","M","R","$","R","T","M","?","E","R","E","R","BOSS","M","$","M","$","?","E","?","$","T","R","E","R","M","E","R","BOSS"],"build_version":"2019-10-03","purchased_purges":1,"victory":true,"max_hp_per_floor":[72,72,72,72,72,72,72,72,72,72,72,72,72,72,72,72,72,72,72,72,72,72,72,72,72,72,72,72,72,72,72,72,72,72,72,72,72,72,72,72,68,68,68,68,68,68,68,68,68,68],"card_choices":[{"not_picked":["Crescendo","Prostrate"],"picked":"CrushJoints","floor":1.0},{"not_picked":["ClearTheMind","Vengeance"],"picked":"ReachHeaven","floor":3.0},{"not_picked":["WreathOfFlame","Meditate"],"picked":"Ragnarok","floor":5.0},{"not_picked":["Omniscience","BowlingBash"],"picked":"Evaluate","floor":7.0},{"not_picked":["ClearTheMind","Halt"],"picked":"EmptyFist","floor":10.0},{"not_picked":["FlyingSleeves","ClearTheMind"],"picked":"ThirdEye","floor":12.0},{"not_picked":["Protect","FollowUp"],"picked":"JustLucky","floor":14.0},{"not_picked":["Vault","DeusExMachina"],"picked":"ConjureBlade","floor":16.0},{"not_picked":["CutThroughFate","Meditate","Protect"],"picked":"SKIP","floor":18},{"not_picked":["Crescendo","CrushJoints"],"picked":"EmptyBody","floor":19},{"not_picked":["WindmillStrike","Prostrate","Scrawl"],"picked":"SKIP","floor":21},{"not_picked":["FollowUp","Consecrate"],"picked":"DeusExMachina","floor":22},{"not_picked":["EmptyFist","SashWhip+1"],"picked":"Weave","floor":27},{"not_picked":["CutThroughFate+1","FollowUp"],"picked":"WreathOfFlame+1","floor":29},{"not_picked":["Perseverance","MasterReality+1","FlyingSleeves+1"],"picked":"SKIP","floor":31},{"not_picked":["Omniscience","Blasphemy"],"picked":"DevaForm","floor":33},{"not_picked":["EmptyFist+1","Crescendo","BattleHymn+1"],"picked":"SKIP","floor":35},{"not_picked":["FlurryOfBlows+1","FollowUp","CarveReality"],"picked":"SKIP","floor":37},{"not_picked":["CrushJoints+1","Protect","EmptyBody+1"],"picked":"SKIP","floor":40},{"not_picked":["BowlingBash","Prostrate","ReachHeaven"],"picked":"SKIP","floor":45},{"not_picked":["Halt+1","Protect+1","CrushJoints"],"picked":"SKIP","floor":47},{"not_picked":["WheelKick+1","Protect+1"],"picked":"Adaptation","floor":48}],"player_experience":1220455,"relics_obtained":[{"floor":7.0,"key":"Regal Pillow"},{"floor":9.0,"key":"TeardropLocket"},{"floor":10.0,"key":"Vajra"},{"floor":13.0,"key":"Boot"},{"floor":14.0,"key":"Gremlin Horn"},{"floor":26,"key":"Dead Branch"},{"floor":28,"key":"Lizard Tail"},{"floor":28,"key":"Dodecahedron"},{"floor":29,"key":"InkBottle"},{"floor":31,"key":"PreservedInsect"},{"floor":40,"key":"Art of War"},{"floor":45,"key":"MealTicket"},{"floor":48,"key":"Eternal Feather"}],"event_choices":[{"damage_healed":0.0,"max_hp_gain":0.0,"max_hp_loss":0.0,"gold_gain":75.0,"event_name":"World of Goop","player_choice":"Gather Gold","floor":4.0,"gold_loss":0.0,"damage_taken":11.0},{"damage_healed":0,"gold_gain":0,"player_choice":"Fight","damage_taken":0,"max_hp_gain":0,"max_hp_loss":0,"event_name":"Colosseum","floor":28,"gold_loss":0},{"damage_healed":0,"gold_gain":0,"player_choice":"Fought Nobs","damage_taken":0,"max_hp_gain":0,"max_hp_loss":0,"event_name":"Colosseum","floor":28,"gold_loss":0},{"cards_removed":["ThirdEye"],"damage_healed":0,"gold_gain":0,"player_choice":"Removed Skill","damage_taken":0,"max_hp_gain":0,"max_hp_loss":0,"event_name":"Falling","floor":39,"gold_loss":0},{"damage_healed":0,"gold_gain":0,"player_choice":"Max HP","damage_taken":0,"max_hp_gain":0,"max_hp_loss":4,"event_name":"Winding Halls","floor":41,"gold_loss":0}],"is_beta":true,"boss_relics":[{"not_picked":["Black Star","Tiny House"],"picked":"HolyWater"},{"not_picked":["Runic Pyramid","Pandora\u0027s Box"],"picked":"Cursed Key"}],"items_purged_floors":[20],"is_endless":false,"potions_floor_spawned":[3,14,16,18,21,28,33,40,48],"ascension_level":8}