{"gold_per_floor":[110,125,50,64,81,81,92,104,104,154,154,154],"floor_reached":12,"playtime":599,"items_purged":["Strike_R"],"score":133,"play_id":"bc9002ff-c3d6-4f56-b866-60b0ebb16518","local_time":"20191023155938","is_ascension_mode":true,"campfire_choices":[{"data":"Searing Blow","floor":6,"key":"SMITH"},{"data":"Searing Blow+1","floor":11,"key":"SMITH"}],"neow_cost":"NONE","seed_source_timestamp":1142410498546119,"circlet_count":0,"master_deck":["AscendersBane","Strike_R","Strike_R","Strike_R","Strike_R","Defend_R","Defend_R","Defend_R","Defend_R","Bash","Searing Blow+2","Flame Barrier"],"relics":["Burning Blood","Shuriken"],"potions_floor_usage":[5,12],"damage_taken":[{"damage":12,"enemies":"2 Louse","floor":1,"turns":4},{"damage":9,"enemies":"Jaw Worm","floor":2,"turns":5},{"damage":7,"enemies":"Small Slimes","floor":4,"turns":5},{"damage":17,"enemies":"Looter","floor":5,"turns":3},{"damage":50,"enemies":"Large Slime","floor":7,"turns":10},{"damage":9,"enemies":"2 Fungi Beasts","floor":8,"turns":4},{"damage":23,"enemies":"Gremlin Nob","floor":12,"turns":3}],"seed_played":"-5668226859664821274","potions_obtained":[{"floor":2,"key":"Poison Potion"},{"floor":8,"key":"Poison Potion"}],"is_trial":false,"path_per_floor":["M","M","$","M","M","R","M","M","T","?","R","E"],"character_chosen":"IRONCLAD","items_purchased":[],"campfire_rested":0,"item_purchase_floors":[],"current_hp_per_floor":[69,66,66,65,54,54,10,7,7,7,7,0],"gold":154,"neow_bonus":"TEN_PERCENT_HP_BONUS","is_prod":false,"is_daily":false,"chose_seed":false,"campfire_upgraded":2,"win_rate":0,"timestamp":1571839178,"path_taken":["M","M","$","M","M","R","M","M","T","?","R","E"],"build_version":"2019-07-17","purchased_purges":1,"victory":false,"max_hp_per_floor":[82,82,82,82,82,82,82,82,82,82,82,82],"card_choices":[{"not_picked":["Warcry","Havoc"],"picked":"Searing Blow","floor":1},{"not_picked":["Perfected Strike","Iron Wave","Second Wind"],"picked":"SKIP","floor":2},{"not_picked":["Thunderclap","Warcry","Rampage"],"picked":"SKIP","floor":4},{"not_picked":["Body Slam","Burning Pact","Rage"],"picked":"SKIP","floor":5},{"not_picked":["Sword Boomerang","Rampage"],"picked":"Flame Barrier","floor":7},{"not_picked":["Carnage","Wild Strike","Clash"],"picked":"SKIP","floor":8}],"player_experience":519775,"relics_obtained":[{"floor":9,"key":"Shuriken"}],"event_choices":[{"damage_healed":0,"gold_gain":50,"player_choice":"Gained Gold","damage_taken":0,"max_hp_gain":0,"max_hp_loss":0,"event_name":"Golden Wing","floor":10,"gold_loss":0}],"is_beta":false,"boss_relics":[],"items_purged_floors":[3],"is_endless":false,"potions_floor_spawned":[2,8],"killed_by":"Gremlin Nob","ascension_level":17}