{"gold_per_floor":[110,110,110,124,49,83,95,106,129,164,177,189,200,228,228,331,331,343,360,376,10,10,10,36,0,0,0,0,0,31,48,48,152,152,172,172,186,186,200,200,233,233,258,293,16,16,45,45,45,45],"floor_reached":50,"playtime":1934,"items_purged":["Strike_P","Strike_P","Strike_P"],"score":952,"play_id":"b26f7e28-1799-48d1-a656-94aafa2e7e62","local_time":"20191002234244","is_ascension_mode":true,"campfire_choices":[{"data":"Eruption","floor":15.0,"key":"SMITH"},{"data":"Apotheosis","floor":23.0,"key":"SMITH"},{"data":"Vigilance","floor":32.0,"key":"SMITH"},{"data":"Wireheading","floor":40.0,"key":"SMITH"},{"data":"MentalFortress","floor":42.0,"key":"SMITH"},{"data":"Ragnarok","floor":46.0,"key":"SMITH"},{"floor":49.0,"key":"REST"}],"neow_cost":"NONE","seed_source_timestamp":0,"circlet_count":0,"master_deck":["Strike_P","Defend_P","Defend_P","Defend_P","Defend_P","Eruption+1","Vigilance+1","Consecrate","Dark Shackles","EmptyFist","CrushJoints","FearNoEvil","SashWhip","Brilliance","Tantrum","Sanctity","Ragnarok+1","Perseverance","EmptyBody","Wireheading+1","MentalFortress+1","Apotheosis+1","InnerPeace+1","ReachHeaven","Adaptation","Crescendo+1","Protect+1","ClearTheMind","Wallop","Ragnarok+1","DevaForm","ReachHeaven","ClearTheMind+1","Perseverance+1","EmptyMind+1"],"special_seed":0,"relics":["PureWater","NeowsBlessing","Akabeko","Omamori","Dream Catcher","Gremlin Horn","VioletLotus","Centennial Puzzle","Shuriken","Vajra","Necronomicon","HornCleat","Philosopher\u0027s Stone","Turnip","StrikeDummy","Smiling Mask","Toy Ornithopter","Orrery","InkBottle"],"potions_floor_usage":[],"damage_taken":[{"damage":0.0,"enemies":"Jaw Worm","floor":1.0,"turns":1.0},{"damage":0.0,"enemies":"2 Louse","floor":4.0,"turns":1.0},{"damage":0.0,"enemies":"Lagavulin","floor":6.0,"turns":1.0},{"damage":1.0,"enemies":"Cultist","floor":7.0,"turns":3.0},{"damage":9.0,"enemies":"Red Slaver","floor":8.0,"turns":2.0},{"damage":7.0,"enemies":"3 Sentries","floor":10.0,"turns":4.0},{"damage":0.0,"enemies":"Blue Slaver","floor":11.0,"turns":3.0},{"damage":3.0,"enemies":"Looter","floor":12.0,"turns":2.0},{"damage":0.0,"enemies":"Large Slime","floor":13.0,"turns":2.0},{"damage":20.0,"enemies":"Lagavulin","floor":14.0,"turns":4.0},{"damage":20.0,"enemies":"Hexaghost","floor":16.0,"turns":8.0},{"damage":1.0,"enemies":"3 Byrds","floor":18.0,"turns":2.0},{"damage":7.0,"enemies":"2 Thieves","floor":19.0,"turns":3.0},{"damage":4.0,"enemies":"Sentry and Sphere","floor":20.0,"turns":3.0},{"damage":10.0,"enemies":"Book of Stabbing","floor":24.0,"turns":4.0},{"damage":0.0,"enemies":"Gremlin Leader","floor":30.0,"turns":2.0},{"damage":24.0,"enemies":"Snake Plant","floor":31.0,"turns":3.0},{"damage":0.0,"enemies":"Automaton","floor":33.0,"turns":6.0},{"damage":5.0,"enemies":"Orb Walker","floor":35.0,"turns":2.0},{"damage":13.0,"enemies":"3 Darklings","floor":37.0,"turns":2.0},{"damage":3.0,"enemies":"Maw","floor":39.0,"turns":5.0},{"damage":7.0,"enemies":"Reptomancer","floor":41.0,"turns":2.0},{"damage":0.0,"enemies":"Giant Head","floor":44.0,"turns":4.0},{"damage":17.0,"enemies":"Nemesis","floor":47.0,"turns":3.0},{"damage":79,"enemies":"Time Eater","floor":50,"turns":6}],"seed_played":"-2707334208428078056","potions_obtained":[{"floor":4.0,"key":"BottledMiracle"},{"floor":8.0,"key":"Explosive Potion"},{"floor":12.0,"key":"Fire Potion"},{"floor":13.0,"key":"EssenceOfSteel"},{"floor":14.0,"key":"Explosive Potion"},{"floor":16.0,"key":"BottledMiracle"},{"floor":20.0,"key":"Weak Potion"},{"floor":30.0,"key":"Energy Potion"},{"floor":33.0,"key":"PowerPotion"},{"floor":39.0,"key":"Swift Potion"},{"floor":44.0,"key":"FearPotion"}],"is_trial":false,"path_per_floor":["M","?","?","M","$","E","M","M","T","E","M","M","M","E","R","B",null,"M","M","M","$","?","R","E","$","T","?","?","$","E","M","R","B",null,"M","?","M","T","M","R","E","R","T","E","$","R","E","$","R","B"],"character_chosen":"WATCHER","items_purchased":["MentalFortress","Apotheosis","ReachHeaven","Wallop","Orrery"],"campfire_rested":1,"item_purchase_floors":[21,21,25,45,45],"current_hp_per_floor":[65,70,70,70,70,70,69,60,60,53,53,50,50,39,39,19,63,62,55,51,51,51,51,44,44,44,69,53,53,53,35,35,50,70,74,74,64,64,67,67,60,60,60,63,63,63,46,46,69,0],"gold":45,"neow_bonus":"THREE_ENEMY_KILL","is_prod":false,"is_daily":false,"chose_seed":false,"campfire_upgraded":6,"win_rate":0,"timestamp":1570074164,"path_taken":["M","?","?","?","$","E","M","M","T","E","M","M","M","E","R","BOSS","M","M","M","$","?","R","E","$","T","?","?","$","E","M","R","BOSS","M","?","?","?","M","R","E","R","T","E","$","R","E","?","R","BOSS"],"build_version":"2019-10-02","purchased_purges":3,"victory":false,"max_hp_per_floor":[72,77,77,77,77,77,77,77,77,77,77,77,77,77,77,77,77,77,77,77,77,77,77,77,77,77,77,77,77,77,77,77,77,77,77,77,77,77,77,77,77,77,77,77,77,77,77,77,77,77],"card_choices":[{"not_picked":["CutThroughFate","SignatureMove"],"picked":"Consecrate","floor":1.0},{"not_picked":["Crescendo","Fasting2"],"picked":"EmptyFist","floor":4.0},{"not_picked":["BowlingBash","Indignation"],"picked":"CrushJoints","floor":6.0},{"not_picked":["SandsOfTime","FlyingSleeves"],"picked":"FearNoEvil","floor":7.0},{"not_picked":["Consecrate","Fasting2"],"picked":"SashWhip","floor":8.0},{"not_picked":["FlyingSleeves","WindmillStrike"],"picked":"Brilliance","floor":10.0},{"not_picked":["WheelKick","BowlingBash"],"picked":"Tantrum","floor":11.0},{"not_picked":["SandsOfTime","Protect"],"picked":"Sanctity","floor":12.0},{"not_picked":["FollowUp","Consecrate","SignatureMove"],"picked":"SKIP","floor":13.0},{"not_picked":["PathToVictory","FlyingSleeves","Devotion"],"picked":"SKIP","floor":14.0},{"not_picked":["LessonLearned","Vault"],"picked":"Ragnarok","floor":16.0},{"not_picked":["MasterReality","CrushJoints"],"picked":"Perseverance","floor":18.0},{"not_picked":["Sanctity","WaveOfTheHand"],"picked":"EmptyBody","floor":19.0},{"not_picked":["Sanctity","LessonLearned"],"picked":"Wireheading","floor":20.0},{"not_picked":["ThirdEye","Prostrate"],"picked":"InnerPeace+1","floor":24.0},{"not_picked":["Sanctity+1","SignatureMove+1","BattleHymn"],"picked":"SKIP","floor":30.0},{"not_picked":["Consecrate","CarveReality","CrushJoints"],"picked":"SKIP","floor":31.0},{"not_picked":["Alpha","LessonLearned"],"picked":"Adaptation","floor":33.0},{"not_picked":["FlyingSleeves","SashWhip+1"],"picked":"Crescendo+1","floor":35.0},{"not_picked":["CarveReality","Prostrate+1","EmptyFist"],"picked":"SKIP","floor":37.0},{"not_picked":["FollowUp","ClearTheMind"],"picked":"Protect+1","floor":39.0},{"not_picked":["CrushJoints","BowlingBash"],"picked":"ClearTheMind","floor":41.0},{"not_picked":["DeceiveReality","Weave+1","ClearTheMind"],"picked":"SKIP","floor":44.0},{"not_picked":["Crescendo","CutThroughFate+1"],"picked":"Ragnarok","floor":45.0},{"not_picked":["EmptyBody","EmptyFist+1"],"picked":"DevaForm","floor":45.0},{"not_picked":["Crescendo+1","SpiritShield"],"picked":"ReachHeaven","floor":45.0},{"not_picked":["Consecrate+1","FollowUp+1"],"picked":"ClearTheMind+1","floor":45.0},{"not_picked":["Blasphemy","Devotion"],"picked":"Perseverance+1","floor":47.0},{"not_picked":["Consecrate","Perseverance"],"picked":"EmptyMind+1","floor":49.0}],"player_experience":1208546,"relics_obtained":[{"floor":6.0,"key":"Akabeko"},{"floor":9.0,"key":"Omamori"},{"floor":10.0,"key":"Dream Catcher"},{"floor":14.0,"key":"Gremlin Horn"},{"floor":24.0,"key":"Shuriken"},{"floor":26.0,"key":"Vajra"},{"floor":28.0,"key":"Necronomicon"},{"floor":30.0,"key":"HornCleat"},{"floor":38.0,"key":"Turnip"},{"floor":41.0,"key":"StrikeDummy"},{"floor":43.0,"key":"Smiling Mask"},{"floor":44.0,"key":"Toy Ornithopter"},{"floor":47.0,"key":"InkBottle"}],"event_choices":[{"damage_healed":0.0,"max_hp_gain":5.0,"max_hp_loss":0.0,"gold_gain":0.0,"event_name":"Big Fish","player_choice":"Donut","floor":2.0,"gold_loss":0.0,"damage_taken":0.0},{"damage_healed":0.0,"max_hp_gain":0.0,"max_hp_loss":0.0,"gold_gain":0.0,"event_name":"Match and Keep!","player_choice":"1 cards matched","floor":3.0,"gold_loss":0.0,"damage_taken":0.0,"cards_obtained":["Dark Shackles"]},{"damage_healed":0.0,"max_hp_gain":0.0,"max_hp_loss":0.0,"gold_gain":0.0,"event_name":"Addict","player_choice":"Stole Relic","floor":22.0,"gold_loss":0.0,"damage_taken":0.0,"relics_obtained":["Centennial Puzzle"],"cards_obtained":["Shame"]},{"damage_healed":25.0,"max_hp_gain":0.0,"max_hp_loss":0.0,"gold_gain":0.0,"event_name":"The Library","player_choice":"Heal","floor":27.0,"gold_loss":0.0,"damage_taken":0.0},{"damage_healed":0.0,"max_hp_gain":0.0,"max_hp_loss":0.0,"gold_gain":0.0,"event_name":"Cursed Tome","player_choice":"Obtained Book","floor":28.0,"gold_loss":0.0,"damage_taken":16.0},{"damage_healed":0.0,"max_hp_gain":0.0,"max_hp_loss":0.0,"gold_gain":0.0,"event_name":"Upgrade Shrine","player_choice":"Upgraded","floor":36.0,"gold_loss":0.0,"damage_taken":0.0,"cards_upgraded":["Ragnarok"]}],"is_beta":true,"boss_relics":[{"not_picked":["HolyWater","Busted Crown"],"picked":"VioletLotus"},{"not_picked":["Calling Bell","Pandora\u0027s Box"],"picked":"Philosopher\u0027s Stone"}],"items_purged_floors":[5,21,45],"is_endless":false,"potions_floor_spawned":[4,8,12,13,14,16,20,30,33,39,44,47],"killed_by":"Time Eater","ascension_level":6}