{"gold_per_floor":[119,138,154,170,146,173,185,14,67,67,82,82],"floor_reached":12,"playtime":340,"items_purged":["Strike_R"],"score":168,"play_id":"3c1e8a4b-b224-4b3b-917b-fae124db6d35","local_time":"20191017221258","is_ascension_mode":true,"campfire_choices":[{"data":"Whirlwind","floor":10,"key":"SMITH"}],"neow_cost":"NONE","seed_source_timestamp":468282143367500,"circlet_count":0,"master_deck":["AscendersBane","Strike_R","Strike_R","Strike_R","Strike_R","Defend_R","Defend_R","Defend_R","Defend_R","Bash","Hemokinesis","Headbutt","True Grit","Whirlwind+1","Pommel Strike","Fire Breathing","Shrug It Off","Immolate"],"relics":["Burning Blood","Self Forming Clay","MealTicket"],"potions_floor_usage":[4,7],"damage_taken":[{"damage":8,"enemies":"Cultist","floor":1,"turns":4},{"damage":5,"enemies":"Jaw Worm","floor":2,"turns":3},{"damage":2,"enemies":"2 Louse","floor":3,"turns":3},{"damage":0,"enemies":"Gremlin Gang","floor":4,"turns":1},{"damage":15,"enemies":"Exordium Thugs","floor":5,"turns":4},{"damage":51,"enemies":"3 Sentries","floor":6,"turns":8},{"damage":0,"enemies":"3 Louse","floor":7,"turns":1},{"damage":3,"enemies":"Large Slime","floor":11,"turns":3},{"damage":30,"enemies":"Lagavulin","floor":12,"turns":3}],"seed_played":"-3619544192150357501","potions_obtained":[{"floor":1,"key":"SteroidPotion"},{"floor":6,"key":"Explosive Potion"}],"is_trial":false,"path_per_floor":["M","M","M","M","M","E","M","$","T","R","M","E"],"character_chosen":"IRONCLAD","items_purchased":["Fire Breathing","Shrug It Off"],"campfire_rested":0,"item_purchase_floors":[8,8],"current_hp_per_floor":[66,67,71,75,66,21,27,27,27,27,30,0],"gold":82,"neow_bonus":"THREE_CARDS","is_prod":false,"is_daily":false,"chose_seed":false,"campfire_upgraded":1,"win_rate":0,"timestamp":1571364778,"path_taken":["M","M","M","M","M","E","?","$","T","R","M","E"],"build_version":"2019-10-17","purchased_purges":1,"victory":false,"max_hp_per_floor":[75,75,75,75,75,75,75,75,75,75,75,75],"card_choices":[{"not_picked":["Power Through","True Grit"],"picked":"Hemokinesis","floor":0},{"not_picked":["Seeing Red","Perfected Strike"],"picked":"Headbutt","floor":1},{"not_picked":["Carnage","Perfected Strike"],"picked":"True Grit","floor":2},{"not_picked":["Warcry","Anger"],"picked":"Whirlwind","floor":3},{"not_picked":["Disarm","Ghostly Armor","Anger"],"picked":"SKIP","floor":4},{"not_picked":["Clash","Sword Boomerang","Sentinel"],"picked":"SKIP","floor":5},{"not_picked":["Clothesline","Dropkick","Body Slam"],"picked":"SKIP","floor":6},{"not_picked":["Thunderclap","Headbutt"],"picked":"Pommel Strike","floor":7},{"not_picked":["Thunderclap","Warcry"],"picked":"Immolate","floor":11}],"player_experience":1351657,"relics_obtained":[{"floor":6,"key":"Self Forming Clay"},{"floor":9,"key":"MealTicket"}],"event_choices":[],"is_beta":true,"boss_relics":[],"items_purged_floors":[8],"is_endless":false,"potions_floor_spawned":[1,6],"killed_by":"Lagavulin","ascension_level":20}