{"gold_per_floor":[113,45,57,24,24,24,57,57,114,124,186,214,201,269,269,269],"floor_reached":16,"playtime":764,"items_purged":["Defend_G"],"score":127,"play_id":"eb65be28-ba81-4388-b2c4-9de270e3b594","local_time":"20190714215259","is_ascension_mode":true,"campfire_choices":[{"data":"Footwork","floor":6,"key":"SMITH"},{"data":"All Out Attack","floor":8,"key":"SMITH"},{"data":"Neutralize","floor":15,"key":"SMITH"}],"neow_cost":"NONE","seed_source_timestamp":174071325880700,"circlet_count":0,"master_deck":["Strike_G","Strike_G","Strike_G","Strike_G","Strike_G","Defend_G","Defend_G","Defend_G","Defend_G","Survivor","Neutralize+1","Footwork+1","Cloak And Dagger","Prepared","Leg Sweep","All Out Attack+1","Dash","Heel Hook","PiercingWail"],"relics":["Ring of the Snake","SsserpentHead","Ancient Tea Set","Tiny Chest","MawBank"],"potions_floor_usage":[7,16],"damage_taken":[{"damage":3,"enemies":"Cultist","floor":1,"turns":4},{"damage":0,"enemies":"2 Louse","floor":3,"turns":4},{"damage":27,"enemies":"Gremlin Nob","floor":7,"turns":6},{"damage":0,"enemies":"Small Slimes","floor":10,"turns":2},{"damage":0,"enemies":"Red Slaver","floor":11,"turns":4},{"damage":8,"enemies":"3 Sentries","floor":12,"turns":8},{"damage":0,"enemies":"Large Slime","floor":14,"turns":9},{"damage":40,"enemies":"Hexaghost","floor":16,"turns":17}],"seed_played":"-1720719317042508071","potions_obtained":[{"floor":1,"key":"Block Potion"},{"floor":12,"key":"GhostInAJar"},{"floor":14,"key":"SmokeBomb"}],"is_trial":false,"path_per_floor":["M","$","M","$","?","R","E","R","T","M","M","E","$","M","R","B"],"character_chosen":"THE_SILENT","items_purchased":["Cloak And Dagger","Prepared","All Out Attack"],"campfire_rested":0,"item_purchase_floors":[2,2,4],"current_hp_per_floor":[74,74,74,74,74,74,47,47,47,47,47,39,39,39,39,0],"gold":269,"neow_bonus":"TEN_PERCENT_HP_BONUS","is_prod":false,"is_daily":false,"chose_seed":false,"campfire_upgraded":3,"win_rate":0,"timestamp":1563155579,"path_taken":["M","$","M","$","?","R","E","R","T","M","?","E","?","?","R","BOSS"],"build_version":"2019-07-05","purchased_purges":1,"victory":false,"max_hp_per_floor":[77,77,77,77,77,77,77,77,77,77,77,77,77,77,77,77],"card_choices":[{"not_picked":["Catalyst","Infinite Blades"],"picked":"Footwork","floor":1},{"not_picked":["Prepared","Dodge and Roll"],"picked":"Leg Sweep","floor":3},{"not_picked":["Skewer","Dagger Spray"],"picked":"Dash","floor":7},{"not_picked":["Slice","Sucker Punch","Prepared"],"picked":"SKIP","floor":10},{"not_picked":["Bouncing Flask","Catalyst"],"picked":"Heel Hook","floor":11},{"not_picked":["Sucker Punch","Blade Dance","Flying Knee"],"picked":"SKIP","floor":12},{"not_picked":["Quick Slash","Concentrate"],"picked":"PiercingWail","floor":14}],"player_experience":342380,"relics_obtained":[{"floor":7,"key":"Ancient Tea Set"},{"floor":9,"key":"Tiny Chest"},{"floor":12,"key":"MawBank"}],"event_choices":[{"damage_healed":0,"gold_gain":0,"player_choice":"Trade","damage_taken":0,"relics_obtained":["SsserpentHead"],"max_hp_gain":0,"max_hp_loss":0,"event_name":"FaceTrader","floor":5,"gold_loss":0}],"is_beta":false,"boss_relics":[],"items_purged_floors":[13],"is_endless":false,"potions_floor_spawned":[1,12,14],"killed_by":"Hexaghost","ascension_level":3}