{"gold_per_floor":[13,23,23,42,63,63,98,98,98,138,138,156,190,214,214,340,340,364,89,104,127,52,93,93,168,168,168,17,31,45,64,64,189,189,205,205,220,17,17,17,56,56,56,76,89,89,120,133,133,133],"floor_reached":50,"playtime":3380,"items_purged":["Strike_P","Strike_P","Defend_P"],"score":653,"play_id":"9a8e9b2f-b060-4058-8690-58b644bc3a7b","local_time":"20190917101257","is_ascension_mode":true,"campfire_choices":[{"data":"Vigilance","floor":6.0,"key":"SMITH"},{"floor":11.0,"key":"REST"},{"floor":15.0,"key":"REST"},{"data":"Adaptation","floor":24.0,"key":"SMITH"},{"floor":27.0,"key":"REST"},{"data":"TalkToTheHand","floor":32.0,"key":"SMITH"},{"data":"Establishment","floor":40.0,"key":"SMITH"},{"data":"Perseverance","floor":42.0,"key":"SMITH"},{"data":"Consecrate","floor":46,"key":"SMITH"},{"floor":49,"key":"REST"}],"neow_cost":"NO_GOLD","seed_source_timestamp":0,"circlet_count":0,"master_deck":["Defend_P","Defend_P","Defend_P","Eruption","Vigilance+1","SignatureMove","Consecrate+1","FollowUp","Judgement","Perseverance+1","Protect","MasterReality","Adaptation+1","EmptyMind","FearNoEvil","EmptyBody+1","Devotion","JustLucky+1","SashWhip","TalkToTheHand+1","Pray","Establishment+1","Sanctity","Parasite","Devotion+1"],"special_seed":0,"relics":["HolyWater","Golden Idol","Bottled Lightning","Turnip","Ice Cream","Incense Burner","Pantograph","Matryoshka","Philosopher\u0027s Stone","Regal Pillow","PreservedInsect","Gremlin Horn","Mercury Hourglass"],"potions_floor_usage":[47],"damage_taken":[{"damage":0.0,"enemies":"Cultist","floor":1.0,"turns":2.0},{"damage":0.0,"enemies":"Jaw Worm","floor":2.0,"turns":3.0},{"damage":0.0,"enemies":"Small Slimes","floor":4.0,"turns":2.0},{"damage":0.0,"enemies":"Looter","floor":5.0,"turns":1.0},{"damage":0.0,"enemies":"3 Sentries","floor":7.0,"turns":4.0},{"damage":56.0,"enemies":"Gremlin Nob","floor":10.0,"turns":4.0},{"damage":1.0,"enemies":"Exordium Thugs","floor":12.0,"turns":2.0},{"damage":9.0,"enemies":"3 Sentries","floor":13.0,"turns":4.0},{"damage":0.0,"enemies":"3 Louse","floor":14.0,"turns":2.0},{"damage":28.0,"enemies":"Hexaghost","floor":16.0,"turns":11.0},{"damage":19.0,"enemies":"2 Thieves","floor":18.0,"turns":5.0},{"damage":1.0,"enemies":"3 Byrds","floor":20.0,"turns":6.0},{"damage":7.0,"enemies":"Snake Plant","floor":21.0,"turns":2.0},{"damage":24.0,"enemies":"Slavers","floor":23.0,"turns":8.0},{"damage":2.0,"enemies":"3 Cultists","floor":29.0,"turns":5.0},{"damage":6.0,"enemies":"Centurion and Healer","floor":30.0,"turns":6.0},{"damage":0.0,"enemies":"Snecko","floor":31.0,"turns":6.0},{"damage":13.0,"enemies":"Champ","floor":33.0,"turns":13.0},{"damage":2.0,"enemies":"3 Shapes","floor":35.0,"turns":7.0},{"damage":0.0,"enemies":"Orb Walker","floor":37.0,"turns":2.0},{"damage":3.0,"enemies":"Giant Head","floor":41.0,"turns":8.0},{"damage":0,"enemies":"Writhing Mass","floor":44,"turns":9},{"damage":21,"enemies":"Maw","floor":45,"turns":8},{"damage":29,"enemies":"Reptomancer","floor":47,"turns":5},{"damage":13,"enemies":"Sphere and 2 Shapes","floor":48,"turns":5},{"damage":61,"enemies":"Awakened One","floor":50,"turns":3}],"seed_played":"8465784985122945642","potions_obtained":[{"floor":2.0,"key":"GamblersBrew"},{"floor":12.0,"key":"SteroidPotion"},{"floor":13.0,"key":"Fire Potion"},{"floor":16.0,"key":"SkillPotion"},{"floor":20.0,"key":"SteroidPotion"},{"floor":23.0,"key":"Energy Potion"},{"floor":37.0,"key":"Regen Potion"},{"floor":48,"key":"Fire Potion"}],"is_trial":false,"path_per_floor":["M","M","?","M","M","R","E","?","T","E","R","M","E","M","R","B",null,"M","$","M","M","?","E","R","?","T","R","$","M","M","M","R","B",null,"M","?","M","$","?","R","E","R","T","M","M","R","E","M","R","B"],"character_chosen":"WATCHER","items_purchased":["Adaptation","EmptyMind","FearNoEvil","Block Potion","Establishment"],"campfire_rested":4,"item_purchase_floors":[19,19,19,28,38],"current_hp_per_floor":[65,65,60,60,60,60,60,60,60,4,22,21,12,12,30,2,60,41,41,40,33,33,9,9,3,3,21,21,19,13,13,13,25,60,58,58,58,58,58,58,55,55,55,55,34,34,19,6,39,0],"gold":133,"neow_bonus":"THREE_RARE_CARDS","is_prod":false,"is_daily":false,"chose_seed":false,"campfire_upgraded":6,"win_rate":0,"timestamp":1568729577,"path_taken":["M","M","?","M","M","R","E","?","T","E","R","?","E","M","R","BOSS","M","$","M","?","?","E","R","?","T","R","$","M","M","?","R","BOSS","M","?","M","$","?","R","E","R","T","M","M","R","E","M","R","BOSS"],"build_version":"2019-09-16v2","purchased_purges":3,"victory":false,"max_hp_per_floor":[65,65,60,60,60,60,60,60,60,60,60,60,60,60,60,60,60,60,60,60,60,60,60,60,60,60,60,60,60,60,60,60,60,60,60,60,60,60,60,60,60,60,60,60,60,60,60,60,60,60],"card_choices":[{"not_picked":["Brilliance","DeusExMachina"],"picked":"SignatureMove","floor":0.0},{"not_picked":["EmptyBody","SpiritShield"],"picked":"Consecrate","floor":1.0},{"not_picked":["Protect","Scrawl"],"picked":"FollowUp","floor":2.0},{"not_picked":["EmptyMind","Halt"],"picked":"Judgement","floor":4.0},{"not_picked":["TalkToTheHand","CutThroughFate","Crescendo"],"picked":"SKIP","floor":5.0},{"not_picked":["CarveReality","Halt"],"picked":"Swivel","floor":7.0},{"not_picked":["ClearTheMind","Weave"],"picked":"Perseverance","floor":10.0},{"not_picked":["CrushJoints","Collect"],"picked":"Protect","floor":12.0},{"not_picked":["Vengeance","ThirdEye","Scrawl"],"picked":"SKIP","floor":13.0},{"not_picked":["BowlingBash","Brilliance","Scrawl"],"picked":"SKIP","floor":14.0},{"not_picked":["LessonLearned","Brilliance"],"picked":"MasterReality","floor":16.0},{"not_picked":["Consecrate+1","EmptyFist","BowlingBash"],"picked":"SKIP","floor":18.0},{"not_picked":["CutThroughFate","ThirdEye+1"],"picked":"EmptyBody+1","floor":20.0},{"not_picked":["Judgement","SashWhip"],"picked":"Devotion","floor":21.0},{"not_picked":["FollowUp","FearNoEvil"],"picked":"JustLucky+1","floor":23.0},{"not_picked":["CrushJoints","SpiritShield"],"picked":"SashWhip","floor":29.0},{"not_picked":["ClearTheMind","Conclude"],"picked":"TalkToTheHand","floor":30.0},{"not_picked":["Sanctity","Conclude","FlurryOfBlows"],"picked":"SKIP","floor":31.0},{"not_picked":["SignatureMove","ReachHeaven"],"picked":"Pray","floor":33.0},{"not_picked":["EmptyFist+1","FlurryOfBlows","JustLucky+1"],"picked":"SKIP","floor":35.0},{"not_picked":["ThirdEye+1","ClearTheMind","Prostrate+1"],"picked":"SKIP","floor":37.0},{"not_picked":["Scrawl","JustLucky+1"],"picked":"Sanctity","floor":41.0},{"not_picked":["SpiritShield","Weave","CutThroughFate+1"],"picked":"SKIP","floor":44},{"not_picked":["FlurryOfBlows+1","BowlingBash"],"picked":"Devotion+1","floor":45},{"not_picked":["ClearTheMind","Prostrate+1","Consecrate+1"],"picked":"SKIP","floor":47},{"not_picked":["EmptyMind","Prostrate+1","ThirdEye+1"],"picked":"SKIP","floor":48}],"player_experience":1085166,"relics_obtained":[{"floor":7.0,"key":"Bottled Lightning"},{"floor":9.0,"key":"Turnip"},{"floor":10.0,"key":"Ice Cream"},{"floor":13.0,"key":"Incense Burner"},{"floor":23.0,"key":"Pantograph"},{"floor":26.0,"key":"Matryoshka"},{"floor":41.0,"key":"Regal Pillow"},{"floor":43.0,"key":"PreservedInsect"},{"floor":43.0,"key":"Gremlin Horn"},{"floor":47,"key":"Mercury Hourglass"}],"event_choices":[{"damage_healed":0.0,"max_hp_gain":0.0,"max_hp_loss":5.0,"gold_gain":0.0,"event_name":"Golden Idol","player_choice":"Lose Max HP","floor":3.0,"gold_loss":0.0,"damage_taken":0.0,"relics_obtained":["Golden Idol"]},{"cards_removed":["Strike_P"],"damage_healed":0.0,"max_hp_gain":0.0,"max_hp_loss":0.0,"gold_gain":0.0,"event_name":"Living Wall","player_choice":"Forget","floor":8.0,"gold_loss":0.0,"damage_taken":0.0},{"cards_removed":["Strike_P"],"damage_healed":0.0,"max_hp_gain":0.0,"max_hp_loss":0.0,"gold_gain":0.0,"event_name":"Beggar","player_choice":"Gave Gold","floor":22.0,"gold_loss":75.0,"damage_taken":0.0},{"damage_healed":0.0,"max_hp_gain":0.0,"max_hp_loss":0.0,"gold_gain":75.0,"event_name":"FaceTrader","player_choice":"Touch","floor":25.0,"gold_loss":0.0,"damage_taken":6.0},{"cards_removed":["Swivel"],"damage_healed":0.0,"max_hp_gain":0.0,"max_hp_loss":0.0,"gold_gain":0.0,"event_name":"Falling","player_choice":"Removed Skill","floor":36.0,"gold_loss":0.0,"damage_taken":0.0},{"damage_healed":0.0,"max_hp_gain":0.0,"max_hp_loss":0.0,"gold_gain":0.0,"event_name":"Mysterious Sphere","player_choice":"Ignored","floor":39.0,"gold_loss":0.0,"damage_taken":0.0}],"is_beta":true,"boss_relics":[{"not_picked":["Tiny House","Sozu"],"picked":"HolyWater"},{"not_picked":["Busted Crown","Black Star"],"picked":"Philosopher\u0027s Stone"}],"items_purged_floors":[19,28,38],"is_endless":false,"potions_floor_spawned":[2,12,13,16,20,23,30,31,37,44,48],"killed_by":"Awakened One","ascension_level":2}