{"gold_per_floor":[109,125,125,22,39,39,73,73,97,109,139,139,165,177,177,250,250,262,262,275,275,292,292,51,78,127,145,145,176,176,15,15,15],"floor_reached":33,"playtime":1082,"items_purged":["Pain"],"score":538,"play_id":"eca04d83-7872-4cd5-92ef-5b50b77974b8","local_time":"20190828225159","is_ascension_mode":true,"campfire_choices":[{"data":"Anger","floor":6.0,"key":"SMITH"},{"data":"Inflame","floor":8.0,"key":"SMITH"},{"data":"True Grit","floor":12.0,"key":"SMITH"},{"data":"Cleave","floor":15.0,"key":"SMITH"},{"data":"True Grit","floor":23.0,"key":"SMITH"},{"data":"Thunderclap","floor":28.0,"key":"SMITH"},{"data":"Sword Boomerang","floor":30.0,"key":"SMITH"},{"data":"Limit Break","floor":32.0,"key":"SMITH"}],"neow_cost":"NONE","seed_source_timestamp":5783086822200,"circlet_count":0,"master_deck":["AscendersBane","Strike_R","Strike_R","Strike_R","Strike_R","Strike_R","Defend_R","Defend_R+1","Defend_R","Defend_R+1","Bash+1","True Grit+1","Inflame+1","Anger+1","Shockwave","Cleave+1","Disarm","True Grit+1","Thunderclap+1","Shrug It Off","Impervious","Sword Boomerang+1","Rage","Reaper","Limit Break+1"],"special_seed":0,"relics":["Burning Blood","Red Skull","Dream Catcher","Boot","Meat on the Bone","War Paint","Philosopher\u0027s Stone","FaceOfCleric","WarpedTongs","Orichalcum","Smiling Mask","Ancient Tea Set"],"potions_floor_usage":[],"damage_taken":[{"damage":12.0,"enemies":"Jaw Worm","floor":1.0,"turns":2.0},{"damage":7.0,"enemies":"2 Louse","floor":2.0,"turns":4.0},{"damage":0.0,"enemies":"Cultist","floor":5.0,"turns":3.0},{"damage":20.0,"enemies":"Lagavulin","floor":7.0,"turns":5.0},{"damage":14.0,"enemies":"Blue Slaver","floor":10.0,"turns":4.0},{"damage":8.0,"enemies":"Gremlin Nob","floor":11.0,"turns":3.0},{"damage":6.0,"enemies":"3 Sentries","floor":13.0,"turns":5.0},{"damage":6.0,"enemies":"Exordium Thugs","floor":14.0,"turns":4.0},{"damage":50.0,"enemies":"Slime Boss","floor":16.0,"turns":10.0},{"damage":11.0,"enemies":"Shell Parasite","floor":18.0,"turns":6.0},{"damage":22.0,"enemies":"Chosen","floor":20.0,"turns":6.0},{"damage":16.0,"enemies":"Shelled Parasite and Fungi","floor":22.0,"turns":6.0},{"damage":0.0,"enemies":"Snake Plant","floor":27.0,"turns":5.0},{"damage":44.0,"enemies":"Gremlin Leader","floor":29.0,"turns":9.0},{"damage":72,"enemies":"Automaton","floor":33,"turns":6}],"seed_played":"42266164826142055","potions_obtained":[{"floor":5.0,"key":"Strength Potion"},{"floor":7.0,"key":"Explosive Potion"},{"floor":11.0,"key":"LiquidBronze"},{"floor":20.0,"key":"PowerPotion"},{"floor":27.0,"key":"Fire Potion"}],"is_trial":false,"path_per_floor":["M","M","?","$","M","R","E","R","T","M","E","R","E","M","R","B",null,"M","?","M","?","M","R","$","T","T","M","R","E","R","$","R","B"],"character_chosen":"IRONCLAD","items_purchased":["Inflame","Anger","Reaper","Limit Break"],"campfire_rested":0,"item_purchase_floors":[4,4,24,31],"current_hp_per_floor":[62,61,61,61,67,67,53,53,53,45,43,43,55,55,55,23,62,57,57,54,54,57,57,57,57,57,64,64,39,39,39,39,0],"gold":15,"neow_bonus":"RANDOM_COMMON_RELIC","is_prod":false,"is_daily":false,"chose_seed":false,"campfire_upgraded":8,"win_rate":0,"timestamp":1567047119,"path_taken":["M","M","?","$","M","R","E","R","T","M","E","R","E","M","R","BOSS","M","?","?","?","M","R","$","?","T","M","R","E","R","$","R","BOSS"],"build_version":"2019-07-17","purchased_purges":1,"victory":false,"max_hp_per_floor":[75,75,75,75,75,75,75,75,75,75,75,75,75,75,75,75,75,75,75,76,76,77,77,77,77,77,78,78,79,79,79,79,79],"card_choices":[{"not_picked":["Warcry","Havoc"],"picked":"True Grit","floor":1.0},{"not_picked":["Clash","Rage","Burning Pact"],"picked":"SKIP","floor":2.0},{"not_picked":["Body Slam","Power Through"],"picked":"Shockwave","floor":5.0},{"not_picked":["Heavy Blade","Burning Pact"],"picked":"Cleave","floor":7.0},{"not_picked":["Clash","Cleave"],"picked":"Disarm","floor":10.0},{"not_picked":["Dual Wield","Brutality"],"picked":"True Grit","floor":11.0},{"not_picked":["Twin Strike","Fire Breathing"],"picked":"Thunderclap","floor":13.0},{"not_picked":["True Grit","Pommel Strike"],"picked":"Shrug It Off","floor":14.0},{"not_picked":["Dark Embrace","Fiend Fire"],"picked":"Impervious","floor":16.0},{"not_picked":["Body Slam+1","Rupture"],"picked":"Sword Boomerang","floor":18.0},{"not_picked":["Wild Strike","Pommel Strike"],"picked":"Rage","floor":20.0},{"not_picked":["Corruption","Wild Strike","Headbutt"],"picked":"SKIP","floor":22.0},{"not_picked":["Blood for Blood","Seeing Red","Clash"],"picked":"SKIP","floor":27.0},{"not_picked":["Rupture","True Grit","Anger"],"picked":"SKIP","floor":29.0}],"player_experience":927985,"relics_obtained":[{"floor":7.0,"key":"Dream Catcher"},{"floor":9.0,"key":"Boot"},{"floor":11.0,"key":"Meat on the Bone"},{"floor":13.0,"key":"War Paint"},{"floor":25.0,"key":"Orichalcum"},{"floor":26.0,"key":"Smiling Mask"},{"floor":29.0,"key":"Ancient Tea Set"}],"event_choices":[{"damage_healed":0.0,"max_hp_gain":0.0,"max_hp_loss":0.0,"gold_gain":0.0,"event_name":"Living Wall","player_choice":"Grow","floor":3.0,"gold_loss":0.0,"damage_taken":0.0,"cards_upgraded":["Bash"]},{"damage_healed":0.0,"max_hp_gain":0.0,"max_hp_loss":0.0,"gold_gain":0.0,"event_name":"FaceTrader","player_choice":"Trade","floor":19.0,"gold_loss":0.0,"damage_taken":0.0,"relics_obtained":["FaceOfCleric"]},{"damage_healed":0.0,"max_hp_gain":0.0,"max_hp_loss":0.0,"gold_gain":0.0,"event_name":"Accursed Blacksmith","player_choice":"Rummage","floor":21.0,"gold_loss":0.0,"damage_taken":0.0,"relics_obtained":["WarpedTongs"],"cards_obtained":["Pain"]}],"is_beta":false,"boss_relics":[{"not_picked":["Orrery","Eternal Feather"],"picked":"Philosopher\u0027s Stone"}],"items_purged_floors":[24],"is_endless":false,"potions_floor_spawned":[5,7,11,20,27],"killed_by":"Automaton","ascension_level":18}