{"gold_per_floor":[115,115,115,128,128,128,159,159,159,180,16,54,54,74,74,170,170,153,171,171,171],"floor_reached":21,"playtime":619,"items_purged":[],"score":403,"play_id":"df2cd8f7-aaf0-43ad-8b5a-959f89c77c78","local_time":"20190827014022","is_ascension_mode":true,"campfire_choices":[{"data":"Bash","floor":6.0,"key":"SMITH"},{"data":"Hemokinesis","floor":8.0,"key":"SMITH"},{"data":"Spot Weakness","floor":15.0,"key":"SMITH"}],"neow_cost":"NONE","seed_source_timestamp":0,"circlet_count":0,"master_deck":["AscendersBane","Strike_R","Strike_R","Strike_R","Strike_R","Defend_R","Defend_R","Defend_R+1","Defend_R","Bash+1","Shrug It Off+1","Thunderclap","Hemokinesis+1","Spot Weakness+1","Reaper","Pommel Strike","Shrug It Off","Demon Form","Shrug It Off","Twin Strike+1"],"special_seed":0,"relics":["Burning Blood","NeowsBlessing","Golden Idol","Bottled Lightning","Orichalcum","Dream Catcher","Eternal Feather","Enchiridion"],"potions_floor_usage":[21],"damage_taken":[{"damage":0.0,"enemies":"Jaw Worm","floor":1.0,"turns":1.0},{"damage":0.0,"enemies":"2 Louse","floor":4.0,"turns":1.0},{"damage":0.0,"enemies":"3 Sentries","floor":7.0,"turns":2.0},{"damage":2.0,"enemies":"Small Slimes","floor":10.0,"turns":2.0},{"damage":18.0,"enemies":"Lagavulin","floor":12.0,"turns":4.0},{"damage":5.0,"enemies":"2 Fungi Beasts","floor":14.0,"turns":3.0},{"damage":29.0,"enemies":"The Guardian","floor":16.0,"turns":13.0},{"damage":27.0,"enemies":"2 Thieves","floor":18.0,"turns":4.0},{"damage":62.0,"enemies":"3 Byrds","floor":19.0,"turns":7.0},{"damage":38,"enemies":"3 Cultists","floor":21,"turns":4}],"seed_played":"3473477415020831203","potions_obtained":[{"floor":10.0,"key":"Energy Potion"},{"floor":12.0,"key":"GamblersBrew"},{"floor":16.0,"key":"BloodPotion"},{"floor":19.0,"key":"Strength Potion"}],"is_trial":false,"path_per_floor":["M","?","?","M","?","R","E","R","T","M","$","E","$","M","R","B",null,"M","M","?","M"],"character_chosen":"IRONCLAD","items_purchased":["Reaper"],"campfire_rested":0,"item_purchase_floors":[11],"current_hp_per_floor":[74,68,48,54,47,47,53,53,53,57,57,45,45,55,55,62,67,46,25,4,0],"gold":171,"neow_bonus":"THREE_ENEMY_KILL","is_prod":false,"is_daily":false,"chose_seed":false,"campfire_upgraded":3,"win_rate":0,"timestamp":1566884422,"path_taken":["M","?","?","M","?","R","E","R","T","M","$","E","$","M","R","BOSS","M","M","?","M"],"build_version":"2019-07-17","purchased_purges":0,"victory":false,"max_hp_per_floor":[75,68,68,68,68,68,68,68,68,68,68,68,68,68,68,68,68,68,68,68,68],"card_choices":[{"not_picked":["Armaments","Flex"],"picked":"Shrug It Off","floor":1.0},{"not_picked":["True Grit","Rupture"],"picked":"Thunderclap","floor":4.0},{"not_picked":["Reckless Charge","Wild Strike"],"picked":"Hemokinesis","floor":7.0},{"not_picked":["Perfected Strike","Corruption"],"picked":"Spot Weakness","floor":10.0},{"not_picked":["Anger","Havoc"],"picked":"Pommel Strike","floor":12.0},{"not_picked":["Blood for Blood","Infernal Blade"],"picked":"Shrug It Off","floor":14.0},{"not_picked":["Exhume","Impervious"],"picked":"Demon Form","floor":16.0},{"not_picked":["Pommel Strike","Hemokinesis"],"picked":"Shrug It Off","floor":18.0},{"not_picked":["Searing Blow+1","Thunderclap"],"picked":"Twin Strike+1","floor":19.0}],"player_experience":917619,"relics_obtained":[{"floor":7.0,"key":"Bottled Lightning"},{"floor":9.0,"key":"Orichalcum"},{"floor":12.0,"key":"Dream Catcher"},{"floor":20.0,"key":"Enchiridion"}],"event_choices":[{"damage_healed":0.0,"max_hp_gain":0.0,"max_hp_loss":7.0,"gold_gain":0.0,"event_name":"Golden Idol","player_choice":"Lose Max HP","floor":2.0,"gold_loss":0.0,"damage_taken":0.0,"relics_obtained":["Golden Idol"]},{"damage_healed":0.0,"max_hp_gain":0.0,"max_hp_loss":0.0,"gold_gain":0.0,"event_name":"Shining Light","player_choice":"Entered Light","floor":3.0,"gold_loss":0.0,"damage_taken":20.0,"cards_upgraded":["Shrug It Off","Defend_R"]},{"cards_removed":["Strike_R"],"damage_healed":0.0,"max_hp_gain":0.0,"max_hp_loss":0.0,"gold_gain":0.0,"event_name":"Golden Wing","player_choice":"Card Removal","floor":5.0,"gold_loss":0.0,"damage_taken":7.0},{"damage_healed":0.0,"max_hp_gain":0.0,"max_hp_loss":0.0,"gold_gain":0.0,"event_name":"Cursed Tome","player_choice":"Obtained Book","floor":20.0,"gold_loss":0.0,"damage_taken":21.0}],"is_beta":false,"boss_relics":[{"not_picked":["Runic Dome","Busted Crown"],"picked":"Eternal Feather"}],"items_purged_floors":[],"is_endless":false,"potions_floor_spawned":[10,12,16,19],"killed_by":"3 Cultists","ascension_level":18}