{"gold_per_floor":[117,117,127,127,139,139,168,168,168,20,32,32,52,67,67,164,164,178,178,178,192,127,154,168,168,194,208,243,243,276,286,286,388,388,405,417,3,14,25,25,25,57,57,57,157,187,187,202,202,202],"floor_reached":50,"playtime":3798,"items_purged":[],"score":729,"play_id":"c25e91e6-fc1b-4d40-86ac-cfa035c9db50","local_time":"20190714131909","is_ascension_mode":true,"campfire_choices":[{"floor":15,"key":"REST"},{"floor":25,"key":"REST"},{"floor":29,"key":"REST"},{"data":"Defend_G","floor":32,"key":"PURGE"},{"floor":40,"key":"DIG"},{"floor":47,"key":"REST"},{"floor":49,"key":"REST"}],"neow_cost":"NONE","seed_source_timestamp":140206494655800,"circlet_count":0,"master_deck":["Strike_G","Strike_G","Strike_G","Strike_G","Strike_G+1","Defend_G","Defend_G","Defend_G+1","Survivor","Neutralize","Tools of the Trade","Crippling Poison+1","Backflip","Doppelganger","Flying Knee","Well Laid Plans","Bullet Time","Flechettes","Noxious Fumes","Parasite","Catalyst","Riddle With Holes","Wraith Form v2","Crippling Poison+1","Backflip","Noxious Fumes","Leg Sweep+1","PiercingWail","Backflip","All Out Attack+1","Tactician+1","Adrenaline","Terror","Master of Strategy","Catalyst","Caltrops+1","Expertise+1"],"relics":["Ring of the Snake","Mango","The Courier","Du-Vu Doll","Fusion Hammer","Meat on the Bone","Turnip","Anchor","Dead Branch","Peace Pipe","Busted Crown","Shovel","Matryoshka","Ornamental Fan","Thread and Needle","Shuriken","Happy Flower","Pantograph","Omamori"],"potions_floor_usage":[7,16,18,30,33,33,39,50,50],"damage_taken":[{"damage":1,"enemies":"Small Slimes","floor":1,"turns":4},{"damage":5,"enemies":"2 Louse","floor":3,"turns":3},{"damage":0,"enemies":"Cultist","floor":5,"turns":4},{"damage":22,"enemies":"3 Sentries","floor":7,"turns":11},{"damage":10,"enemies":"Blue Slaver","floor":11,"turns":4},{"damage":4,"enemies":"2 Fungi Beasts","floor":13,"turns":4},{"damage":1,"enemies":"Looter","floor":14,"turns":3},{"damage":3,"enemies":"The Guardian","floor":16,"turns":10},{"damage":0,"enemies":"Chosen","floor":18,"turns":5},{"damage":10,"enemies":"Shell Parasite","floor":21,"turns":5},{"damage":21,"enemies":"Slavers","floor":23,"turns":4},{"damage":11,"enemies":"Snake Plant","floor":24,"turns":6},{"damage":26,"enemies":"Shelled Parasite and Fungi","floor":27,"turns":5},{"damage":0,"enemies":"Gremlin Leader","floor":28,"turns":7},{"damage":1,"enemies":"Slavers","floor":30,"turns":5},{"damage":0,"enemies":"Chosen and Byrds","floor":31,"turns":4},{"damage":10,"enemies":"Automaton","floor":33,"turns":8},{"damage":5,"enemies":"Orb Walker","floor":35,"turns":3},{"damage":0,"enemies":"3 Shapes","floor":36,"turns":3},{"damage":0,"enemies":"Jaw Worm Horde","floor":38,"turns":3},{"damage":0,"enemies":"Maw","floor":39,"turns":6},{"damage":27,"enemies":"Nemesis","floor":42,"turns":7},{"damage":41,"enemies":"Reptomancer","floor":46,"turns":5},{"damage":25,"enemies":"Transient","floor":48,"turns":5},{"damage":110,"enemies":"Time Eater","floor":50,"turns":13}],"seed_played":"6316548328503161979","potions_obtained":[{"floor":1,"key":"Dexterity Potion"},{"floor":13,"key":"Swift Potion"},{"floor":14,"key":"PowerPotion"},{"floor":16,"key":"Poison Potion"},{"floor":24,"key":"SteroidPotion"},{"floor":30,"key":"EssenceOfSteel"},{"floor":31,"key":"Weak Potion"},{"floor":33,"key":"Ancient Potion"},{"floor":36,"key":"SteroidPotion"},{"floor":38,"key":"GhostInAJar"},{"floor":42,"key":"Regen Potion"},{"floor":48,"key":"Weak Potion"}],"is_trial":false,"path_per_floor":["M","?","M","?","M","?","E","?","T","$","M","?","M","M","R","B",null,"M","T","?","M","$","E","M","R","T","M","E","R","E","M","R","B",null,"M","M","$","M","M","R","T","E","T","$","?","E","R","M","R","B"],"character_chosen":"THE_SILENT","items_purchased":["Bullet Time","Flechettes","Noxious Fumes","Shovel","Master of Strategy","Catalyst"],"campfire_rested":5,"item_purchase_floors":[10,10,22,37,37,37],"current_hp_per_floor":[69,65,60,60,60,60,38,21,21,21,11,32,28,27,52,49,84,84,84,84,74,74,53,54,79,79,53,53,78,77,77,77,67,84,79,79,79,79,79,79,79,52,52,52,52,23,48,35,60,0],"gold":202,"neow_bonus":"ONE_RANDOM_RARE_CARD","is_prod":false,"is_daily":false,"chose_seed":false,"campfire_upgraded":0,"win_rate":0,"timestamp":1563124749,"path_taken":["M","?","M","?","?","?","E","?","T","$","M","?","?","M","R","BOSS","M","?","?","M","$","E","M","R","T","M","E","R","E","M","R","BOSS","M","?","$","M","M","R","?","E","T","$","?","E","R","?","R","BOSS"],"build_version":"2019-07-05","purchased_purges":0,"victory":false,"max_hp_per_floor":[70,84,84,84,84,84,84,84,84,84,84,84,84,84,84,84,84,84,84,84,84,84,84,84,84,84,84,84,84,84,84,84,84,84,84,84,84,84,84,84,84,84,84,84,84,84,84,84,84,84],"card_choices":[{"not_picked":["Flechettes","Poisoned Stab"],"picked":"Crippling Poison","floor":1},{"not_picked":["Flying Knee","Dagger Throw"],"picked":"Backflip","floor":3},{"not_picked":["Bane","Slice"],"picked":"Flying Knee","floor":5},{"not_picked":["Sucker Punch","Backflip"],"picked":"Well Laid Plans","floor":7},{"not_picked":["Bane","Backflip"],"picked":"Noxious Fumes","floor":11},{"not_picked":["Poisoned Stab","PiercingWail"],"picked":"Catalyst","floor":13},{"not_picked":["Sucker Punch","Bullet Time"],"picked":"Riddle With Holes","floor":14},{"not_picked":["Adrenaline","After Image"],"picked":"Wraith Form v2","floor":16},{"not_picked":["Blade Dance","Quick Slash","Dagger Spray+1"],"picked":"SKIP","floor":18},{"not_picked":["Outmaneuver","Setup"],"picked":"Backflip","floor":21},{"not_picked":["Dagger Throw","Calculated Gamble"],"picked":"Leg Sweep+1","floor":23},{"not_picked":["All Out Attack","Caltrops"],"picked":"PiercingWail","floor":24},{"not_picked":["Calculated Gamble","Outmaneuver"],"picked":"Backflip","floor":27},{"not_picked":["Unload","Dagger Spray"],"picked":"All Out Attack+1","floor":28},{"not_picked":["Dodge and Roll","Cloak And Dagger"],"picked":"Tactician+1","floor":30},{"not_picked":["Dagger Spray","Deadly Poison","Flechettes"],"picked":"SKIP","floor":31},{"not_picked":["Bullet Time","Grand Finale"],"picked":"Adrenaline","floor":33},{"not_picked":["Blade Dance"],"picked":"SKIP","floor":35},{"not_picked":[],"picked":"Terror","floor":36},{"not_picked":["Flechettes+1"],"picked":"SKIP","floor":38},{"not_picked":["Outmaneuver"],"picked":"SKIP","floor":39},{"not_picked":["Dodge and Roll+1"],"picked":"SKIP","floor":42},{"not_picked":[],"picked":"Caltrops+1","floor":46},{"not_picked":[],"picked":"Expertise+1","floor":48}],"player_experience":338012,"relics_obtained":[{"floor":7,"key":"The Courier"},{"floor":9,"key":"Du-Vu Doll"},{"floor":19,"key":"Meat on the Bone"},{"floor":23,"key":"Turnip"},{"floor":26,"key":"Anchor"},{"floor":28,"key":"Dead Branch"},{"floor":30,"key":"Peace Pipe"},{"floor":40,"key":"Matryoshka"},{"floor":41,"key":"Ornamental Fan"},{"floor":41,"key":"Thread and Needle"},{"floor":42,"key":"Shuriken"},{"floor":43,"key":"Happy Flower"},{"floor":43,"key":"Pantograph"},{"floor":46,"key":"Omamori"}],"event_choices":[{"damage_healed":0,"gold_gain":0,"player_choice":"Success","damage_taken":18,"relics_obtained":["Mango"],"max_hp_gain":0,"max_hp_loss":0,"event_name":"Scrap Ooze","floor":2,"gold_loss":0},{"damage_healed":0,"gold_gain":0,"cards_transformed":["Defend_G"],"player_choice":"Transformed","damage_taken":0,"max_hp_gain":0,"max_hp_loss":0,"event_name":"Transmorgrifier","floor":4,"gold_loss":0,"cards_obtained":["Doppelganger"]},{"damage_healed":0,"gold_gain":0,"player_choice":"Grow","damage_taken":0,"max_hp_gain":0,"max_hp_loss":0,"event_name":"Living Wall","floor":6,"gold_loss":0,"cards_upgraded":["Crippling Poison"]},{"damage_healed":0,"gold_gain":0,"player_choice":"Entered Light","damage_taken":17,"max_hp_gain":0,"max_hp_loss":0,"event_name":"Shining Light","floor":8,"gold_loss":0,"cards_upgraded":["Defend_G","Strike_G"]},{"damage_healed":21,"gold_gain":0,"player_choice":"Healed and dodged fight","damage_taken":0,"max_hp_gain":0,"max_hp_loss":0,"event_name":"Mushrooms","floor":12,"gold_loss":0,"cards_obtained":["Parasite"]},{"damage_healed":0,"gold_gain":0,"player_choice":"Copied","damage_taken":0,"max_hp_gain":0,"max_hp_loss":0,"event_name":"Duplicator","floor":20,"gold_loss":0,"cards_obtained":["Crippling Poison"]},{"damage_healed":0,"gold_gain":100,"player_choice":"Pray","damage_taken":0,"max_hp_gain":0,"max_hp_loss":0,"event_name":"Golden Shrine","floor":45,"gold_loss":0}],"is_beta":false,"boss_relics":[{"not_picked":["Tiny House","HoveringKite"],"picked":"Fusion Hammer"},{"not_picked":["Snecko Eye","Coffee Dripper"],"picked":"Busted Crown"}],"items_purged_floors":[],"is_endless":false,"potions_floor_spawned":[1,13,14,16,24,30,31,33,36,38,42,48],"killed_by":"Time Eater","ascension_level":3}