{"gold_per_floor":[115,115,2,26,26,26,60,80,80,97,131,149,168,198,198,294,294,304,323,354,354,354,386,386,23,48,48,80,94,123,133,133,234,234,246,20,40,2,13,13,45,45,45,45,76,94,94,32,32,32,32,32,32,67,67],"floor_reached":56,"playtime":3354,"items_purged":["Strike_P","Defend_P","Strike_P"],"score":1651,"play_id":"7961416f-f6c8-47cd-9a90-5eaecd3e3e7a","local_time":"20191001131215","is_ascension_mode":true,"campfire_choices":[{"data":"Eruption","floor":6.0,"key":"SMITH"},{"data":"TalkToTheHand","floor":15.0,"key":"SMITH"},{"data":"FlowState","floor":27.0,"key":"SMITH"},{"data":"Wireheading","floor":32.0,"key":"SMITH"},{"data":"ConjureBlade","floor":40,"key":"SMITH"},{"floor":44,"key":"RECALL"},{"data":"WaveOfTheHand","floor":47,"key":"SMITH"},{"data":"EmptyMind","floor":49,"key":"SMITH"},{"data":"Tantrum","floor":52,"key":"SMITH"}],"neow_cost":"NONE","seed_source_timestamp":0,"circlet_count":0,"master_deck":["Defend_P","Defend_P","Defend_P","Eruption+1","Vigilance","JustLucky","Wireheading+1","ConjureBlade+1","CutThroughFate","Tantrum+1","TalkToTheHand+1","FollowUp","Wallop","Consecrate","Nirvana+1","FlowState+1","WheelKick+1","Halt","Halt","Vengeance","Judgement","Fasting+1","Panache+1","FearNoEvil+1","Ragnarok+1","CurseOfTheBell","EmptyMind+1","EmptyFist+1","FearNoEvil+1","CutThroughFate+1","WaveOfTheHand+1","Clumsy","ClearTheMind+1","TalkToTheHand+1","Omniscience"],"special_seed":0,"relics":["PureWater","Omamori","WarpedTongs","Akabeko","Ornamental Fan","Letter Opener","Eternal Feather","Frozen Egg 2","Cursed Key","Red Mask","Mercury Hourglass","Bag of Preparation","Molten Egg 2","Gremlin Horn","Calling Bell","Centennial Puzzle","StrikeDummy","Prayer Wheel","Oddly Smooth Stone","Ancient Tea Set","Dead Branch","Sundial"],"potions_floor_usage":[55],"damage_taken":[{"damage":0.0,"enemies":"Cultist","floor":1.0,"turns":2.0},{"damage":10.0,"enemies":"3 Sentries","floor":7.0,"turns":6.0},{"damage":0.0,"enemies":"Jaw Worm","floor":8.0,"turns":3.0},{"damage":0.0,"enemies":"2 Louse","floor":10.0,"turns":1.0},{"damage":0.0,"enemies":"Lagavulin","floor":11.0,"turns":2.0},{"damage":0.0,"enemies":"2 Fungi Beasts","floor":12.0,"turns":3.0},{"damage":0.0,"enemies":"Large Slime","floor":13.0,"turns":2.0},{"damage":0.0,"enemies":"Gremlin Nob","floor":14.0,"turns":2.0},{"damage":23.0,"enemies":"Hexaghost","floor":16.0,"turns":4.0},{"damage":0.0,"enemies":"Spheric Guardian","floor":18.0,"turns":2.0},{"damage":5.0,"enemies":"Shell Parasite","floor":19.0,"turns":4.0},{"damage":8.0,"enemies":"Masked Bandits","floor":20.0,"turns":4.0},{"damage":7.0,"enemies":"Slavers","floor":23.0,"turns":6.0},{"damage":13.0,"enemies":"Gremlin Leader","floor":28.0,"turns":3.0},{"damage":0.0,"enemies":"Centurion and Healer","floor":29.0,"turns":3.0},{"damage":5.0,"enemies":"Slavers","floor":30.0,"turns":3.0},{"damage":4.0,"enemies":"Snecko","floor":31.0,"turns":4.0},{"damage":0.0,"enemies":"Collector","floor":33.0,"turns":6.0},{"damage":3,"enemies":"Orb Walker","floor":35,"turns":2},{"damage":0,"enemies":"3 Shapes","floor":37,"turns":3},{"damage":18,"enemies":"Transient","floor":39,"turns":5},{"damage":19,"enemies":"Nemesis","floor":41,"turns":5},{"damage":0,"enemies":"Reptomancer","floor":45,"turns":4},{"damage":7,"enemies":"Spire Growth","floor":46,"turns":2},{"damage":12,"enemies":"Awakened One","floor":50,"turns":9},{"damage":10,"enemies":"Shield and Spear","floor":54,"turns":5},{"damage":88,"enemies":"The Heart","floor":55,"turns":11}],"seed_played":"7992887601350396915","potions_obtained":[{"floor":1.0,"key":"AttackPotion"},{"floor":7.0,"key":"EntropicBrew"},{"floor":13.0,"key":"Weak Potion"},{"floor":14.0,"key":"FearPotion"},{"floor":18.0,"key":"PowerPotion"},{"floor":24.0,"key":"FairyPotion"},{"floor":28.0,"key":"GamblersBrew"},{"floor":30.0,"key":"Ancient Potion"},{"floor":35,"key":"StancePotion"},{"floor":54,"key":"SteroidPotion"}],"is_trial":false,"path_per_floor":["M","?","$","T","$","R","E","M","T","M","E","M","M","E","R","B",null,"M","M","?","?","?","E","?","$","T","R","E","M","E","M","R","B",null,"M","$","M","$","M","R","E","T","T","R","E","M","R","?","R","B",null,"R","$","E","B",null],"character_chosen":"WATCHER","items_purchased":["Wireheading","Fasting+1","Panache+1","EmptyMind","EmptyFist+1","FearNoEvil+1"],"campfire_rested":0,"item_purchase_floors":[3,25,25,36,36,38],"current_hp_per_floor":[72,72,72,72,72,72,62,62,62,62,62,62,62,62,71,57,68,68,63,55,42,42,35,35,35,35,47,34,34,29,25,40,40,68,65,65,65,65,47,65,46,46,46,64,64,57,75,75,77,65,74,77,77,67,2],"gold":67,"neow_bonus":"RANDOM_COMMON_RELIC","is_prod":false,"is_daily":false,"chose_seed":false,"campfire_upgraded":8,"win_rate":0,"timestamp":1569949935,"path_taken":["M","?","$","?","$","R","E","M","T","M","E","?","M","E","R","BOSS","M","M","?","?","?","E","?","$","T","R","E","M","E","M","R","BOSS","M","$","M","?","?","R","E","?","T","R","E","M","R","?","R","BOSS","R","$","E","BOSS"],"build_version":"2019-09-27","purchased_purges":3,"victory":true,"max_hp_per_floor":[72,72,72,72,72,72,72,72,72,72,72,72,72,72,72,72,72,72,72,72,77,77,77,77,77,77,77,77,77,77,77,77,77,77,77,77,77,77,77,77,77,77,77,77,77,77,77,77,77,77,77,77,77,77,77],"card_choices":[{"not_picked":["SpiritShield","ThirdEye"],"picked":"JustLucky","floor":1.0},{"not_picked":["Protect","Sanctity"],"picked":"ConjureBlade","floor":7.0},{"not_picked":["DeceiveReality","EmptyBody"],"picked":"CutThroughFate","floor":8.0},{"not_picked":["ClearTheMind","Wireheading"],"picked":"Tantrum","floor":10.0},{"not_picked":["Pray","Halt"],"picked":"TalkToTheHand","floor":11.0},{"not_picked":["DeceiveReality","ThirdEye"],"picked":"FollowUp","floor":12.0},{"not_picked":["Weave","FlyingSleeves"],"picked":"Wallop","floor":13.0},{"not_picked":["ThirdEye","FollowUp"],"picked":"Consecrate","floor":14.0},{"not_picked":["ReachHeaven","Blasphemy"],"picked":"Nirvana+1","floor":16.0},{"not_picked":["ThirdEye","EmptyFist"],"picked":"FlowState","floor":18.0},{"not_picked":["JustLucky","Protect"],"picked":"WheelKick+1","floor":19.0},{"not_picked":["Consecrate","Conclude"],"picked":"Halt","floor":20.0},{"not_picked":["BowlingBash","ReachHeaven"],"picked":"Judgement","floor":23.0},{"not_picked":["Halt","Prostrate","WreathOfFlame"],"picked":"SKIP","floor":28.0},{"not_picked":["Protect","Consecrate+1","FollowUp+1"],"picked":"SKIP","floor":29.0},{"not_picked":["CarveReality+1","WheelKick+1"],"picked":"FearNoEvil+1","floor":30.0},{"not_picked":["Tantrum+1","FollowUp+1","WindmillStrike+1"],"picked":"SKIP","floor":31.0},{"not_picked":["Wish","Establishment+1"],"picked":"Ragnarok+1","floor":33.0},{"not_picked":["BowlingBash+1","SignatureMove+1","PathToVictory+1"],"picked":"SKIP","floor":35},{"not_picked":["Prostrate","BowlingBash+1","SashWhip+1"],"picked":"SKIP","floor":35},{"not_picked":["CutThroughFate+1","Halt","Worship+1"],"picked":"SKIP","floor":37},{"not_picked":["ClearTheMind","FlyingSleeves+1","Prostrate+1"],"picked":"SKIP","floor":37},{"not_picked":["Halt+1","WindmillStrike+1"],"picked":"CutThroughFate+1","floor":39},{"not_picked":["EmptyBody","ThirdEye","SashWhip+1"],"picked":"SKIP","floor":39},{"not_picked":["Weave+1","Tantrum+1"],"picked":"WaveOfTheHand","floor":41},{"not_picked":["WindmillStrike+1","Fasting+1"],"picked":"ClearTheMind+1","floor":45},{"not_picked":["Protect+1","CutThroughFate+1"],"picked":"TalkToTheHand+1","floor":46},{"not_picked":["CrushJoints+1","Scrawl+1","LessonLearned+1"],"picked":"SKIP","floor":46},{"not_picked":["BattleHymn+1","BowlingBash+1"],"picked":"Omniscience","floor":54}],"player_experience":1193087,"relics_obtained":[{"floor":4.0,"key":"Akabeko"},{"floor":7.0,"key":"Ornamental Fan"},{"floor":9.0,"key":"Letter Opener"},{"floor":11.0,"key":"Eternal Feather"},{"floor":14.0,"key":"Frozen Egg 2"},{"floor":20.0,"key":"Red Mask"},{"floor":23.0,"key":"Mercury Hourglass"},{"floor":26.0,"key":"Bag of Preparation"},{"floor":28.0,"key":"Molten Egg 2"},{"floor":30.0,"key":"Gremlin Horn"},{"floor":34,"key":"Centennial Puzzle"},{"floor":34,"key":"StrikeDummy"},{"floor":34,"key":"Prayer Wheel"},{"floor":41,"key":"Oddly Smooth Stone"},{"floor":45,"key":"Ancient Tea Set"},{"floor":54,"key":"Sundial"}],"event_choices":[{"damage_healed":0.0,"max_hp_gain":0.0,"max_hp_loss":0.0,"gold_gain":0.0,"event_name":"Accursed Blacksmith","player_choice":"Rummage","floor":2.0,"gold_loss":0.0,"damage_taken":0.0,"relics_obtained":["WarpedTongs"],"cards_obtained":["Pain"]},{"damage_healed":0.0,"max_hp_gain":0.0,"max_hp_loss":0.0,"gold_gain":0.0,"event_name":"Masked Bandits","player_choice":"Fought Bandits","floor":20.0,"gold_loss":0.0,"damage_taken":0.0},{"damage_healed":0.0,"max_hp_gain":5.0,"max_hp_loss":0.0,"gold_gain":0.0,"event_name":"Forgotten Altar","player_choice":"Shed Blood","floor":21.0,"gold_loss":0.0,"damage_taken":18.0},{"damage_healed":0.0,"max_hp_gain":0.0,"max_hp_loss":0.0,"gold_gain":0.0,"cards_transformed":["Strike_P","Strike_P"],"event_name":"Drug Dealer","player_choice":"Became Test Subject","floor":22.0,"gold_loss":0.0,"damage_taken":0.0,"cards_obtained":["Halt","Vengeance"]},{"damage_healed":0.0,"max_hp_gain":0.0,"max_hp_loss":0.0,"gold_gain":0.0,"event_name":"Lab","player_choice":"Got Potions","floor":24.0,"gold_loss":0.0,"damage_taken":0.0},{"damage_healed":0,"gold_gain":0,"player_choice":"Paid Gold","damage_taken":0,"relics_obtained":["Dead Branch"],"max_hp_gain":0,"max_hp_loss":0,"event_name":"WeMeetAgain","floor":48,"gold_loss":62}],"is_beta":true,"boss_relics":[{"not_picked":["Ectoplasm","Empty Cage"],"picked":"Cursed Key"},{"not_picked":["Runic Dome","Pandora\u0027s Box"],"picked":"Calling Bell"}],"items_purged_floors":[3,25,36],"is_endless":false,"potions_floor_spawned":[1,7,13,14,18,28,30,35,41,54],"ascension_level":5}