{"gold_per_floor":[114,114,114,128,140,170,170,170,196,196,231,81,115,115,115,193,193,205,205,205,205,215,215,245,356,368,380,392,167,267,295,295,373,373,383,383,0,16,33,33,33,33],"floor_reached":42,"playtime":2628,"items_purged":["Strike_B","Parasite","Strike_B+1"],"score":736,"play_id":"296a4655-7006-466e-8f4c-e85d7c6dfef6","local_time":"20190729113131","is_ascension_mode":true,"campfire_choices":[{"data":"Go for the Eyes","floor":7,"key":"SMITH"},{"data":"Barrage","floor":10,"key":"SMITH"},{"data":"Defragment","floor":15,"key":"SMITH"},{"data":"Hologram","floor":23,"key":"SMITH"},{"floor":28,"key":"REST"},{"floor":32,"key":"REST"},{"data":"Defragment","floor":40,"key":"SMITH"}],"neow_cost":"TEN_PERCENT_HP_LOSS","seed_source_timestamp":678060198676200,"circlet_count":0,"master_deck":["AscendersBane","Strike_B+1","Defend_B+1","Defend_B+1","Defend_B+1","Defend_B+1","Zap","Dualcast","Barrage+1","Core Surge","Conserve Battery","Go for the Eyes+1","Hologram+1","Defragment+1","Leap","Electrodynamics","Chaos+1","Conserve Battery","Defragment+1","Coolheaded","Go for the Eyes","Darkness","Multi-Cast","Coolheaded+1","Seek","Self Repair"],"relics":["FrozenCore","Pocketwatch","Mango","Calipers","Juzu Bracelet","Whetstone","Art of War","MawBank","Bag of Preparation","Potion Belt","Thread and Needle","The Courier","Anchor","Eternal Feather","Bronze Scales"],"potions_floor_usage":[6,11,30,38],"damage_taken":[{"damage":2,"enemies":"Jaw Worm","floor":1,"turns":4},{"damage":2,"enemies":"Small Slimes","floor":4,"turns":3},{"damage":0,"enemies":"2 Louse","floor":5,"turns":2},{"damage":23,"enemies":"Lagavulin","floor":6,"turns":6},{"damage":27,"enemies":"Gremlin Nob","floor":11,"turns":5},{"damage":16,"enemies":"3 Sentries","floor":13,"turns":7},{"damage":15,"enemies":"Hexaghost","floor":16,"turns":10},{"damage":0,"enemies":"Chosen","floor":18,"turns":5},{"damage":11,"enemies":"2 Thieves","floor":22,"turns":4},{"damage":22,"enemies":"Gremlin Leader","floor":24,"turns":8},{"damage":13,"enemies":"Colosseum Slavers","floor":30,"turns":5},{"damage":1,"enemies":"Colosseum Nobs","floor":30,"turns":6},{"damage":12,"enemies":"Book of Stabbing","floor":31,"turns":7},{"damage":23,"enemies":"Collector","floor":33,"turns":17},{"damage":8,"enemies":"3 Darklings","floor":35,"turns":6},{"damage":4,"enemies":"3 Shapes","floor":38,"turns":3},{"damage":0,"enemies":"Sphere and 2 Shapes","floor":39,"turns":6},{"damage":139,"enemies":"Giant Head","floor":42,"turns":16}],"seed_played":"6122486293752907232","potions_obtained":[{"floor":4,"key":"Weak Potion"},{"floor":6,"key":"SkillPotion"},{"floor":24,"key":"EssenceOfSteel"},{"floor":33,"key":"Fire Potion"},{"floor":35,"key":"SkillPotion"},{"floor":38,"key":"SpeedPotion"},{"floor":41,"key":"FairyPotion"},{"floor":41,"key":"Weak Potion"}],"is_trial":false,"path_per_floor":["M","?","?","M","M","E","R","T","T","R","E","$","E","?","R","B",null,"M","?","?","?","M","R","E","?","T","T","R","$","?","E","R","B",null,"M","?","$","M","M","R","?","E"],"character_chosen":"DEFECT","items_purchased":["Defragment","Defragment","Coolheaded","Go for the Eyes","Seek","Self Repair","Bronze Scales"],"campfire_rested":2,"item_purchase_floors":[12,29,29,29,37,37,37],"current_hp_per_floor":[66,66,66,64,64,55,55,55,55,55,28,28,12,32,32,17,66,66,66,50,50,39,39,17,17,17,17,43,43,29,17,42,19,68,60,60,60,56,63,78,78,0],"gold":33,"neow_bonus":"ONE_RARE_RELIC","is_prod":false,"is_daily":false,"chose_seed":false,"campfire_upgraded":5,"win_rate":0,"timestamp":1564414291,"path_taken":["M","?","?","M","M","E","R","?","T","R","E","$","E","?","R","BOSS","M","?","?","?","M","R","E","?","T","?","R","$","?","E","R","BOSS","M","?","$","M","M","R","?","E"],"build_version":"2019-07-17","purchased_purges":3,"victory":false,"max_hp_per_floor":[68,68,68,68,68,82,82,82,82,82,82,82,82,82,82,82,82,82,82,87,87,87,87,87,87,87,87,87,84,84,84,84,84,84,84,84,84,84,84,84,84,84],"card_choices":[{"not_picked":["Hologram","Rebound"],"picked":"Barrage","floor":1},{"not_picked":["Sweeping Beam","Compile Driver"],"picked":"Core Surge","floor":4},{"not_picked":["Turbo","Compile Driver"],"picked":"Conserve Battery","floor":5},{"not_picked":["Scrape","Leap"],"picked":"Go for the Eyes","floor":6},{"not_picked":["Rebound","Turbo"],"picked":"Hologram","floor":11},{"not_picked":["White Noise","Conserve Battery"],"picked":"Leap","floor":13},{"not_picked":["Amplify","All For One"],"picked":"Electrodynamics","floor":16},{"not_picked":["Steam+1","Sunder"],"picked":"Chaos+1","floor":18},{"not_picked":["Streamline","Compile Driver"],"picked":"Conserve Battery","floor":22},{"not_picked":["Double Energy","Ball Lightning","Electrodynamics"],"picked":"SKIP","floor":24},{"not_picked":["Coolheaded","Rebound"],"picked":"Darkness","floor":30},{"not_picked":["Hologram","Skim","Gash"],"picked":"SKIP","floor":31},{"not_picked":["Reboot","All For One"],"picked":"Multi-Cast","floor":33},{"not_picked":["Beam Cell","Heatsinks"],"picked":"Coolheaded+1","floor":35},{"not_picked":["Leap","Consume","Electrodynamics"],"picked":"SKIP","floor":38},{"not_picked":["Steam+1","Sweeping Beam","Fusion+1"],"picked":"SKIP","floor":39}],"player_experience":583481,"relics_obtained":[{"floor":6,"key":"Mango"},{"floor":8,"key":"Calipers"},{"floor":9,"key":"Juzu Bracelet"},{"floor":11,"key":"Whetstone"},{"floor":13,"key":"Art of War"},{"floor":24,"key":"MawBank"},{"floor":26,"key":"Bag of Preparation"},{"floor":27,"key":"Potion Belt"},{"floor":30,"key":"Thread and Needle"},{"floor":30,"key":"The Courier"},{"floor":31,"key":"Anchor"}],"event_choices":[{"damage_healed":0,"gold_gain":0,"player_choice":"Ignored","damage_taken":0,"max_hp_gain":0,"max_hp_loss":0,"event_name":"Liars Game","floor":2,"gold_loss":0},{"cards_removed":["Strike_B"],"damage_healed":0,"gold_gain":0,"player_choice":"Forget","damage_taken":0,"max_hp_gain":0,"max_hp_loss":0,"event_name":"Living Wall","floor":3,"gold_loss":0},{"damage_healed":20,"gold_gain":0,"player_choice":"Healed and dodged fight","damage_taken":0,"max_hp_gain":0,"max_hp_loss":0,"event_name":"Mushrooms","floor":14,"gold_loss":0,"cards_obtained":["Parasite"]},{"damage_healed":0,"gold_gain":0,"player_choice":"Simplicity","damage_taken":0,"max_hp_gain":0,"max_hp_loss":0,"event_name":"Back to Basics","floor":19,"gold_loss":0,"cards_upgraded":["Defend_B","Defend_B","Defend_B","Defend_B"]},{"damage_healed":0,"gold_gain":0,"player_choice":"Shed Blood","damage_taken":21,"max_hp_gain":5,"max_hp_loss":0,"event_name":"Forgotten Altar","floor":20,"gold_loss":0},{"damage_healed":0,"gold_gain":0,"player_choice":"Ignored","damage_taken":0,"max_hp_gain":0,"max_hp_loss":0,"event_name":"Cursed Tome","floor":21,"gold_loss":0},{"damage_healed":0,"gold_gain":99,"player_choice":"Stole From Cult","damage_taken":0,"max_hp_gain":0,"max_hp_loss":0,"event_name":"Nest","floor":25,"gold_loss":0},{"damage_healed":0,"gold_gain":0,"player_choice":"Fight","damage_taken":0,"max_hp_gain":0,"max_hp_loss":0,"event_name":"Colosseum","floor":30,"gold_loss":0},{"damage_healed":0,"gold_gain":0,"player_choice":"Fought Nobs","damage_taken":0,"max_hp_gain":0,"max_hp_loss":0,"event_name":"Colosseum","floor":30,"gold_loss":0},{"damage_healed":0,"gold_gain":0,"player_choice":"Ignored","damage_taken":0,"max_hp_gain":0,"max_hp_loss":0,"event_name":"Tomb of Lord Red Mask","floor":36,"gold_loss":0},{"damage_healed":0,"gold_gain":0,"player_choice":"Got Potions","damage_taken":0,"max_hp_gain":0,"max_hp_loss":0,"event_name":"Lab","floor":41,"gold_loss":0}],"is_beta":false,"boss_relics":[{"not_picked":["Pandora\u0027s Box","Black Star"],"picked":"FrozenCore"},{"not_picked":["Lizard Tail","Snecko Eye"],"picked":"Eternal Feather"}],"items_purged_floors":[12,29,37],"is_endless":false,"potions_floor_spawned":[4,6,24,30,33,35,38],"killed_by":"Giant Head","ascension_level":13}