{"gold_per_floor":[110,122,36,47,66,66,99,99,122,44,54,84,103,135,135,212,212,222,62,81,81,96,96,127,150,229,229,229,63,79,106,106,106],"floor_reached":33,"playtime":1494,"items_purged":["Prostrate+1"],"score":749,"play_id":"3f1137e2-36fc-4fc7-80d3-8d157507a090","local_time":"20191013014940","is_ascension_mode":true,"campfire_choices":[{"data":"Eruption","floor":6.0,"key":"SMITH"},{"floor":8.0,"key":"REST"},{"data":"SignatureMove","floor":15.0,"key":"SMITH"},{"floor":23.0,"key":"REST"},{"data":"WheelKick","floor":27.0,"key":"SMITH"},{"floor":32,"key":"REST"}],"neow_cost":"NONE","seed_source_timestamp":48049105940300,"circlet_count":0,"master_deck":["AscendersBane","Strike_P+1","Defend_P+1","Defend_P+1","Defend_P+1","Defend_P+1","Eruption+1","Vigilance","ClearTheMind","FlurryOfBlows","Consecrate","EmptyMind","SpiritShield","SignatureMove+1","CrushJoints+1","EmptyMind","WheelKick+1","CutThroughFate","Brilliance","CrushJoints+1","WaveOfTheHand+1","InnerPeace","BowlingBash","Adaptation","EmptyBody"],"special_seed":0,"relics":["PureWater","Bag of Marbles","Lantern","Whetstone","Akabeko","Astrolabe","MutagenicStrength","Bottled Flame","Vajra","Tiny Chest","OrangePellets","MealTicket"],"potions_floor_usage":[33],"damage_taken":[{"damage":13.0,"enemies":"Cultist","floor":1.0,"turns":6.0},{"damage":0.0,"enemies":"Jaw Worm","floor":2.0,"turns":4.0},{"damage":9.0,"enemies":"2 Louse","floor":4.0,"turns":3.0},{"damage":4.0,"enemies":"Large Slime","floor":5.0,"turns":6.0},{"damage":15.0,"enemies":"3 Sentries","floor":7.0,"turns":7.0},{"damage":1.0,"enemies":"Exordium Thugs","floor":11.0,"turns":3.0},{"damage":0.0,"enemies":"Lagavulin","floor":12.0,"turns":4.0},{"damage":0.0,"enemies":"Looter","floor":13.0,"turns":1.0},{"damage":27.0,"enemies":"3 Sentries","floor":14.0,"turns":6.0},{"damage":0.0,"enemies":"Slime Boss","floor":16.0,"turns":3.0},{"damage":0.0,"enemies":"Chosen","floor":18.0,"turns":2.0},{"damage":11.0,"enemies":"3 Byrds","floor":20.0,"turns":7.0},{"damage":28.0,"enemies":"3 Cultists","floor":22.0,"turns":6.0},{"damage":8.0,"enemies":"Slavers","floor":24.0,"turns":3.0},{"damage":0.0,"enemies":"Shelled Parasite and Fungi","floor":30.0,"turns":2.0},{"damage":0,"enemies":"Gremlin Leader","floor":31,"turns":1},{"damage":71,"enemies":"Champ","floor":33,"turns":11}],"seed_played":"8137309489639186263","potions_obtained":[{"floor":1.0,"key":"Explosive Potion"},{"floor":5.0,"key":"Weak Potion"},{"floor":11.0,"key":"Regen Potion"},{"floor":16.0,"key":"SpeedPotion"},{"floor":30.0,"key":"FearPotion"},{"floor":31,"key":"SkillPotion"}],"is_trial":false,"path_per_floor":["M","M","$","M","M","R","E","R","T","$","M","E","M","E","R","B",null,"M","$","M","?","M","R","E","T","T","R","?","$","M","E","R","B"],"character_chosen":"WATCHER","items_purchased":["EmptyMind","EmptyMind","InnerPeace","OrangePellets"],"campfire_rested":3,"item_purchase_floors":[3,10,19,29],"current_hp_per_floor":[48,48,48,39,35,35,20,40,40,40,39,51,51,24,24,24,57,57,57,46,46,21,41,33,33,33,33,33,33,33,33,53,0],"gold":106,"neow_bonus":"THREE_CARDS","is_prod":false,"is_daily":false,"chose_seed":false,"campfire_upgraded":3,"win_rate":0,"timestamp":1570945780,"path_taken":["M","M","$","M","M","R","E","R","T","$","M","E","M","E","R","BOSS","M","$","?","?","M","R","E","?","T","R","?","$","M","E","R","BOSS"],"build_version":"2019-10-11","purchased_purges":1,"victory":false,"max_hp_per_floor":[68,68,68,68,68,68,68,68,68,68,68,68,68,68,68,68,68,68,68,68,68,68,68,68,68,68,68,68,68,68,68,68,68],"card_choices":[{"not_picked":["Collect","Swivel"],"picked":"ClearTheMind","floor":0.0},{"not_picked":["SandsOfTime","Halt"],"picked":"FlurryOfBlows","floor":1.0},{"not_picked":["Swivel","Nirvana"],"picked":"Consecrate","floor":2.0},{"not_picked":["Consecrate","JustLucky"],"picked":"SpiritShield","floor":4.0},{"not_picked":["PathToVictory","ThirdEye"],"picked":"SignatureMove","floor":5.0},{"not_picked":["Indignation","PathToVictory"],"picked":"CrushJoints","floor":7.0},{"not_picked":["JustLucky","Wish"],"picked":"WheelKick","floor":11.0},{"not_picked":["EmptyMind","ClearTheMind","Consecrate"],"picked":"SKIP","floor":12.0},{"not_picked":["Consecrate","SandsOfTime","ClearTheMind"],"picked":"SKIP","floor":13.0},{"not_picked":["WreathOfFlame","Sanctity"],"picked":"CutThroughFate","floor":14.0},{"not_picked":["ConjureBlade","Wish"],"picked":"Brilliance","floor":16.0},{"not_picked":["Sanctity","ForeignInfluence","ClearTheMind"],"picked":"SKIP","floor":18.0},{"not_picked":["FearNoEvil+1","Weave"],"picked":"BowlingBash","floor":20.0},{"not_picked":["SashWhip+1","Crescendo"],"picked":"Adaptation","floor":22.0},{"not_picked":["Consecrate","Omniscience","PathToVictory"],"picked":"SKIP","floor":24.0},{"not_picked":["Prostrate","FlurryOfBlows","BowlingBash"],"picked":"SKIP","floor":30.0},{"not_picked":["SpiritShield","Consecrate+1"],"picked":"EmptyBody","floor":31}],"player_experience":1317403,"relics_obtained":[{"floor":7.0,"key":"Bag of Marbles"},{"floor":9.0,"key":"Lantern"},{"floor":12.0,"key":"Whetstone"},{"floor":14.0,"key":"Akabeko"},{"floor":24.0,"key":"Bottled Flame"},{"floor":25.0,"key":"Vajra"},{"floor":26.0,"key":"Tiny Chest"},{"floor":31,"key":"MealTicket"}],"event_choices":[{"damage_healed":0.0,"max_hp_gain":0.0,"max_hp_loss":0.0,"gold_gain":0.0,"event_name":"Drug Dealer","player_choice":"Inject Mutagens","floor":21.0,"gold_loss":0.0,"damage_taken":0.0,"relics_obtained":["MutagenicStrength"]},{"damage_healed":0.0,"max_hp_gain":0.0,"max_hp_loss":0.0,"gold_gain":0.0,"event_name":"Back to Basics","player_choice":"Simplicity","floor":28.0,"gold_loss":0.0,"damage_taken":0.0,"cards_upgraded":["Defend_P","Defend_P","Defend_P","Defend_P"]}],"is_beta":true,"boss_relics":[{"not_picked":["Fusion Hammer","Tiny House"],"picked":"Astrolabe"}],"items_purged_floors":[19],"is_endless":false,"potions_floor_spawned":[1,5,11,16,20,30,31],"killed_by":"Champ","ascension_level":17}