{"gold_per_floor":[109,125,144,219,219,233,248,266,266,266,84,84,102,114,114,213,213,232,248,260,280,296,296],"floor_reached":23,"playtime":2224,"items_purged":["Strike_R"],"score":191,"play_id":"c5eaa0ae-6b66-4b43-8962-b99c2df21146","local_time":"20191005194016","is_ascension_mode":false,"campfire_choices":[{"data":"Pommel Strike","floor":10,"key":"SMITH"},{"data":"Blood for Blood","floor":15,"key":"SMITH"}],"neow_cost":"NONE","seed_source_timestamp":64066866599100,"circlet_count":0,"master_deck":["Strike_R","Strike_R+1","Strike_R+1","Defend_R","Defend_R","Defend_R","Defend_R","Bash","Hemokinesis","Sword Boomerang","Blood for Blood+1","Pommel Strike","Pommel Strike+1","Impervious","Flame Barrier","Inflame+1","Armaments","Shrug It Off","Reaper","Fire Breathing","Infernal Blade","True Grit+1","Burning Pact+1","Flame Barrier"],"relics":["Burning Blood","Meat on the Bone","Mark of Pain"],"potions_floor_usage":[16,21,23],"damage_taken":[{"damage":8,"enemies":"Jaw Worm","floor":1,"turns":4},{"damage":3,"enemies":"2 Louse","floor":2,"turns":3},{"damage":8,"enemies":"Small Slimes","floor":3,"turns":3},{"damage":8,"enemies":"Red Slaver","floor":6,"turns":4},{"damage":4,"enemies":"Blue Slaver","floor":7,"turns":4},{"damage":29,"enemies":"Exordium Thugs","floor":8,"turns":4},{"damage":5,"enemies":"Looter","floor":13,"turns":3},{"damage":3,"enemies":"2 Fungi Beasts","floor":14,"turns":5},{"damage":21,"enemies":"The Guardian","floor":16,"turns":12},{"damage":22,"enemies":"2 Thieves","floor":18,"turns":4},{"damage":8,"enemies":"Spheric Guardian","floor":19,"turns":4},{"damage":31,"enemies":"Centurion and Healer","floor":20,"turns":6},{"damage":14,"enemies":"Shelled Parasite and Fungi","floor":21,"turns":6},{"damage":36,"enemies":"Snecko","floor":22,"turns":7},{"damage":57,"enemies":"Gremlin Leader","floor":23,"turns":7}],"seed_played":"-7652690140649338036","potions_obtained":[{"floor":6,"key":"BloodPotion"},{"floor":7,"key":"Fire Potion"},{"floor":13,"key":"SteroidPotion"},{"floor":19,"key":"Swift Potion"}],"is_trial":false,"path_per_floor":["M","M","M","?","?","M","M","M","T","R","$","?","M","M","R","B",null,"M","M","M","M","M","E"],"character_chosen":"IRONCLAD","items_purchased":["Flame Barrier","Inflame"],"campfire_rested":0,"item_purchase_floors":[11,11],"current_hp_per_floor":[78,80,78,67,51,49,51,28,28,28,28,28,41,56,56,53,80,64,69,56,48,34,0],"gold":296,"neow_bonus":"TRANSFORM_CARD","is_prod":false,"is_daily":false,"chose_seed":false,"campfire_upgraded":2,"win_rate":0,"timestamp":1570318816,"path_taken":["M","M","M","?","?","M","M","M","T","R","$","?","M","M","R","BOSS","M","M","M","M","M","E"],"build_version":"2019-07-17","purchased_purges":1,"victory":false,"max_hp_per_floor":[80,80,80,80,80,80,80,80,80,80,80,80,80,80,80,80,80,80,80,80,80,80,80],"card_choices":[{"not_picked":["Armaments","Thunderclap"],"picked":"Sword Boomerang","floor":1},{"not_picked":["Cleave","Body Slam"],"picked":"Blood for Blood","floor":2},{"not_picked":["Perfected Strike","Fire Breathing","Headbutt"],"picked":"SKIP","floor":3},{"not_picked":["Anger","Body Slam"],"picked":"Pommel Strike","floor":6},{"not_picked":["Body Slam","True Grit"],"picked":"Pommel Strike","floor":7},{"not_picked":["Clash","Heavy Blade"],"picked":"Impervious","floor":8},{"not_picked":["Cleave","Anger"],"picked":"Armaments","floor":13},{"not_picked":["Power Through","Rage"],"picked":"Shrug It Off","floor":14},{"not_picked":["Dark Embrace","Feed"],"picked":"Reaper","floor":16},{"not_picked":["Body Slam","Heavy Blade"],"picked":"Fire Breathing","floor":18},{"not_picked":["Twin Strike","Flex"],"picked":"Infernal Blade","floor":19},{"not_picked":["Havoc","Thunderclap"],"picked":"True Grit+1","floor":20},{"not_picked":["True Grit","Fire Breathing+1"],"picked":"Burning Pact+1","floor":21},{"not_picked":["Warcry","Blood for Blood"],"picked":"Flame Barrier","floor":22}],"player_experience":77737,"relics_obtained":[{"floor":9,"key":"Meat on the Bone"}],"event_choices":[{"damage_healed":0,"gold_gain":75,"player_choice":"Gather Gold","damage_taken":11,"max_hp_gain":0,"max_hp_loss":0,"event_name":"World of Goop","floor":4,"gold_loss":0},{"damage_healed":0,"gold_gain":0,"player_choice":"Entered Light","damage_taken":16,"max_hp_gain":0,"max_hp_loss":0,"event_name":"Shining Light","floor":5,"gold_loss":0,"cards_upgraded":["Strike_R","Strike_R"]},{"damage_healed":0,"gold_gain":0,"player_choice":"Upgraded","damage_taken":0,"max_hp_gain":0,"max_hp_loss":0,"event_name":"Upgrade Shrine","floor":12,"gold_loss":0,"cards_upgraded":["Inflame"]}],"is_beta":false,"boss_relics":[{"not_picked":["Tiny House","Lizard Tail"],"picked":"Mark of Pain"}],"items_purged_floors":[11],"is_endless":false,"potions_floor_spawned":[6,7,13,19,20],"killed_by":"Gremlin Leader","ascension_level":0}