{"gold_per_floor":[118,118,133,45,61,99,130,130,130,174,174,46,90,109,109,203,203,224,0,14,64,82,82,123,123,148,48,66,97,132,132,132,132],"floor_reached":33,"playtime":1874,"items_purged":["Strike_R","Strike_R"],"score":587,"play_id":"3e91f257-53df-47a5-909f-b2d632867f99","local_time":"20190902220814","is_ascension_mode":true,"campfire_choices":[{"floor":11.0,"key":"REST"},{"data":"True Grit","floor":15.0,"key":"SMITH"},{"floor":23.0,"key":"REST"},{"floor":25.0,"key":"REST"},{"floor":32.0,"key":"REST"}],"neow_cost":"NONE","seed_source_timestamp":0,"circlet_count":0,"master_deck":["AscendersBane","Strike_R","Strike_R","Strike_R","Defend_R","Defend_R","Defend_R","Defend_R","Bash","Cleave","Whirlwind","Feed","True Grit+1","Shockwave","Disarm+1","Clothesline","Limit Break+1","Armaments+1","Warcry+1","Feel No Pain","True Grit+1","Warcry+1","Immolate","Flame Barrier+1","Ghostly+1","Ghostly+1","Ghostly+1"],"special_seed":0,"relics":["Burning Blood","Golden Idol","Singing Bowl","Odd Mushroom","Question Card","Gambling Chip","Toxic Egg 2","Fusion Hammer","Oddly Smooth Stone","Incense Burner","Regal Pillow","Red Mask","Letter Opener"],"potions_floor_usage":[],"damage_taken":[{"damage":14.0,"enemies":"Jaw Worm","floor":1.0,"turns":4.0},{"damage":7.0,"enemies":"Small Slimes","floor":3.0,"turns":3.0},{"damage":6.0,"enemies":"Cultist","floor":5.0,"turns":3.0},{"damage":48.0,"enemies":"Lagavulin","floor":6.0,"turns":8.0},{"damage":6.0,"enemies":"The Mushroom Lair","floor":7.0,"turns":4.0},{"damage":37.0,"enemies":"3 Sentries","floor":10.0,"turns":8.0},{"damage":21.0,"enemies":"Gremlin Nob","floor":13.0,"turns":4.0},{"damage":0.0,"enemies":"3 Louse","floor":14.0,"turns":1.0},{"damage":28.0,"enemies":"The Guardian","floor":16.0,"turns":16.0},{"damage":33.0,"enemies":"2 Thieves","floor":18.0,"turns":4.0},{"damage":13.0,"enemies":"Shell Parasite","floor":20.0,"turns":11.0},{"damage":20.0,"enemies":"Shelled Parasite and Fungi","floor":22.0,"turns":8.0},{"damage":61.0,"enemies":"Slavers","floor":24.0,"turns":9.0},{"damage":12.0,"enemies":"Cultist and Chosen","floor":28.0,"turns":7.0},{"damage":40.0,"enemies":"Masked Bandits","floor":29.0,"turns":10.0},{"damage":9.0,"enemies":"Book of Stabbing","floor":30.0,"turns":9.0},{"damage":47,"enemies":"Collector","floor":33,"turns":12}],"seed_played":"3992190898299221428","potions_obtained":[{"floor":5.0,"key":"Energy Potion"},{"floor":6.0,"key":"Block Potion"},{"floor":7.0,"key":"AttackPotion"},{"floor":13.0,"key":"AttackPotion"},{"floor":22.0,"key":"Energy Potion"},{"floor":24.0,"key":"FearPotion"}],"is_trial":false,"path_per_floor":["M","?","M","$","M","E","?","?","T","E","R","$","E","M","R","B",null,"M","$","M","?","M","R","E","R","T","$","M","?","E","?","R","B"],"character_chosen":"IRONCLAD","items_purchased":["Feed","Strength Potion","Oddly Smooth Stone","Warcry+1"],"campfire_rested":4,"item_purchase_floors":[4,12,19,19],"current_hp_per_floor":[67,67,66,66,69,32,35,35,35,9,36,36,24,30,30,8,72,48,48,45,45,35,66,17,50,50,50,44,14,11,11,43,0],"gold":132,"neow_bonus":"TEN_PERCENT_HP_BONUS","is_prod":false,"is_daily":false,"chose_seed":false,"campfire_upgraded":1,"win_rate":0,"timestamp":1567476494,"path_taken":["M","?","M","$","M","E","?","?","T","E","R","?","E","M","R","BOSS","M","$","?","?","?","R","E","R","T","$","M","?","E","?","R","BOSS"],"build_version":"2019-07-17","purchased_purges":2,"victory":false,"max_hp_per_floor":[82,74,74,74,77,82,85,85,85,90,90,90,93,93,93,93,93,96,96,100,100,104,104,110,110,110,110,110,114,114,57,57,57],"card_choices":[{"not_picked":["Shrug It Off","Wild Strike"],"picked":"Cleave","floor":1.0},{"not_picked":["Shrug It Off","Rage"],"picked":"Whirlwind","floor":3.0},{"not_picked":["Fire Breathing","Iron Wave"],"picked":"True Grit","floor":5.0},{"not_picked":["Brutality","Pommel Strike","Havoc"],"picked":"Singing Bowl","floor":6.0},{"not_picked":["Anger","Sword Boomerang"],"picked":"Shockwave","floor":7.0},{"not_picked":["Barricade","True Grit","Cleave","Pommel Strike"],"picked":"Singing Bowl","floor":10.0},{"not_picked":["Pummel","Searing Blow","Seeing Red"],"picked":"Disarm","floor":13.0},{"not_picked":["Wild Strike","Pommel Strike","Havoc+1"],"picked":"Clothesline","floor":14.0},{"not_picked":["Juggernaut","Demon Form","Brutality"],"picked":"Limit Break+1","floor":16.0},{"not_picked":["Wild Strike+1","Twin Strike+1","Perfected Strike"],"picked":"Armaments+1","floor":18.0},{"not_picked":["Rage+1","Clothesline+1","Combust"],"picked":"Feel No Pain","floor":20.0},{"not_picked":["Perfected Strike","Clothesline","Reckless Charge"],"picked":"True Grit+1","floor":22.0},{"not_picked":["Rupture","Havoc+1","Iron Wave","Infernal Blade+1"],"picked":"Singing Bowl","floor":24.0},{"not_picked":["Disarm+1","Pommel Strike","Cleave"],"picked":"Warcry+1","floor":28.0},{"not_picked":["Uppercut","Cleave","Wild Strike+1"],"picked":"Immolate","floor":29.0},{"not_picked":["Havoc+1","Rupture","True Grit+1"],"picked":"Flame Barrier+1","floor":30.0}],"player_experience":944643,"relics_obtained":[{"floor":6.0,"key":"Singing Bowl"},{"floor":7.0,"key":"Odd Mushroom"},{"floor":9.0,"key":"Question Card"},{"floor":10.0,"key":"Gambling Chip"},{"floor":13.0,"key":"Toxic Egg 2"},{"floor":24.0,"key":"Incense Burner"},{"floor":26.0,"key":"Regal Pillow"},{"floor":29.0,"key":"Red Mask"},{"floor":30.0,"key":"Letter Opener"}],"event_choices":[{"damage_healed":0.0,"max_hp_gain":0.0,"max_hp_loss":8.0,"gold_gain":0.0,"event_name":"Golden Idol","player_choice":"Lose Max HP","floor":2.0,"gold_loss":0.0,"damage_taken":0.0,"relics_obtained":["Golden Idol"]},{"damage_healed":0.0,"max_hp_gain":0.0,"max_hp_loss":0.0,"gold_gain":0.0,"event_name":"Mushrooms","player_choice":"Fought Mushrooms","floor":7.0,"gold_loss":0.0,"damage_taken":0.0},{"damage_healed":0.0,"max_hp_gain":0.0,"max_hp_loss":0.0,"gold_gain":0.0,"event_name":"Shining Light","player_choice":"Ignored","floor":8.0,"gold_loss":0.0,"damage_taken":0.0},{"damage_healed":0.0,"max_hp_gain":0.0,"max_hp_loss":0.0,"gold_gain":50.0,"event_name":"Golden Shrine","player_choice":"Pray","floor":21.0,"gold_loss":0.0,"damage_taken":0.0},{"damage_healed":0.0,"max_hp_gain":0.0,"max_hp_loss":0.0,"gold_gain":0.0,"event_name":"Masked Bandits","player_choice":"Fought Bandits","floor":29.0,"gold_loss":0.0,"damage_taken":0.0},{"damage_healed":0.0,"max_hp_gain":0.0,"max_hp_loss":57.0,"gold_gain":0.0,"event_name":"Ghosts","player_choice":"Became a Ghost","floor":31.0,"gold_loss":0.0,"damage_taken":0.0,"cards_obtained":["Ghostly","Ghostly","Ghostly"]}],"is_beta":false,"boss_relics":[{"not_picked":["Orrery","Ectoplasm"],"picked":"Fusion Hammer"}],"items_purged_floors":[12,27],"is_endless":false,"potions_floor_spawned":[5,6,7,13,22,24],"killed_by":"Collector","ascension_level":19}