{"gold_per_floor":[113,37,55,55,130,159,171,196,219,219,249,16,16,51,51,51],"floor_reached":16,"playtime":362,"items_purged":["Strike_P"],"score":343,"play_id":"0d23e7e8-5bb1-4f64-92fd-71e0988a9918","local_time":"20191023084128","is_ascension_mode":true,"campfire_choices":[{"data":"Eruption","floor":10.0,"key":"SMITH"},{"data":"LikeWater","floor":13.0,"key":"SMITH"},{"data":"TalkToTheHand","floor":15.0,"key":"SMITH"}],"neow_cost":"NONE","seed_source_timestamp":0,"circlet_count":0,"master_deck":["AscendersBane","Strike_P","Strike_P","Strike_P","Defend_P","Defend_P","Defend_P","Defend_P","Eruption+1","Vigilance","LikeWater+1","ReachHeaven","TalkToTheHand+1","Tantrum","FlyingSleeves","EmptyBody"],"special_seed":0,"relics":["PureWater","NeowsBlessing","Strawberry","Orichalcum","Anchor","Bottled Tornado","Vajra","Centennial Puzzle"],"potions_floor_usage":[],"damage_taken":[{"damage":0.0,"enemies":"Cultist","floor":1.0,"turns":1.0},{"damage":0.0,"enemies":"Small Slimes","floor":3.0,"turns":2.0},{"damage":0.0,"enemies":"3 Sentries","floor":6.0,"turns":1.0},{"damage":0.0,"enemies":"Jaw Worm","floor":7.0,"turns":3.0},{"damage":20.0,"enemies":"Lagavulin","floor":8.0,"turns":4.0},{"damage":24.0,"enemies":"Gremlin Nob","floor":11.0,"turns":4.0},{"damage":0.0,"enemies":"3 Sentries","floor":14.0,"turns":3.0},{"damage":25,"enemies":"The Guardian","floor":16,"turns":4}],"seed_played":"3987651539753585413","potions_obtained":[{"floor":1.0,"key":"Explosive Potion"},{"floor":3.0,"key":"Regen Potion"},{"floor":11.0,"key":"SteroidPotion"},{"floor":14.0,"key":"SneckoOil"}],"is_trial":false,"path_per_floor":["M","$","M","?","?","E","M","E","T","R","E","$","R","E","R","B"],"character_chosen":"WATCHER","items_purchased":["ReachHeaven","Vajra"],"campfire_rested":0,"item_purchase_floors":[2,12],"current_hp_per_floor":[61,61,61,61,50,57,57,37,37,37,25,25,25,25,25,0],"gold":51,"neow_bonus":"THREE_ENEMY_KILL","is_prod":false,"is_daily":false,"chose_seed":false,"campfire_upgraded":3,"win_rate":0,"timestamp":1571834488,"path_taken":["M","?","?","?","?","E","M","E","T","R","E","$","R","E","R","BOSS"],"build_version":"2019-10-22","purchased_purges":1,"victory":false,"max_hp_per_floor":[68,68,68,68,68,75,75,75,75,75,75,75,75,75,75,75],"card_choices":[{"not_picked":["Prostrate","DeceiveReality"],"picked":"LikeWater","floor":1.0},{"not_picked":["CutThroughFate","SpiritShield"],"picked":"TalkToTheHand","floor":3.0},{"not_picked":["CrushJoints","Indignation"],"picked":"Tantrum","floor":6.0},{"not_picked":["ThirdEye","Crescendo"],"picked":"FlyingSleeves","floor":7.0},{"not_picked":["Brilliance","ClearTheMind","Vengeance"],"picked":"SKIP","floor":8.0},{"not_picked":["Alpha","EmptyFist","ClearTheMind"],"picked":"SKIP","floor":11.0},{"not_picked":["ThirdEye","DevaForm"],"picked":"EmptyBody","floor":14.0}],"player_experience":1377474,"relics_obtained":[{"floor":6.0,"key":"Strawberry"},{"floor":8.0,"key":"Orichalcum"},{"floor":9.0,"key":"Anchor"},{"floor":11.0,"key":"Bottled Tornado"},{"floor":14.0,"key":"Centennial Puzzle"}],"event_choices":[{"damage_healed":0.0,"max_hp_gain":0.0,"max_hp_loss":0.0,"gold_gain":0.0,"event_name":"Liars Game","player_choice":"Ignored","floor":4.0,"gold_loss":0.0,"damage_taken":0.0},{"damage_healed":0.0,"max_hp_gain":0.0,"max_hp_loss":0.0,"gold_gain":75.0,"event_name":"World of Goop","player_choice":"Gather Gold","floor":5.0,"gold_loss":0.0,"damage_taken":11.0}],"is_beta":true,"boss_relics":[],"items_purged_floors":[12],"is_endless":false,"potions_floor_spawned":[1,3,11,14],"killed_by":"The Guardian","ascension_level":19}