{"gold_per_floor":[119,134,159,170,170,205,205,224,251,261,261,276,276,291,291,392,392,402,418,433,453,471,471,374,404,404,503,516,516],"floor_reached":29,"playtime":1449,"items_purged":["Strike_R"],"score":282,"play_id":"f9a7a48f-27a0-419e-aa02-e54f6debf6bf","local_time":"20190920194903","is_ascension_mode":true,"campfire_choices":[{"data":"Heavy Blade","floor":7,"key":"SMITH"},{"data":"Spot Weakness","floor":11,"key":"SMITH"},{"data":"Flex","floor":13,"key":"SMITH"},{"data":"Spot Weakness","floor":15,"key":"SMITH"},{"data":"Demon Form","floor":23,"key":"SMITH"}],"neow_cost":"NONE","seed_source_timestamp":673304643456100,"circlet_count":0,"master_deck":["Strike_R","Strike_R","Strike_R","Strike_R","Defend_R","Defend_R","Defend_R","Defend_R","Heavy Blade+1","Flex+1","Spot Weakness+1","Spot Weakness+1","Demon Form+1","Heavy Blade"],"relics":["Burning Blood","Blood Vial","Bag of Marbles","Anchor","Busted Crown","Red Mask","Omamori"],"potions_floor_usage":[6,16,16,20,20,28,29,29],"damage_taken":[{"damage":6,"enemies":"Cultist","floor":1,"turns":3},{"damage":1,"enemies":"2 Louse","floor":2,"turns":3},{"damage":5,"enemies":"Small Slimes","floor":4,"turns":3},{"damage":63,"enemies":"Lagavulin","floor":6,"turns":7},{"damage":8,"enemies":"3 Louse","floor":8,"turns":4},{"damage":0,"enemies":"Looter","floor":10,"turns":2},{"damage":11,"enemies":"Lots of Slimes","floor":12,"turns":4},{"damage":0,"enemies":"2 Fungi Beasts","floor":14,"turns":2},{"damage":39,"enemies":"The Guardian","floor":16,"turns":7},{"damage":2,"enemies":"Shell Parasite","floor":18,"turns":2},{"damage":20,"enemies":"3 Byrds","floor":19,"turns":5},{"damage":12,"enemies":"3 Cultists","floor":20,"turns":4},{"damage":0,"enemies":"Centurion and Healer","floor":21,"turns":5},{"damage":27,"enemies":"Sentry and Sphere","floor":22,"turns":4},{"damage":37,"enemies":"Masked Bandits","floor":25,"turns":5},{"damage":28,"enemies":"Chosen and Byrds","floor":28,"turns":5},{"damage":13,"enemies":"Gremlin Leader","floor":29,"turns":2}],"seed_played":"-1661436270284433107","potions_obtained":[{"floor":2,"key":"Strength Potion"},{"floor":6,"key":"Energy Potion"},{"floor":10,"key":"SteroidPotion"},{"floor":14,"key":"Fire Potion"},{"floor":16,"key":"Energy Potion"},{"floor":19,"key":"Explosive Potion"},{"floor":25,"key":"GamblersBrew"},{"floor":28,"key":"Fire Potion"}],"is_trial":false,"path_per_floor":["M","M","T","M","?","E","R","M","T","M","R","M","R","M","R","B",null,"M","M","M","M","M","R","$","?","T","?","M","E"],"character_chosen":"IRONCLAD","items_purchased":["Heavy Blade"],"campfire_rested":0,"item_purchase_floors":[24],"current_hp_per_floor":[88,88,88,88,88,31,31,31,31,39,39,36,36,44,44,13,88,88,74,70,78,59,59,59,30,30,30,10,0],"gold":516,"neow_bonus":"TEN_PERCENT_HP_BONUS","is_prod":false,"is_daily":false,"chose_seed":false,"campfire_upgraded":5,"win_rate":0,"timestamp":1569023343,"path_taken":["M","?","?","M","?","E","R","?","T","M","R","M","R","M","R","BOSS","M","M","M","M","M","R","$","?","T","?","M","E"],"build_version":"2019-07-17","purchased_purges":1,"victory":false,"max_hp_per_floor":[88,88,88,88,88,88,88,88,88,88,88,88,88,88,88,88,88,88,88,88,88,88,88,88,88,88,88,88,88],"card_choices":[{"not_picked":["Warcry","Clash"],"picked":"Heavy Blade","floor":1},{"not_picked":["Carnage","Shrug It Off","Havoc"],"picked":"SKIP","floor":2},{"not_picked":["Shrug It Off","Anger"],"picked":"Flex","floor":4},{"not_picked":["Heavy Blade","Perfected Strike"],"picked":"Spot Weakness","floor":6},{"not_picked":["Anger","Intimidate","Uppercut"],"picked":"SKIP","floor":8},{"not_picked":["Flame Barrier","Shrug It Off","Whirlwind"],"picked":"SKIP","floor":10},{"not_picked":["Entrench","Feed","Infernal Blade"],"picked":"SKIP","floor":12},{"not_picked":["Rage","Heavy Blade"],"picked":"Spot Weakness","floor":14},{"not_picked":["Feed","Juggernaut"],"picked":"Demon Form","floor":16},{"not_picked":["Shrug It Off"],"picked":"SKIP","floor":18},{"not_picked":["True Grit"],"picked":"SKIP","floor":19},{"not_picked":["Whirlwind"],"picked":"SKIP","floor":20},{"not_picked":["True Grit"],"picked":"SKIP","floor":21},{"not_picked":["Ghostly Armor+1"],"picked":"SKIP","floor":22},{"not_picked":["Clash+1"],"picked":"SKIP","floor":28}],"player_experience":44970,"relics_obtained":[{"floor":3,"key":"Blood Vial"},{"floor":6,"key":"Bag of Marbles"},{"floor":9,"key":"Anchor"},{"floor":25,"key":"Red Mask"},{"floor":26,"key":"Omamori"}],"event_choices":[{"cards_removed":["Bash"],"damage_healed":0,"gold_gain":0,"player_choice":"Offered Basic","damage_taken":0,"max_hp_gain":0,"max_hp_loss":0,"event_name":"Bonfire Elementals","floor":5,"gold_loss":0},{"damage_healed":0,"gold_gain":0,"player_choice":"Fought Bandits","damage_taken":0,"max_hp_gain":0,"max_hp_loss":0,"event_name":"Masked Bandits","floor":25,"gold_loss":0},{"damage_healed":0,"gold_gain":99,"player_choice":"Stole From Cult","damage_taken":0,"max_hp_gain":0,"max_hp_loss":0,"event_name":"Nest","floor":27,"gold_loss":0}],"is_beta":false,"boss_relics":[{"not_picked":["Fusion Hammer","Coffee Dripper"],"picked":"Busted Crown"}],"items_purged_floors":[24],"is_endless":false,"potions_floor_spawned":[2,6,10,14,16,19,25,28],"killed_by":"Gremlin Leader","ascension_level":2}