{"gold_per_floor":[110,129,17,17,36,36,63,63,115,141,141,154,166,181,181,260,260,238,249,249,281,241,241],"floor_reached":23,"playtime":928,"items_purged":[],"score":464,"play_id":"48dd4429-9ab6-4988-8c7c-abb0f1a0ac5e","local_time":"20190817185448","is_ascension_mode":true,"campfire_choices":[{"data":"Hologram","floor":6,"key":"SMITH"},{"data":"Dualcast","floor":8,"key":"SMITH"},{"data":"Glacier","floor":11,"key":"SMITH"},{"data":"Go for the Eyes","floor":15,"key":"SMITH"}],"neow_cost":"NONE","seed_source_timestamp":23566207694000,"circlet_count":0,"master_deck":["AscendersBane","Strike_B","Strike_B","Strike_B","Strike_B","Defend_B","Defend_B+1","Defend_B","Defend_B","Zap+1","Dualcast+1","Sweeping Beam","Gash","Hologram+1","Gash","Glacier+1","Go for the Eyes+1","Capacitor","Self Repair","Biased Cognition","Genetic Algorithm+1","Echo Form","Reinforced Body"],"relics":["Cracked Core","War Paint","Bag of Preparation","Bronze Scales","Potion Belt","Sozu","Red Mask"],"potions_floor_usage":[7,16],"damage_taken":[{"damage":10,"enemies":"Small Slimes","floor":1,"turns":3},{"damage":1,"enemies":"Cultist","floor":2,"turns":3},{"damage":0,"enemies":"Jaw Worm","floor":5,"turns":3},{"damage":5,"enemies":"3 Sentries","floor":7,"turns":6},{"damage":14,"enemies":"Lagavulin","floor":10,"turns":5},{"damage":1,"enemies":"Looter","floor":12,"turns":2},{"damage":0,"enemies":"Large Slime","floor":13,"turns":4},{"damage":8,"enemies":"Exordium Thugs","floor":14,"turns":5},{"damage":0,"enemies":"The Guardian","floor":16,"turns":11},{"damage":0,"enemies":"2 Thieves","floor":18,"turns":5},{"damage":27,"enemies":"Chosen","floor":19,"turns":6},{"damage":44,"enemies":"Masked Bandits","floor":21,"turns":7},{"damage":15,"enemies":"Slavers","floor":23,"turns":2}],"seed_played":"128810587640284381","potions_obtained":[{"floor":1,"key":"PowerPotion"},{"floor":4,"key":"Regen Potion"},{"floor":4,"key":"Fire Potion"},{"floor":16,"key":"FearPotion"}],"is_trial":false,"path_per_floor":["M","M","$","?","M","R","E","R","T","E","R","M","M","M","R","B",null,"M","M","?","?","?","E"],"character_chosen":"DEFECT","items_purchased":["Gash","Hologram"],"campfire_rested":0,"item_purchase_floors":[3,3],"current_hp_per_floor":[54,53,53,53,53,53,48,48,48,34,34,33,33,25,25,47,65,71,51,51,14,14,0],"gold":241,"neow_bonus":"RANDOM_COMMON_RELIC","is_prod":false,"is_daily":false,"chose_seed":false,"campfire_upgraded":4,"win_rate":0,"timestamp":1566082488,"path_taken":["M","M","$","?","M","R","E","R","T","E","R","M","M","M","R","BOSS","M","?","?","?","?","E"],"build_version":"2019-07-17","purchased_purges":0,"victory":false,"max_hp_per_floor":[71,71,71,71,71,71,71,71,71,71,71,71,71,71,71,71,71,71,71,71,71,71,71],"card_choices":[{"not_picked":["Blizzard","Turbo"],"picked":"Sweeping Beam","floor":1},{"not_picked":["Redo","Scrape","Recycle"],"picked":"SKIP","floor":2},{"not_picked":["Redo","Scrape","Recycle"],"picked":"SKIP","floor":2},{"not_picked":["Recycle","Turbo","Fusion"],"picked":"SKIP","floor":5},{"not_picked":["Rip and Tear","Cold Snap"],"picked":"Gash","floor":7},{"not_picked":["Fusion","Steam"],"picked":"Glacier","floor":10},{"not_picked":["White Noise","Skim"],"picked":"Go for the Eyes","floor":12},{"not_picked":["Melter","Ball Lightning"],"picked":"Capacitor","floor":13},{"not_picked":["Leap","White Noise"],"picked":"Self Repair","floor":14},{"not_picked":["Creative AI","Meteor Strike"],"picked":"Biased Cognition","floor":16},{"not_picked":["Beam Cell","Conserve Battery"],"picked":"Genetic Algorithm+1","floor":18},{"not_picked":["Hello World","Turbo","Undo"],"picked":"SKIP","floor":19},{"not_picked":["Force Field","Streamline"],"picked":"Reinforced Body","floor":21}],"player_experience":794778,"relics_obtained":[{"floor":7,"key":"Bag of Preparation"},{"floor":9,"key":"Bronze Scales"},{"floor":10,"key":"Potion Belt"},{"floor":21,"key":"Red Mask"}],"event_choices":[{"damage_healed":0,"gold_gain":0,"player_choice":"Got Potions","damage_taken":0,"max_hp_gain":0,"max_hp_loss":0,"event_name":"Lab","floor":4,"gold_loss":0},{"damage_healed":0,"gold_gain":0,"player_choice":"Read","damage_taken":0,"max_hp_gain":0,"max_hp_loss":0,"event_name":"The Library","floor":20,"gold_loss":0,"cards_obtained":["Echo Form"]},{"damage_healed":0,"gold_gain":0,"player_choice":"Fought Bandits","damage_taken":0,"max_hp_gain":0,"max_hp_loss":0,"event_name":"Masked Bandits","floor":21,"gold_loss":0},{"damage_healed":0,"gold_gain":0,"player_choice":"Bought 3 Potions","damage_taken":0,"max_hp_gain":0,"max_hp_loss":0,"event_name":"The Woman in Blue","floor":22,"gold_loss":0}],"is_beta":false,"boss_relics":[{"not_picked":["Runic Pyramid","Snecko Eye"],"picked":"Sozu"}],"items_purged_floors":[],"is_endless":false,"potions_floor_spawned":[1,5,16,18,19],"killed_by":"Slavers","ascension_level":17}