{"gold_per_floor":[110,123,138,157,157,183,183,211,211,225,260,206,264,29,29,105,105,5,5,5,5,5,5,5,5,5,5,5,5,5,5,5,5],"floor_reached":33,"playtime":1489,"items_purged":["Strike_R"],"score":674,"play_id":"97c0b7b1-974e-4067-b007-5b7c9fd5a256","local_time":"20191009192939","is_ascension_mode":true,"campfire_choices":[{"floor":7.0,"key":"REST"},{"data":"Anger","floor":15.0,"key":"SMITH"},{"floor":25,"key":"REST"},{"floor":28,"key":"REST"},{"floor":32,"key":"REST"}],"neow_cost":"TEN_PERCENT_HP_LOSS","seed_source_timestamp":0,"circlet_count":0,"master_deck":["AscendersBane","Strike_R+1","Strike_R+1","Strike_R","Strike_R+1","Defend_R","Defend_R","Defend_R+1","Defend_R","Bash","Immolate+1","Flame Barrier","True Grit+1","Pommel Strike","Shrug It Off","Sword Boomerang","Anger+1","Reaper","Impervious","Fiend Fire","Combust","Pain","Thunderclap+1","Decay","Disarm","Impervious"],"special_seed":0,"relics":["Burning Blood","Kunai","Whetstone","Gremlin Horn","Dodecahedron","Tiny Chest","Ectoplasm","WarpedTongs","Ice Cream","War Paint","Gambling Chip","FossilizedHelix"],"potions_floor_usage":[23,23,27,30,33,33],"damage_taken":[{"damage":0.0,"enemies":"2 Louse","floor":1.0,"turns":1.0},{"damage":7.0,"enemies":"Jaw Worm","floor":2.0,"turns":4.0},{"damage":1.0,"enemies":"Cultist","floor":3.0,"turns":4.0},{"damage":11.0,"enemies":"Blue Slaver","floor":4.0,"turns":3.0},{"damage":28.0,"enemies":"Lagavulin","floor":6.0,"turns":8.0},{"damage":3.0,"enemies":"3 Sentries","floor":8.0,"turns":4.0},{"damage":9.0,"enemies":"3 Louse","floor":10.0,"turns":3.0},{"damage":26.0,"enemies":"Lagavulin","floor":11.0,"turns":8.0},{"damage":12.0,"enemies":"3 Sentries","floor":13.0,"turns":5.0},{"damage":11.0,"enemies":"The Guardian","floor":16.0,"turns":14.0},{"damage":7,"enemies":"2 Thieves","floor":18,"turns":4},{"damage":39,"enemies":"Spheric Guardian","floor":20,"turns":6},{"damage":5,"enemies":"Chosen and Byrds","floor":21,"turns":4},{"damage":33,"enemies":"Slavers","floor":23,"turns":4},{"damage":5,"enemies":"Centurion and Healer","floor":24,"turns":3},{"damage":27,"enemies":"Gremlin Leader","floor":27,"turns":4},{"damage":20,"enemies":"Cultist and Chosen","floor":29,"turns":4},{"damage":19,"enemies":"Book of Stabbing","floor":30,"turns":7},{"damage":21,"enemies":"Shelled Parasite and Fungi","floor":31,"turns":6},{"damage":47,"enemies":"Automaton","floor":33,"turns":12}],"seed_played":"6297222367529388792","potions_obtained":[{"floor":3.0,"key":"Explosive Potion"},{"floor":6.0,"key":"EssenceOfSteel"},{"floor":8.0,"key":"GamblersBrew"},{"floor":16.0,"key":"EssenceOfSteel"},{"floor":21,"key":"LiquidBronze"},{"floor":24,"key":"Weak Potion"},{"floor":29,"key":"Block Potion"},{"floor":30,"key":"HeartOfIron"},{"floor":31,"key":"Block Potion"}],"is_trial":false,"path_per_floor":["M","M","M","M","?","E","R","E","T","M","E","?","E","$","R","B",null,"M","?","M","M","?","E","M","R","T","E","R","M","E","M","R","B"],"character_chosen":"IRONCLAD","items_purchased":["Impervious"],"campfire_rested":4,"item_purchase_floors":[14],"current_hp_per_floor":[68,67,68,63,43,21,41,44,44,41,21,21,23,23,23,18,56,63,63,30,37,37,25,26,46,46,25,45,43,30,22,42,0],"gold":5,"neow_bonus":"THREE_RARE_CARDS","is_prod":false,"is_daily":false,"chose_seed":false,"campfire_upgraded":1,"win_rate":0,"timestamp":1570663779,"path_taken":["M","M","M","M","?","E","R","E","T","M","E","?","E","$","R","BOSS","M","?","?","M","?","E","M","R","T","E","R","M","E","M","R","BOSS"],"build_version":"2019-10-09","purchased_purges":1,"victory":false,"max_hp_per_floor":[68,68,68,68,68,68,68,68,68,68,68,68,68,68,68,68,68,68,68,68,68,68,68,68,68,68,68,68,68,68,68,68,68],"card_choices":[{"not_picked":["Bludgeon","Limit Break"],"picked":"Immolate","floor":0.0},{"not_picked":["Sword Boomerang","Ghostly Armor"],"picked":"Flame Barrier","floor":1.0},{"not_picked":["Wild Strike","Body Slam"],"picked":"True Grit","floor":2.0},{"not_picked":["True Grit","Heavy Blade"],"picked":"Pommel Strike","floor":3.0},{"not_picked":["Sword Boomerang","Flex"],"picked":"Shrug It Off","floor":4.0},{"not_picked":["Intimidate","Twin Strike","Wild Strike"],"picked":"SKIP","floor":6.0},{"not_picked":["Heavy Blade","Sentinel"],"picked":"Sword Boomerang","floor":8.0},{"not_picked":["Armaments","Fire Breathing"],"picked":"Anger","floor":10.0},{"not_picked":["Clash","Flame Barrier"],"picked":"Reaper","floor":11.0},{"not_picked":["Armaments","Seeing Red","Headbutt"],"picked":"SKIP","floor":13.0},{"not_picked":["Juggernaut","Barricade"],"picked":"Fiend Fire","floor":16.0},{"not_picked":["Anger+1","Disarm"],"picked":"Combust","floor":18},{"not_picked":["Perfected Strike+1","Seeing Red","Pommel Strike"],"picked":"SKIP","floor":20},{"not_picked":["Cleave","Fire Breathing"],"picked":"Thunderclap+1","floor":21},{"not_picked":["Iron Wave","Pommel Strike"],"picked":"Disarm","floor":23},{"not_picked":["Metallicize","Clash","Headbutt"],"picked":"SKIP","floor":24},{"not_picked":["Iron Wave","Clash"],"picked":"Impervious","floor":27},{"not_picked":["Hemokinesis","Iron Wave","Thunderclap"],"picked":"SKIP","floor":29},{"not_picked":["Intimidate","Flex","Dual Wield"],"picked":"SKIP","floor":30},{"not_picked":["Sever Soul","Havoc","Second Wind"],"picked":"SKIP","floor":31}],"player_experience":1266302,"relics_obtained":[{"floor":6.0,"key":"Kunai"},{"floor":8.0,"key":"Whetstone"},{"floor":9.0,"key":"Gremlin Horn"},{"floor":11.0,"key":"Dodecahedron"},{"floor":13.0,"key":"Tiny Chest"},{"floor":23,"key":"Ice Cream"},{"floor":26,"key":"War Paint"},{"floor":27,"key":"Gambling Chip"},{"floor":30,"key":"FossilizedHelix"}],"event_choices":[{"damage_healed":0.0,"max_hp_gain":0.0,"max_hp_loss":0.0,"gold_gain":0.0,"event_name":"Shining Light","player_choice":"Entered Light","floor":5.0,"gold_loss":0.0,"damage_taken":20.0,"cards_upgraded":["Immolate","Strike_R"]},{"damage_healed":0.0,"max_hp_gain":0.0,"max_hp_loss":0.0,"gold_gain":0.0,"event_name":"World of Goop","player_choice":"Left Gold","floor":12.0,"gold_loss":54.0,"damage_taken":0.0},{"damage_healed":0,"gold_gain":0,"player_choice":"Rummage","damage_taken":0,"relics_obtained":["WarpedTongs"],"max_hp_gain":0,"max_hp_loss":0,"event_name":"Accursed Blacksmith","floor":19,"gold_loss":0,"cards_obtained":["Pain"]},{"damage_healed":0,"gold_gain":0,"player_choice":"Smashed Altar","damage_taken":0,"max_hp_gain":0,"max_hp_loss":0,"event_name":"Forgotten Altar","floor":22,"gold_loss":0,"cards_obtained":["Decay"]}],"is_beta":true,"boss_relics":[{"not_picked":["Velvet Choker","Black Blood"],"picked":"Ectoplasm"}],"items_purged_floors":[14],"is_endless":false,"potions_floor_spawned":[3,6,8,16,21,24,29,30,31],"killed_by":"Automaton","ascension_level":20}