{"gold_per_floor":[112,112,131,131,147,147,158,158,158,175,208,208,238,238],"floor_reached":14,"playtime":655,"items_purged":[],"score":185,"play_id":"83cf8759-7eec-4ac8-970a-17cf25a8a84f","local_time":"20190117213742","is_ascension_mode":true,"campfire_choices":[{"data":"Bash","floor":6.0,"key":"SMITH"},{"data":"Flame Barrier","floor":8.0,"key":"SMITH"},{"data":"Uppercut","floor":12.0,"key":"SMITH"}],"neow_cost":"NONE","seed_source_timestamp":0,"circlet_count":0,"master_deck":["AscendersBane","Strike_R","Strike_R","Strike_R","Strike_R+1","Strike_R","Defend_R+1","Defend_R","Defend_R","Defend_R","Bash+1","Spot Weakness","Flame Barrier+1","Whirlwind","Uppercut+1"],"special_seed":0,"relics":["Mark of Pain","Dodecahedron","Self Forming Clay","Bag of Marbles"],"potions_floor_usage":[13],"damage_taken":[{"damage":9.0,"enemies":"Small Slimes","floor":1.0,"turns":5.0},{"damage":0.0,"enemies":"2 Louse","floor":3.0,"turns":2.0},{"damage":1.0,"enemies":"Cultist","floor":5.0,"turns":4.0},{"damage":4.0,"enemies":"2 Fungi Beasts","floor":7.0,"turns":3.0},{"damage":14.0,"enemies":"Exordium Thugs","floor":10.0,"turns":5.0},{"damage":12.0,"enemies":"3 Sentries","floor":11.0,"turns":5.0},{"damage":7,"enemies":"Lagavulin","floor":13,"turns":4},{"damage":8,"enemies":"3 Louse","floor":14,"turns":2}],"seed_played":"-6985526747126983666","potions_obtained":[{"floor":3.0,"key":"Weak Potion"},{"floor":7.0,"key":"LiquidBronze"},{"floor":11.0,"key":"Poison Potion"}],"is_trial":false,"path_per_floor":["M","?","M","?","M","R","M","R","T","M","E","R","E","M"],"character_chosen":"IRONCLAD","items_purchased":[],"campfire_rested":0,"item_purchase_floors":[],"current_hp_per_floor":[59,36,36,41,40,40,36,36,36,22,10,10,3,0],"gold":238,"neow_bonus":"BOSS_RELIC","is_prod":false,"is_daily":false,"chose_seed":false,"campfire_upgraded":3,"win_rate":0,"timestamp":1547757462,"path_taken":["M","?","M","?","M","R","M","R","T","M","E","R","E","M"],"build_version":"2019-01-10","purchased_purges":0,"victory":false,"max_hp_per_floor":[75,75,75,80,80,80,80,80,80,80,80,80,80,80],"card_choices":[{"not_picked":["Anger","Wild Strike","Warcry"],"picked":"SKIP","floor":1.0},{"not_picked":["Dual Wield","Perfected Strike","Wild Strike"],"picked":"SKIP","floor":3.0},{"not_picked":["Dual Wield","Perfected Strike","Wild Strike"],"picked":"SKIP","floor":3.0},{"not_picked":["Clash","Thunderclap"],"picked":"Spot Weakness","floor":5.0},{"not_picked":["Heavy Blade","Armaments"],"picked":"Flame Barrier","floor":7.0},{"not_picked":["Hemokinesis","Armaments"],"picked":"Whirlwind","floor":10.0},{"not_picked":["Twin Strike","Ghostly Armor"],"picked":"Uppercut","floor":11.0},{"not_picked":["Headbutt","Wild Strike","Sword Boomerang"],"picked":"SKIP","floor":13}],"player_experience":515018,"relics_obtained":[{"floor":9.0,"key":"Dodecahedron"},{"floor":11.0,"key":"Self Forming Clay"},{"floor":13,"key":"Bag of Marbles"}],"event_choices":[{"damage_healed":0.0,"max_hp_gain":0.0,"max_hp_loss":0.0,"gold_gain":0.0,"event_name":"Shining Light","player_choice":"Entered Light","floor":2.0,"gold_loss":0.0,"damage_taken":23.0,"cards_upgraded":["Defend_R","Strike_R"]},{"damage_healed":0.0,"max_hp_gain":5.0,"max_hp_loss":0.0,"gold_gain":0.0,"event_name":"Big Fish","player_choice":"Donut","floor":4.0,"gold_loss":0.0,"damage_taken":0.0}],"is_beta":false,"boss_relics":[],"items_purged_floors":[],"is_endless":false,"potions_floor_spawned":[3,7,11],"killed_by":"3 Louse","ascension_level":17}