{"gold_per_floor":[111,64,78,78,78,78,90,117,117,117],"floor_reached":10,"playtime":338,"items_purged":[],"score":76,"play_id":"30099e59-0005-4f05-97fc-95b5e384d4e3","local_time":"20190929164123","is_ascension_mode":true,"campfire_choices":[{"data":"BowlingBash","floor":6,"key":"SMITH"}],"neow_cost":"NONE","seed_source_timestamp":403897805122400,"circlet_count":0,"master_deck":["Strike_P","Strike_P","Strike_P","Defend_P","Defend_P","Defend_P+1","Defend_P","Eruption+1","Vigilance","Evaluate","BowlingBash+1","MentalFortress","WaveOfTheHand","Halt"],"relics":["PureWater","StoneCalendar","Oddly Smooth Stone","Du-Vu Doll"],"potions_floor_usage":[],"damage_taken":[{"damage":2,"enemies":"Jaw Worm","floor":1,"turns":3},{"damage":0,"enemies":"Small Slimes","floor":3,"turns":3},{"damage":0,"enemies":"Cultist","floor":7,"turns":4},{"damage":5,"enemies":"Lagavulin","floor":8,"turns":7},{"damage":75,"enemies":"Gremlin Nob","floor":10,"turns":4}],"seed_played":"864255707928310513","potions_obtained":[{"floor":1,"key":"Dexterity Potion"}],"is_trial":false,"path_per_floor":["M","$","M","?","?","R","M","E","T","E"],"character_chosen":"WATCHER","items_purchased":["BowlingBash"],"campfire_rested":0,"item_purchase_floors":[2],"current_hp_per_floor":[70,70,70,56,38,38,38,33,33,0],"gold":117,"neow_bonus":"REMOVE_CARD","is_prod":false,"is_daily":false,"chose_seed":false,"campfire_upgraded":1,"win_rate":0,"timestamp":1569789683,"path_taken":["M","$","M","?","?","R","M","E","T","E"],"build_version":"2019-09-27","purchased_purges":0,"victory":false,"max_hp_per_floor":[72,72,72,72,72,72,72,72,72,72],"card_choices":[{"not_picked":["SandsOfTime","BowlingBash"],"picked":"Evaluate","floor":1},{"not_picked":["Prostrate","Halt"],"picked":"MentalFortress","floor":3},{"not_picked":["Prostrate","Halt"],"picked":"WaveOfTheHand","floor":7},{"not_picked":["Weave","ForeignInfluence"],"picked":"Halt","floor":8}],"player_experience":1165170,"relics_obtained":[{"floor":8,"key":"Oddly Smooth Stone"},{"floor":9,"key":"Du-Vu Doll"}],"event_choices":[{"damage_healed":0,"gold_gain":0,"player_choice":"Entered Light","damage_taken":14,"max_hp_gain":0,"max_hp_loss":0,"event_name":"Shining Light","floor":4,"gold_loss":0,"cards_upgraded":["Defend_P","Eruption"]},{"damage_healed":0,"gold_gain":0,"player_choice":"Success","damage_taken":18,"relics_obtained":["StoneCalendar"],"max_hp_gain":0,"max_hp_loss":0,"event_name":"Scrap Ooze","floor":5,"gold_loss":0}],"is_beta":true,"boss_relics":[],"items_purged_floors":[],"is_endless":false,"potions_floor_spawned":[1],"killed_by":"Gremlin Nob","ascension_level":3}