{"gold_per_floor":[115,131,146,159,58,96,96,96,96,134,134,177,201,215,215,215],"floor_reached":16,"playtime":641,"items_purged":["Strike_R"],"score":244,"play_id":"868657be-15a4-4255-b92f-7371b862aa9e","local_time":"20190921132034","is_ascension_mode":true,"campfire_choices":[{"data":"Immolate","floor":8.0,"key":"SMITH"},{"floor":11.0,"key":"REST"},{"data":"Disarm","floor":15.0,"key":"SMITH"}],"neow_cost":"NONE","seed_source_timestamp":0,"circlet_count":0,"master_deck":["AscendersBane","Strike_R","Strike_R+1","Strike_R","Strike_R","Defend_R","Defend_R","Defend_R","Defend_R","Bash","Shrug It Off","Twin Strike","Evolve","Shrug It Off","Sword Boomerang","Immolate+1","Thunderclap+1","Disarm+1"],"special_seed":0,"relics":["Burning Blood","CeramicFish","Golden Idol","Bag of Marbles","Gremlin Horn","Whetstone"],"potions_floor_usage":[16],"damage_taken":[{"damage":8.0,"enemies":"Cultist","floor":1.0,"turns":5.0},{"damage":9.0,"enemies":"Jaw Worm","floor":2.0,"turns":4.0},{"damage":3.0,"enemies":"Small Slimes","floor":3.0,"turns":3.0},{"damage":4.0,"enemies":"Exordium Wildlife","floor":4.0,"turns":5.0},{"damage":26.0,"enemies":"3 Sentries","floor":6.0,"turns":8.0},{"damage":49.0,"enemies":"Lagavulin","floor":10.0,"turns":7.0},{"damage":21.0,"enemies":"3 Sentries","floor":12.0,"turns":6.0},{"damage":3.0,"enemies":"Looter","floor":13.0,"turns":3.0},{"damage":0.0,"enemies":"Lots of Slimes","floor":14.0,"turns":1.0},{"damage":28,"enemies":"Hexaghost","floor":16,"turns":10}],"seed_played":"-4758497842299755081","potions_obtained":[{"floor":1.0,"key":"LiquidBronze"},{"floor":3.0,"key":"Energy Potion"},{"floor":12.0,"key":"Block Potion"},{"floor":13.0,"key":"Swift Potion"}],"is_trial":false,"path_per_floor":["M","M","M","M","$","E","?","R","T","E","R","E","M","M","R","B"],"character_chosen":"IRONCLAD","items_purchased":["Sword Boomerang"],"campfire_rested":1,"item_purchase_floors":[5],"current_hp_per_floor":[73,70,73,75,75,55,55,55,55,12,34,19,22,28,28,0],"gold":215,"neow_bonus":"TEN_PERCENT_HP_BONUS","is_prod":false,"is_daily":false,"chose_seed":false,"campfire_upgraded":2,"win_rate":0,"timestamp":1569086434,"path_taken":["M","M","M","?","$","E","?","R","T","E","R","E","M","M","R","BOSS"],"build_version":"2019-09-20","purchased_purges":1,"victory":false,"max_hp_per_floor":[82,82,82,82,82,82,74,74,74,74,74,74,74,74,74,74],"card_choices":[{"not_picked":["Blood for Blood","Body Slam"],"picked":"Shrug It Off","floor":1.0},{"not_picked":["Flex","Corruption"],"picked":"Twin Strike","floor":2.0},{"not_picked":["Body Slam","Clash"],"picked":"Evolve","floor":3.0},{"not_picked":["Sword Boomerang","Reckless Charge"],"picked":"Shrug It Off","floor":4.0},{"not_picked":["Clash","Fire Breathing"],"picked":"Immolate","floor":6.0},{"not_picked":["Dropkick","Havoc"],"picked":"Thunderclap","floor":10.0},{"not_picked":["Twin Strike","Shockwave"],"picked":"Disarm","floor":12.0},{"not_picked":["Heavy Blade","Sword Boomerang","Ghostly Armor"],"picked":"SKIP","floor":13.0},{"not_picked":["Heavy Blade","Infernal Blade","Hemokinesis"],"picked":"SKIP","floor":14.0}],"player_experience":1113242,"relics_obtained":[{"floor":6.0,"key":"CeramicFish"},{"floor":9.0,"key":"Bag of Marbles"},{"floor":10.0,"key":"Gremlin Horn"},{"floor":12.0,"key":"Whetstone"}],"event_choices":[{"damage_healed":0.0,"max_hp_gain":0.0,"max_hp_loss":8.0,"gold_gain":0.0,"event_name":"Golden Idol","player_choice":"Lose Max HP","floor":7.0,"gold_loss":0.0,"damage_taken":0.0,"relics_obtained":["Golden Idol"]}],"is_beta":true,"boss_relics":[],"items_purged_floors":[5],"is_endless":false,"potions_floor_spawned":[1,3,12,13],"killed_by":"Hexaghost","ascension_level":20}