{"gold_per_floor":[110,125,205,280,181,206,206,6,29,44,44,57,57,69,69,69],"floor_reached":16,"playtime":496,"items_purged":["Strike_B","Strike_B"],"score":145,"play_id":"241477d2-1339-4f95-8d8b-ead5cba69daf","local_time":"20190725213520","is_ascension_mode":true,"campfire_choices":[{"data":"Zap","floor":7,"key":"SMITH"},{"data":"Streamline","floor":11,"key":"SMITH"},{"data":"Compile Driver","floor":13,"key":"SMITH"},{"data":"Steam","floor":15,"key":"SMITH"}],"neow_cost":"NONE","seed_source_timestamp":370809488204500,"circlet_count":0,"master_deck":["Strike_B","Strike_B","Defend_B","Defend_B","Defend_B","Defend_B","Zap+1","Dualcast","Conserve Battery","Compile Driver+1","Streamline+1","Cold Snap","Self Repair","Steam+1"],"relics":["Cracked Core","PreservedInsect","Bottled Flame","Smiling Mask","Happy Flower","Blood Vial"],"potions_floor_usage":[16],"damage_taken":[{"damage":1,"enemies":"Cultist","floor":1,"turns":3},{"damage":2,"enemies":"Jaw Worm","floor":2,"turns":3},{"damage":28,"enemies":"Lagavulin","floor":6,"turns":5},{"damage":0,"enemies":"Small Slimes","floor":10,"turns":3},{"damage":1,"enemies":"Blue Slaver","floor":12,"turns":3},{"damage":4,"enemies":"Looter","floor":14,"turns":3},{"damage":43,"enemies":"Slime Boss","floor":16,"turns":8}],"seed_played":"6593123709474914486","potions_obtained":[{"floor":12,"key":"SteroidPotion"}],"is_trial":false,"path_per_floor":["M","M","T","?","$","E","R","$","T","M","R","M","R","M","R","B"],"character_chosen":"DEFECT","items_purchased":["Streamline","Happy Flower"],"campfire_rested":0,"item_purchase_floors":[5,8],"current_hp_per_floor":[67,65,65,54,54,26,26,26,26,28,28,29,29,34,34,0],"gold":69,"neow_bonus":"RANDOM_COMMON_RELIC","is_prod":false,"is_daily":false,"chose_seed":false,"campfire_upgraded":4,"win_rate":0,"timestamp":1564104920,"path_taken":["M","M","?","?","?","E","R","$","T","M","R","M","R","M","R","BOSS"],"build_version":"2019-07-17","purchased_purges":2,"victory":false,"max_hp_per_floor":[75,75,75,75,75,75,75,75,75,75,75,75,75,75,75,75],"card_choices":[{"not_picked":["Hologram","Leap"],"picked":"Conserve Battery","floor":1},{"not_picked":["Redo","Coolheaded"],"picked":"Compile Driver","floor":2},{"not_picked":["Reinforced Body","Force Field","White Noise"],"picked":"SKIP","floor":6},{"not_picked":["Heatsinks","Steam"],"picked":"Cold Snap","floor":10},{"not_picked":["Lockon","Force Field"],"picked":"Self Repair","floor":12},{"not_picked":["Conserve Battery","Reinforced Body"],"picked":"Steam","floor":14}],"player_experience":512292,"relics_obtained":[{"floor":3,"key":"Bottled Flame"},{"floor":6,"key":"Smiling Mask"},{"floor":9,"key":"Blood Vial"}],"event_choices":[{"damage_healed":0,"gold_gain":75,"player_choice":"Gather Gold","damage_taken":11,"max_hp_gain":0,"max_hp_loss":0,"event_name":"World of Goop","floor":4,"gold_loss":0}],"is_beta":false,"boss_relics":[],"items_purged_floors":[5,8],"is_endless":false,"potions_floor_spawned":[12],"killed_by":"Slime Boss","ascension_level":9}