{"gold_per_floor":[116,132,149,9,26,51,64,95,95,95,95,95],"floor_reached":12,"playtime":497,"items_purged":[],"score":180,"play_id":"c2bea3a3-422b-4d8e-8565-0cfde22d92e2","local_time":"20190929133955","is_ascension_mode":true,"campfire_choices":[],"neow_cost":"NONE","seed_source_timestamp":392836264801000,"circlet_count":0,"master_deck":["AscendersBane","Strike_R","Strike_R","Strike_R","Strike_R","Defend_R","Defend_R","Defend_R","Defend_R","Bash","Iron Wave","Feel No Pain","Inflame","Hemokinesis","Shrug It Off","Cleave","Clothesline","Whirlwind","Warcry","True Grit","Barricade"],"special_seed":0,"relics":["Burning Blood","Pen Nib","Lantern","Omamori"],"potions_floor_usage":[12],"damage_taken":[{"damage":5.0,"enemies":"2 Louse","floor":1.0,"turns":3.0},{"damage":4.0,"enemies":"Small Slimes","floor":2.0,"turns":5.0},{"damage":2.0,"enemies":"Cultist","floor":3.0,"turns":4.0},{"damage":4.0,"enemies":"Exordium Wildlife","floor":5.0,"turns":3.0},{"damage":54.0,"enemies":"Lagavulin","floor":6.0,"turns":9.0},{"damage":11.0,"enemies":"Red Slaver","floor":7.0,"turns":5.0},{"damage":22.0,"enemies":"3 Sentries","floor":8.0,"turns":5.0},{"damage":60,"enemies":"Lagavulin","floor":12,"turns":9}],"seed_played":"-8029241367947315886","potions_obtained":[{"floor":5.0,"key":"EssenceOfSteel"},{"floor":6.0,"key":"FairyPotion"},{"floor":7.0,"key":"PowerPotion"}],"is_trial":false,"path_per_floor":["M","M","M","$","M","E","M","E","T","?","?","E"],"character_chosen":"IRONCLAD","items_purchased":["Hemokinesis","Shrug It Off"],"campfire_rested":0,"item_purchase_floors":[4,4],"current_hp_per_floor":[76,78,82,82,82,34,29,13,13,13,13,0],"gold":95,"neow_bonus":"TEN_PERCENT_HP_BONUS","is_prod":false,"is_daily":false,"chose_seed":false,"campfire_upgraded":0,"win_rate":0,"timestamp":1569778795,"path_taken":["M","M","M","$","M","E","M","E","T","?","?","E"],"build_version":"2019-09-27","purchased_purges":0,"victory":false,"max_hp_per_floor":[82,82,82,82,82,82,82,82,82,82,82,82],"card_choices":[{"not_picked":["Heavy Blade","Body Slam"],"picked":"Iron Wave","floor":1.0},{"not_picked":["Wild Strike","Armaments"],"picked":"Feel No Pain","floor":2.0},{"not_picked":["Flame Barrier","Wild Strike"],"picked":"Inflame","floor":3.0},{"not_picked":["Perfected Strike","Body Slam"],"picked":"Cleave","floor":5.0},{"not_picked":["Blood for Blood","Reckless Charge"],"picked":"Clothesline","floor":6.0},{"not_picked":["Body Slam","Iron Wave"],"picked":"Whirlwind","floor":7.0},{"not_picked":["Blood for Blood","Rampage"],"picked":"Warcry","floor":8.0}],"player_experience":1162182,"relics_obtained":[{"floor":6.0,"key":"Pen Nib"},{"floor":8.0,"key":"Lantern"},{"floor":9.0,"key":"Omamori"}],"event_choices":[{"cards_removed":["Strike_R"],"damage_healed":0.0,"max_hp_gain":0.0,"max_hp_loss":0.0,"gold_gain":0.0,"event_name":"Living Wall","player_choice":"Forget","floor":10.0,"gold_loss":0.0,"damage_taken":0.0},{"damage_healed":0,"gold_gain":0,"player_choice":"2 cards matched","damage_taken":0,"max_hp_gain":0,"max_hp_loss":0,"event_name":"Match and Keep!","floor":11,"gold_loss":0,"cards_obtained":["True Grit","Barricade"]}],"is_beta":true,"boss_relics":[],"items_purged_floors":[],"is_endless":false,"potions_floor_spawned":[5,6,7],"killed_by":"Lagavulin","ascension_level":20}