{"gold_per_floor":[19,35,35,35,55,55,88,53,53,68,22,22],"floor_reached":12,"playtime":306,"items_purged":[],"score":121,"play_id":"d7a27733-0082-4384-bc41-f971add6a3c9","local_time":"20191009212525","is_ascension_mode":true,"campfire_choices":[{"data":"Eruption","floor":6,"key":"SMITH"}],"neow_cost":"NO_GOLD","seed_source_timestamp":149887757664200,"circlet_count":0,"master_deck":["AscendersBane","Strike_P","Strike_P+1","Strike_P","Defend_P+1","Defend_P","Defend_P","Eruption+1","Vigilance","FlurryOfBlows","Nirvana","Consecrate","Adaptation","Protect"],"relics":["PureWater","Mercury Hourglass","Dodecahedron"],"potions_floor_usage":[12],"damage_taken":[{"damage":0,"enemies":"Jaw Worm","floor":1,"turns":3},{"damage":9,"enemies":"Small Slimes","floor":2,"turns":6},{"damage":15,"enemies":"2 Louse","floor":5,"turns":4},{"damage":22,"enemies":"Gremlin Nob","floor":7,"turns":4},{"damage":10,"enemies":"Looter","floor":10,"turns":4},{"damage":17,"enemies":"Lagavulin","floor":12,"turns":4}],"seed_played":"1325777430410091757","potions_obtained":[{"floor":5,"key":"LiquidBronze"},{"floor":10,"key":"Weak Potion"}],"is_trial":false,"path_per_floor":["M","M","$","?","M","R","E","?","T","M","?","E"],"character_chosen":"WATCHER","items_purchased":[],"campfire_rested":0,"item_purchase_floors":[],"current_hp_per_floor":[65,56,56,42,27,27,5,23,23,13,13,0],"gold":22,"neow_bonus":"REMOVE_TWO","is_prod":false,"is_daily":false,"chose_seed":false,"campfire_upgraded":1,"win_rate":0,"timestamp":1570670725,"path_taken":["M","M","$","?","M","R","E","?","T","M","?","E"],"build_version":"2019-10-09","purchased_purges":0,"victory":false,"max_hp_per_floor":[72,72,72,72,72,72,72,72,72,72,72,72],"card_choices":[{"not_picked":["FollowUp","EmptyBody"],"picked":"FlurryOfBlows","floor":1},{"not_picked":["Weave","SashWhip"],"picked":"Nirvana","floor":2},{"not_picked":["MentalFortress","Pray"],"picked":"Consecrate","floor":5},{"not_picked":["Worship","ConjureBlade"],"picked":"Adaptation","floor":7},{"not_picked":["BowlingBash","ForeignInfluence"],"picked":"Protect","floor":10}],"player_experience":1270347,"relics_obtained":[{"floor":7,"key":"Mercury Hourglass"},{"floor":9,"key":"Dodecahedron"}],"event_choices":[{"damage_healed":0,"gold_gain":0,"player_choice":"Entered Light","damage_taken":14,"max_hp_gain":0,"max_hp_loss":0,"event_name":"Shining Light","floor":4,"gold_loss":0,"cards_upgraded":["Defend_P","Strike_P"]},{"damage_healed":18,"gold_gain":0,"player_choice":"Healed","damage_taken":0,"max_hp_gain":0,"max_hp_loss":0,"event_name":"The Cleric","floor":8,"gold_loss":35},{"damage_healed":0,"gold_gain":0,"player_choice":"Left Gold","damage_taken":0,"max_hp_gain":0,"max_hp_loss":0,"event_name":"World of Goop","floor":11,"gold_loss":46}],"is_beta":true,"boss_relics":[],"items_purged_floors":[],"is_endless":false,"potions_floor_spawned":[5,10],"killed_by":"Lagavulin","ascension_level":11}