{"gold_per_floor":[116,116,127,139,154,183,183,197,197,197,229,245,245,262,262,336,336,347,262,262,273,286,286,306,306,331,349,349,349,349,379,379,454,454,472,491,511,523,166,198,198,198,249,267,267,267,267,283,283,283],"floor_reached":51,"playtime":2904,"items_purged":["Strike_R"],"score":1276,"play_id":"4bb74830-67fc-4854-8d93-b58d2fcc2c80","local_time":"20190116040220","is_ascension_mode":true,"campfire_choices":[{"data":"Inflame","floor":7.0,"key":"SMITH"},{"data":"True Grit","floor":13.0,"key":"SMITH"},{"data":"Disarm","floor":15.0,"key":"SMITH"},{"data":"Limit Break","floor":23.0,"key":"SMITH"},{"data":"Flame Barrier","floor":25.0,"key":"SMITH"},{"data":"Metallicize","floor":29.0,"key":"SMITH"},{"data":"Flame Barrier","floor":32.0,"key":"SMITH"},{"data":"Pommel Strike","floor":41.0,"key":"SMITH"},{"data":"Pommel Strike","floor":46,"key":"SMITH"},{"data":"Shrug It Off","floor":49,"key":"SMITH"}],"neow_cost":"NONE","seed_source_timestamp":0,"circlet_count":0,"master_deck":["AscendersBane","Strike_R","Defend_R","Defend_R","Defend_R","Defend_R","Bash","Shrug It Off+1","Inflame+1","Pommel Strike+1","Disarm+1","True Grit+1","Pommel Strike+1","Limit Break+1","Flame Barrier+1","Flame Barrier+1","Uppercut+1","Metallicize+1","Reaper","Heavy Blade+1","Heavy Blade+1","Writhe","Madness","Madness"],"special_seed":0,"relics":["Burning Blood","Pen Nib","Question Card","Bag of Preparation","Mark of Pain","Mango","MutagenicStrength","Blood Vial","Strawberry","Pear","Cursed Key","Membership Card","Shuriken","Happy Flower","Regal Pillow"],"potions_floor_usage":[50,50],"damage_taken":[{"damage":7.0,"enemies":"Jaw Worm","floor":1.0,"turns":3.0},{"damage":12.0,"enemies":"Small Slimes","floor":3.0,"turns":4.0},{"damage":1.0,"enemies":"Cultist","floor":4.0,"turns":4.0},{"damage":1.0,"enemies":"2 Fungi Beasts","floor":5.0,"turns":4.0},{"damage":36.0,"enemies":"Gremlin Nob","floor":6.0,"turns":5.0},{"damage":18.0,"enemies":"Exordium Wildlife","floor":8.0,"turns":7.0},{"damage":28.0,"enemies":"Lagavulin","floor":11.0,"turns":5.0},{"damage":2.0,"enemies":"3 Louse","floor":12.0,"turns":2.0},{"damage":0.0,"enemies":"Large Slime","floor":14.0,"turns":6.0},{"damage":14.0,"enemies":"Hexaghost","floor":16.0,"turns":13.0},{"damage":13.0,"enemies":"Shell Parasite","floor":18.0,"turns":6.0},{"damage":16.0,"enemies":"Spheric Guardian","floor":21.0,"turns":4.0},{"damage":6.0,"enemies":"Cultist and Chosen","floor":22.0,"turns":6.0},{"damage":10.0,"enemies":"Sentry and Sphere","floor":24.0,"turns":4.0},{"damage":25.0,"enemies":"Centurion and Healer","floor":27.0,"turns":7.0},{"damage":7.0,"enemies":"Book of Stabbing","floor":31.0,"turns":6.0},{"damage":58.0,"enemies":"Collector","floor":33.0,"turns":11.0},{"damage":36.0,"enemies":"3 Darklings","floor":35.0,"turns":7.0},{"damage":5.0,"enemies":"3 Shapes","floor":36.0,"turns":5.0},{"damage":15.0,"enemies":"Maw","floor":37.0,"turns":9.0},{"damage":9.0,"enemies":"3 Darklings","floor":38.0,"turns":6.0},{"damage":28.0,"enemies":"Giant Head","floor":40.0,"turns":6.0},{"damage":30.0,"enemies":"Sphere and 2 Shapes","floor":44.0,"turns":7.0},{"damage":0,"enemies":"Spire Growth","floor":48,"turns":4},{"damage":82,"enemies":"Time Eater","floor":50,"turns":11}],"seed_played":"-3570977404617657820","potions_obtained":[{"floor":4.0,"key":"Energy Potion"},{"floor":5.0,"key":"Strength Potion"},{"floor":8.0,"key":"Explosive Potion"},{"floor":12.0,"key":"SkillPotion"},{"floor":14.0,"key":"SkillPotion"},{"floor":18.0,"key":"Strength Potion"},{"floor":22.0,"key":"Explosive Potion"},{"floor":36.0,"key":"Explosive Potion"},{"floor":40.0,"key":"Swift Potion"},{"floor":48,"key":"Poison Potion"}],"is_trial":false,"path_per_floor":["M","?","M","M","M","E","R","M","T","?","E","M","R","M","R","B",null,"M","?","?","M","M","R","M","R","T","M","?","R","?","E","R","B",null,"M","M","M","M","$","E","R","?","T","M","?","R","?","M","R","B",null],"character_chosen":"IRONCLAD","items_purchased":["Membership Card","Shuriken"],"campfire_rested":0,"item_purchase_floors":[39,39],"current_hp_per_floor":[74,74,68,73,78,48,48,36,36,36,14,18,18,24,24,16,66,59,73,73,63,63,63,59,59,59,42,49,49,49,60,60,10,87,82,107,112,113,113,91,91,85,85,63,43,43,43,90,90,40],"gold":283,"neow_bonus":"TEN_PERCENT_HP_BONUS","is_prod":false,"is_daily":false,"chose_seed":false,"campfire_upgraded":10,"win_rate":0,"timestamp":1547607740,"path_taken":["M","?","M","M","M","E","R","M","T","?","E","?","R","M","R","BOSS","M","?","?","M","M","R","M","R","T","M","?","R","?","E","R","BOSS","M","M","M","M","$","E","R","?","T","?","?","R","?","M","R","BOSS"],"build_version":"2019-01-10","purchased_purges":1,"victory":true,"max_hp_per_floor":[82,82,82,82,82,82,82,82,82,82,82,82,82,82,82,82,82,82,96,96,96,96,96,96,96,96,96,103,103,103,113,113,113,113,113,113,113,113,113,113,113,113,113,113,113,113,113,113,113,113],"card_choices":[{"not_picked":["Perfected Strike","Warcry"],"picked":"Shrug It Off","floor":1.0},{"not_picked":["True Grit","Anger"],"picked":"Inflame","floor":3.0},{"not_picked":["Second Wind","Dropkick"],"picked":"Pommel Strike","floor":4.0},{"not_picked":["Feel No Pain","Spot Weakness"],"picked":"Disarm","floor":5.0},{"not_picked":["Headbutt","Wild Strike","Iron Wave"],"picked":"SKIP","floor":6.0},{"not_picked":["Headbutt","Thunderclap","Pummel"],"picked":"SKIP","floor":8.0},{"not_picked":["Berserk","Hemokinesis","Thunderclap","Heavy Blade"],"picked":"SKIP","floor":11.0},{"not_picked":["Armaments","Havoc","Anger"],"picked":"True Grit","floor":12.0},{"not_picked":["True Grit","Hemokinesis","Wild Strike"],"picked":"Pommel Strike","floor":14.0},{"not_picked":["Bludgeon","Reaper","Barricade"],"picked":"Limit Break","floor":16.0},{"not_picked":["Clash+1","True Grit","Spot Weakness"],"picked":"Flame Barrier","floor":18.0},{"not_picked":["Sword Boomerang","Warcry","Clothesline"],"picked":"Flame Barrier","floor":21.0},{"not_picked":["Flame Barrier","Intimidate","Sword Boomerang"],"picked":"Uppercut+1","floor":22.0},{"not_picked":["Anger","Juggernaut","Hemokinesis","Body Slam+1"],"picked":"SKIP","floor":24.0},{"not_picked":["Searing Blow","Infernal Blade","Rage"],"picked":"Metallicize","floor":27.0},{"not_picked":["Sever Soul","Anger","Exhume","Warcry"],"picked":"SKIP","floor":31.0},{"not_picked":["Exhume","Demon Form","Bludgeon"],"picked":"Reaper","floor":33.0},{"not_picked":["True Grit","Clothesline","Perfected Strike","Twin Strike"],"picked":"SKIP","floor":35.0},{"not_picked":["True Grit","Warcry","Clothesline"],"picked":"Heavy Blade+1","floor":36.0},{"not_picked":["Sentinel","Whirlwind","Heavy Blade","Clash+1"],"picked":"SKIP","floor":37.0},{"not_picked":["Rage","Double Tap","Wild Strike"],"picked":"Heavy Blade+1","floor":38.0},{"not_picked":["Headbutt","Thunderclap","Berserk","Sever Soul"],"picked":"SKIP","floor":40.0},{"not_picked":["Inflame","Heavy Blade","Warcry","Bloodletting"],"picked":"SKIP","floor":44},{"not_picked":["Intimidate","Wild Strike","Warcry","Armaments"],"picked":"SKIP","floor":48}],"player_experience":502535,"relics_obtained":[{"floor":6.0,"key":"Pen Nib"},{"floor":9.0,"key":"Question Card"},{"floor":11.0,"key":"Bag of Preparation"},{"floor":26.0,"key":"Blood Vial"},{"floor":31.0,"key":"Pear"},{"floor":40.0,"key":"Happy Flower"},{"floor":43.0,"key":"Regal Pillow"}],"event_choices":[{"cards_removed":["Strike_R"],"damage_healed":0.0,"max_hp_gain":0.0,"max_hp_loss":0.0,"gold_gain":0.0,"event_name":"Living Wall","player_choice":"Forget","floor":2.0,"gold_loss":0.0,"damage_taken":0.0},{"cards_removed":["Strike_R"],"damage_healed":0.0,"max_hp_gain":0.0,"max_hp_loss":0.0,"gold_gain":0.0,"event_name":"Purifier","player_choice":"Purged","floor":10.0,"gold_loss":0.0,"damage_taken":0.0},{"damage_healed":0.0,"max_hp_gain":0.0,"max_hp_loss":0.0,"gold_gain":0.0,"event_name":"Addict","player_choice":"Obtained Relic","floor":19.0,"gold_loss":85.0,"damage_taken":0.0,"relics_obtained":["Mango"]},{"damage_healed":0.0,"max_hp_gain":0.0,"max_hp_loss":0.0,"gold_gain":0.0,"event_name":"Drug Dealer","player_choice":"Inject Mutagens","floor":20.0,"gold_loss":0.0,"damage_taken":0.0,"relics_obtained":["MutagenicStrength"]},{"damage_healed":0.0,"max_hp_gain":0.0,"max_hp_loss":0.0,"gold_gain":0.0,"event_name":"The Mausoleum","player_choice":"Opened","floor":28.0,"gold_loss":0.0,"damage_taken":0.0,"relics_obtained":["Strawberry"],"cards_obtained":["Writhe"]},{"cards_removed":["Writhe"],"damage_healed":0.0,"max_hp_gain":0.0,"max_hp_loss":0.0,"gold_gain":0.0,"event_name":"Back to Basics","player_choice":"Elegance","floor":30.0,"gold_loss":0.0,"damage_taken":0.0},{"damage_healed":0.0,"max_hp_gain":0.0,"max_hp_loss":0.0,"gold_gain":0.0,"event_name":"The Woman in Blue","player_choice":"Bought 0 Potions","floor":42.0,"gold_loss":0.0,"damage_taken":0.0},{"damage_healed":0,"gold_gain":0,"player_choice":"Embrace Madness","damage_taken":20,"max_hp_gain":0,"max_hp_loss":0,"event_name":"Winding Halls","floor":45,"gold_loss":0,"cards_obtained":["Madness","Madness"]},{"cards_removed":["Strike_R"],"damage_healed":0,"gold_gain":0,"player_choice":"Removed Attack","damage_taken":0,"max_hp_gain":0,"max_hp_loss":0,"event_name":"Falling","floor":47,"gold_loss":0}],"is_beta":false,"boss_relics":[{"not_picked":["Empty Cage","Lizard Tail"],"picked":"Mark of Pain"},{"not_picked":["White Beast Statue","Runic Dome"],"picked":"Cursed Key"}],"items_purged_floors":[39],"is_endless":false,"potions_floor_spawned":[4,5,8,12,14,18,22,27,36,40,48],"ascension_level":15}