{"gold_per_floor":[115,1,11,86,86,86,101,128,179,193,193,210,242,257,257,334,334,344,294,82,82],"floor_reached":21,"playtime":668,"items_purged":["Strike_R","Strike_R"],"score":378,"play_id":"da991b0d-bbeb-4e2b-9840-bbd81c218413","local_time":"20190929125603","is_ascension_mode":true,"campfire_choices":[{"data":"Fire Breathing","floor":6,"key":"SMITH"},{"floor":11,"key":"REST"},{"data":"Clothesline","floor":15,"key":"SMITH"}],"neow_cost":"PERCENT_DAMAGE","seed_source_timestamp":390047983190000,"circlet_count":0,"master_deck":["AscendersBane","Strike_R","Strike_R","Strike_R","Defend_R","Defend_R","Defend_R","Defend_R","Bash+1","Fire Breathing+1","Rampage","Reaper","Clothesline+1","Sword Boomerang","Headbutt","Flame Barrier+1","Wild Strike","Feed","Sever Soul+1","Shrug It Off+1","Armaments+1"],"relics":["Burning Blood","Peace Pipe","Blood Vial","Ancient Tea Set","Toxic Egg 2","Mark of Pain"],"potions_floor_usage":[8,10,21,21],"damage_taken":[{"damage":9,"enemies":"Jaw Worm","floor":1,"turns":5},{"damage":6,"enemies":"Cultist","floor":3,"turns":3},{"damage":9,"enemies":"2 Louse","floor":7,"turns":2},{"damage":35,"enemies":"Lagavulin","floor":8,"turns":6},{"damage":13,"enemies":"Red Slaver","floor":10,"turns":3},{"damage":9,"enemies":"Exordium Wildlife","floor":12,"turns":4},{"damage":20,"enemies":"3 Sentries","floor":13,"turns":5},{"damage":0,"enemies":"Looter","floor":14,"turns":3},{"damage":37,"enemies":"The Guardian","floor":16,"turns":13},{"damage":53,"enemies":"Spheric Guardian","floor":18,"turns":6},{"damage":21,"enemies":"3 Byrds","floor":21,"turns":3}],"seed_played":"1204564865131698601","potions_obtained":[{"floor":7,"key":"AttackPotion"},{"floor":8,"key":"DuplicationPotion"},{"floor":13,"key":"LiquidBronze"},{"floor":16,"key":"GamblersBrew"}],"is_trial":false,"path_per_floor":["M","$","M","?","?","R","M","E","T","M","R","M","E","M","R","B",null,"M","?","$","M"],"character_chosen":"IRONCLAD","items_purchased":["Fire Breathing","Shrug It Off+1","Armaments+1"],"campfire_rested":1,"item_purchase_floors":[2,20,20],"current_hp_per_floor":[47,47,47,36,36,36,33,10,10,11,33,32,32,40,40,15,60,15,15,15,0],"gold":82,"neow_bonus":"ONE_RARE_RELIC","is_prod":false,"is_daily":false,"chose_seed":false,"campfire_upgraded":2,"win_rate":0,"timestamp":1569776163,"path_taken":["M","$","M","?","?","R","M","E","T","M","R","?","E","M","R","BOSS","M","?","$","M"],"build_version":"2019-09-27","purchased_purges":2,"victory":false,"max_hp_per_floor":[75,75,75,75,75,75,75,75,75,75,75,75,75,75,75,75,75,75,75,75,75],"card_choices":[{"not_picked":["Warcry","Clash","Heavy Blade"],"picked":"SKIP","floor":1},{"not_picked":["Body Slam","Warcry"],"picked":"Rampage","floor":3},{"not_picked":["Pommel Strike","Headbutt"],"picked":"Reaper","floor":7},{"not_picked":["Pommel Strike","Body Slam"],"picked":"Clothesline","floor":8},{"not_picked":["Body Slam","Wild Strike"],"picked":"Sword Boomerang","floor":10},{"not_picked":["Pommel Strike","Dark Embrace"],"picked":"Headbutt","floor":12},{"not_picked":["True Grit","Body Slam"],"picked":"Flame Barrier","floor":13},{"not_picked":["Pommel Strike","Clothesline"],"picked":"Wild Strike","floor":14},{"not_picked":["Juggernaut","Double Tap+1"],"picked":"Feed","floor":16},{"not_picked":["Corruption","Body Slam+1"],"picked":"Sever Soul+1","floor":18}],"player_experience":1161514,"relics_obtained":[{"floor":8,"key":"Blood Vial"},{"floor":9,"key":"Ancient Tea Set"},{"floor":13,"key":"Toxic Egg 2"}],"event_choices":[{"damage_healed":0,"gold_gain":75,"player_choice":"Gather Gold","damage_taken":11,"max_hp_gain":0,"max_hp_loss":0,"event_name":"World of Goop","floor":4,"gold_loss":0},{"damage_healed":0,"gold_gain":0,"player_choice":"Upgraded","damage_taken":0,"max_hp_gain":0,"max_hp_loss":0,"event_name":"Upgrade Shrine","floor":5,"gold_loss":0,"cards_upgraded":["Bash"]},{"damage_healed":0,"gold_gain":0,"player_choice":"Bet on Owner","damage_taken":0,"max_hp_gain":0,"max_hp_loss":0,"event_name":"The Joust","floor":19,"gold_loss":50}],"is_beta":true,"boss_relics":[{"not_picked":["Velvet Choker","Cursed Key"],"picked":"Mark of Pain"}],"items_purged_floors":[2,20],"is_endless":false,"potions_floor_spawned":[7,8,13,16],"killed_by":"3 Byrds","ascension_level":20}