{"gold_per_floor":[111,124,140,153,153,153,11,43,90,90,90,115,115,130,130,205,205,218,236,236,39,49,49,49],"floor_reached":24,"playtime":1053,"items_purged":["Strike_R"],"score":581,"play_id":"f6d099ca-98c8-4e60-8941-a74348cdf80f","local_time":"20190825201858","is_ascension_mode":true,"campfire_choices":[{"data":"Bash","floor":6.0,"key":"SMITH"},{"data":"Cleave","floor":11.0,"key":"SMITH"},{"data":"Hemokinesis","floor":13.0,"key":"SMITH"},{"data":"Armaments","floor":15.0,"key":"SMITH"},{"floor":23,"key":"REST"}],"neow_cost":"NONE","seed_source_timestamp":155396803677400,"circlet_count":0,"master_deck":["AscendersBane","Strike_R","Strike_R","Strike_R","Defend_R+1","Defend_R+1","Defend_R","Defend_R","Bash+1","Flame Barrier","Cleave+1","Inflame+1","Flex","Intimidate","Battle Trance","Hemokinesis+1","Armaments+1","Limit Break","Spot Weakness","Shockwave","Shrug It Off","Shrug It Off","Clothesline","Offering","Metallicize","RitualDagger","Whirlwind","Burning Pact"],"special_seed":0,"relics":["Burning Blood","Dream Catcher","Ornamental Fan","War Paint","Ancient Tea Set","Orrery"],"potions_floor_usage":[22],"damage_taken":[{"damage":11.0,"enemies":"Jaw Worm","floor":1.0,"turns":6.0},{"damage":1.0,"enemies":"Cultist","floor":2.0,"turns":4.0},{"damage":0.0,"enemies":"Small Slimes","floor":3.0,"turns":4.0},{"damage":25.0,"enemies":"Exordium Wildlife","floor":4.0,"turns":5.0},{"damage":27.0,"enemies":"3 Sentries","floor":8.0,"turns":8.0},{"damage":20.0,"enemies":"Lagavulin","floor":12.0,"turns":8.0},{"damage":2.0,"enemies":"2 Fungi Beasts","floor":14.0,"turns":2.0},{"damage":19.0,"enemies":"The Guardian","floor":16.0,"turns":11.0},{"damage":10,"enemies":"Chosen","floor":18,"turns":7},{"damage":30,"enemies":"Spheric Guardian","floor":19,"turns":4},{"damage":22,"enemies":"Snake Plant","floor":22,"turns":5},{"damage":31,"enemies":"Snecko","floor":24,"turns":7}],"seed_played":"3364017707804880024","potions_obtained":[{"floor":3.0,"key":"EssenceOfSteel"},{"floor":8.0,"key":"SpeedPotion"},{"floor":12.0,"key":"Weak Potion"},{"floor":16.0,"key":"SkillPotion"},{"floor":22,"key":"LiquidBronze"}],"is_trial":false,"path_per_floor":["M","M","M","M","?","R","$","E","T","?","R","E","R","M","R","B",null,"M","M","?","$","M","R","M"],"character_chosen":"IRONCLAD","items_purchased":["Battle Trance","Swift Potion","Whirlwind","Burning Pact"],"campfire_rested":1,"item_purchase_floors":[7,7,21,21],"current_hp_per_floor":[63,68,74,55,55,55,55,34,34,34,34,20,20,24,24,11,59,55,31,25,25,9,31,0],"gold":49,"neow_bonus":"RANDOM_COMMON_RELIC","is_prod":false,"is_daily":false,"chose_seed":false,"campfire_upgraded":4,"win_rate":0,"timestamp":1566778738,"path_taken":["M","M","M","M","?","R","?","E","T","?","R","E","R","M","R","BOSS","M","M","?","$","M","R","M"],"build_version":"2019-07-17","purchased_purges":1,"victory":false,"max_hp_per_floor":[75,75,75,75,75,75,75,75,75,75,75,75,75,75,75,75,75,75,75,75,75,75,75,75],"card_choices":[{"not_picked":["Cleave","Anger"],"picked":"Flame Barrier","floor":1.0},{"not_picked":["Shrug It Off","Armaments"],"picked":"Cleave","floor":2.0},{"not_picked":["Shrug It Off","Havoc"],"picked":"Inflame","floor":3.0},{"not_picked":["Second Wind","Reckless Charge"],"picked":"Flex","floor":4.0},{"not_picked":["Flex","Exhume","Havoc"],"picked":"SKIP","floor":8.0},{"not_picked":["Carnage","Warcry"],"picked":"Hemokinesis","floor":12.0},{"not_picked":["Wild Strike","Perfected Strike"],"picked":"Armaments","floor":14.0},{"not_picked":["Berserk","Feed"],"picked":"Limit Break","floor":16.0},{"not_picked":["Carnage","Shrug It Off"],"picked":"Spot Weakness","floor":17},{"not_picked":["Cleave","Flex"],"picked":"Shockwave","floor":17},{"not_picked":["Ghostly Armor","Fire Breathing"],"picked":"Shrug It Off","floor":17},{"not_picked":["Clothesline","True Grit"],"picked":"Shrug It Off","floor":17},{"not_picked":["Iron Wave","Carnage"],"picked":"Clothesline","floor":17},{"not_picked":["Carnage","Clash"],"picked":"Offering","floor":18},{"not_picked":["Cleave","Evolve"],"picked":"Metallicize","floor":19},{"not_picked":["Havoc","Anger","Combust"],"picked":"SKIP","floor":22}],"player_experience":911517,"relics_obtained":[{"floor":8.0,"key":"Ornamental Fan"},{"floor":9.0,"key":"War Paint"},{"floor":12.0,"key":"Ancient Tea Set"}],"event_choices":[{"damage_healed":0.0,"max_hp_gain":0.0,"max_hp_loss":0.0,"gold_gain":0.0,"cards_transformed":["Strike_R"],"event_name":"Transmorgrifier","player_choice":"Transformed","floor":5.0,"gold_loss":0.0,"damage_taken":0.0,"cards_obtained":["Intimidate"]},{"damage_healed":0.0,"max_hp_gain":0.0,"max_hp_loss":0.0,"gold_gain":0.0,"event_name":"Living Wall","player_choice":"Grow","floor":10.0,"gold_loss":0.0,"damage_taken":0.0,"cards_upgraded":["Inflame"]},{"damage_healed":0,"gold_gain":0,"player_choice":"Joined the Cult","damage_taken":6,"max_hp_gain":0,"max_hp_loss":0,"event_name":"Nest","floor":20,"gold_loss":0,"cards_obtained":["RitualDagger"]}],"is_beta":false,"boss_relics":[{"not_picked":["Coffee Dripper","Calling Bell"],"picked":"Orrery"}],"items_purged_floors":[21],"is_endless":false,"potions_floor_spawned":[3,8,12,16,22],"killed_by":"Snecko","ascension_level":18}