{"gold_per_floor":[114,132,40,40,59,59,92,110,110,120,120,138,63,90,90,164,164,184,16,29,79,98,98],"floor_reached":23,"playtime":995,"items_purged":["Strike_P"],"score":433,"play_id":"097f1c43-49f9-4407-a98a-423553e745c7","local_time":"20191022005019","is_ascension_mode":true,"campfire_choices":[{"data":"Eruption","floor":6.0,"key":"SMITH"},{"data":"WheelKick","floor":11.0,"key":"SMITH"},{"data":"Protect","floor":15.0,"key":"SMITH"}],"neow_cost":"PERCENT_DAMAGE","seed_source_timestamp":269811805944999,"circlet_count":0,"master_deck":["AscendersBane","Strike_P","Strike_P","Defend_P","Defend_P","Defend_P","Eruption+1","Vigilance","JustLucky","FlyingSleeves","WheelKick+1","CrushJoints","Protect+1","CutThroughFate","Adaptation","PathToVictory","Judgement","EmptyBody","Consecrate","FlurryOfBlows","Wallop","Halt+1"],"special_seed":0,"relics":["PureWater","Bird Faced Urn","Gambling Chip","Turnip","Runic Pyramid","Orrery"],"potions_floor_usage":[23],"damage_taken":[{"damage":1.0,"enemies":"2 Louse","floor":1.0,"turns":5.0},{"damage":0.0,"enemies":"Cultist","floor":2.0,"turns":3.0},{"damage":5.0,"enemies":"Jaw Worm","floor":5.0,"turns":3.0},{"damage":0.0,"enemies":"Lagavulin","floor":7.0,"turns":3.0},{"damage":8.0,"enemies":"Lots of Slimes","floor":8.0,"turns":4.0},{"damage":1.0,"enemies":"Blue Slaver","floor":10.0,"turns":5.0},{"damage":0.0,"enemies":"3 Louse","floor":12.0,"turns":2.0},{"damage":14.0,"enemies":"Gremlin Nob","floor":14.0,"turns":3.0},{"damage":20.0,"enemies":"Hexaghost","floor":16.0,"turns":9.0},{"damage":4.0,"enemies":"2 Thieves","floor":18.0,"turns":4.0},{"damage":5.0,"enemies":"Chosen","floor":20.0,"turns":4.0},{"damage":17,"enemies":"Shelled Parasite and Fungi","floor":22,"turns":7},{"damage":29,"enemies":"Book of Stabbing","floor":23,"turns":4}],"seed_played":"-3683691078181085022","potions_obtained":[{"floor":4.0,"key":"PowerPotion"},{"floor":4.0,"key":"Regen Potion"},{"floor":7.0,"key":"Strength Potion"},{"floor":10.0,"key":"EssenceOfSteel"},{"floor":22,"key":"Dexterity Potion"}],"is_trial":false,"path_per_floor":["M","M","$","?","M","R","E","M","T","M","R","M","$","E","R","B",null,"M","$","M","?","M","E"],"character_chosen":"WATCHER","items_purchased":["WheelKick","CrushJoints","Orrery"],"campfire_rested":0,"item_purchase_floors":[3,3,19],"current_hp_per_floor":[42,42,42,42,37,37,46,38,38,37,37,37,37,25,25,7,53,49,49,46,40,25,0],"gold":98,"neow_bonus":"REMOVE_TWO","is_prod":false,"is_daily":false,"chose_seed":false,"campfire_upgraded":3,"win_rate":0,"timestamp":1571719819,"path_taken":["M","M","$","?","?","R","E","M","T","?","R","M","$","E","R","BOSS","M","$","M","?","?","E"],"build_version":"2019-10-21","purchased_purges":1,"victory":false,"max_hp_per_floor":[68,68,68,68,68,68,68,68,68,68,68,68,68,68,68,68,68,68,68,68,68,68,68],"card_choices":[{"not_picked":["ForeignInfluence","Halt"],"picked":"JustLucky","floor":1.0},{"not_picked":["Evaluate","Wireheading"],"picked":"FlyingSleeves","floor":2.0},{"not_picked":["FlyingSleeves","Prostrate"],"picked":"Protect","floor":5.0},{"not_picked":["Protect","EmptyBody"],"picked":"CutThroughFate","floor":7.0},{"not_picked":["CutThroughFate","Evaluate","Devotion"],"picked":"SKIP","floor":8.0},{"not_picked":["Evaluate","Indignation"],"picked":"Adaptation","floor":10.0},{"not_picked":["Adaptation","Study"],"picked":"PathToVictory","floor":12.0},{"not_picked":["WheelKick","EmptyFist","CarveReality"],"picked":"SKIP","floor":14.0},{"not_picked":["Ragnarok","ConjureBlade"],"picked":"Judgement","floor":16.0},{"not_picked":["CarveReality","SignatureMove"],"picked":"EmptyBody","floor":18.0},{"not_picked":["FlyingSleeves","ClearTheMind"],"picked":"Consecrate","floor":19.0},{"not_picked":["ClearTheMind","Prostrate"],"picked":"FlurryOfBlows","floor":19.0},{"not_picked":["Ragnarok","CutThroughFate"],"picked":"Wallop","floor":19.0},{"not_picked":["Prostrate","EmptyFist","Pray+1"],"picked":"SKIP","floor":20.0},{"not_picked":["BowlingBash","FlurryOfBlows"],"picked":"Halt+1","floor":22}],"player_experience":1369937,"relics_obtained":[{"floor":7.0,"key":"Bird Faced Urn"},{"floor":9.0,"key":"Gambling Chip"},{"floor":14.0,"key":"Turnip"}],"event_choices":[{"damage_healed":0.0,"max_hp_gain":0.0,"max_hp_loss":0.0,"gold_gain":0.0,"event_name":"Lab","player_choice":"Got Potions","floor":4.0,"gold_loss":0.0,"damage_taken":0.0},{"damage_healed":0,"gold_gain":50,"player_choice":"Touch","damage_taken":6,"max_hp_gain":0,"max_hp_loss":0,"event_name":"FaceTrader","floor":21,"gold_loss":0}],"is_beta":true,"boss_relics":[{"not_picked":["Velvet Choker","Astrolabe"],"picked":"Runic Pyramid"}],"items_purged_floors":[13],"is_endless":false,"potions_floor_spawned":[7,10,12,20,22],"killed_by":"Book of Stabbing","ascension_level":18}