{"gold_per_floor":[119,130,141,66,66,66,100,100,124,159,159,177,131,31,31,114,114,114,18,18,0,0,0,0,0,0,0,0,0,0,0,0,0,0,0,0,0,0,0,0,0,0,0,0,0,0,0,0,0,0,0,0,0,0,0],"floor_reached":55,"playtime":2328,"items_purged":["Strike_R","Strike_R"],"score":1931,"play_id":"3cd47ca0-280f-4f24-a0ad-29f5647a95a0","local_time":"20190929151705","is_ascension_mode":true,"campfire_choices":[{"data":"Anger","floor":6.0,"key":"SMITH"},{"data":"Spot Weakness","floor":11.0,"key":"SMITH"},{"data":"Uppercut","floor":15.0,"key":"SMITH"},{"data":"Whirlwind","floor":23.0,"key":"SMITH"},{"data":"Sword Boomerang","floor":27.0,"key":"SMITH"},{"floor":29.0,"key":"REST"},{"floor":32.0,"key":"REST"},{"floor":44.0,"key":"REST"},{"floor":49.0,"key":"RECALL"},{"floor":53.0,"key":"REST"}],"neow_cost":"NONE","seed_source_timestamp":0,"circlet_count":0,"master_deck":["AscendersBane","Defend_R","Defend_R+1","Defend_R","Defend_R","Bash","Anger+1","Uppercut+1","Sword Boomerang+1","Spot Weakness+1","Shrug It Off","Feel No Pain","Whirlwind+1","Shrug It Off","Juggernaut","Dark Embrace","Headbutt","Battle Trance+1","Thunderclap","Reaper","Warcry","Shrug It Off","Corruption","Offering+1","Battle Trance","Shrug It Off+1","Headbutt+1"],"special_seed":0,"relics":["Burning Blood","CeramicFish","Akabeko","Matryoshka","Ectoplasm","Sundial","MealTicket","Art of War","Tiny Chest","Red Skull","Bronze Scales","Fusion Hammer","Oddly Smooth Stone","Ornamental Fan","War Paint"],"potions_floor_usage":[],"damage_taken":[{"damage":9.0,"enemies":"Jaw Worm","floor":1.0,"turns":5.0},{"damage":7.0,"enemies":"2 Louse","floor":2.0,"turns":3.0},{"damage":5.0,"enemies":"Small Slimes","floor":3.0,"turns":3.0},{"damage":52.0,"enemies":"3 Sentries","floor":7.0,"turns":9.0},{"damage":24.0,"enemies":"Gremlin Nob","floor":10.0,"turns":4.0},{"damage":4.0,"enemies":"Blue Slaver","floor":12.0,"turns":2.0},{"damage":36.0,"enemies":"Hexaghost","floor":16.0,"turns":9.0},{"damage":4.0,"enemies":"Chosen","floor":18.0,"turns":3.0},{"damage":14.0,"enemies":"2 Thieves","floor":21.0,"turns":2.0},{"damage":6.0,"enemies":"Sentry and Sphere","floor":22.0,"turns":3.0},{"damage":49.0,"enemies":"Book of Stabbing","floor":24.0,"turns":6.0},{"damage":0.0,"enemies":"Shelled Parasite and Fungi","floor":25.0,"turns":1.0},{"damage":10.0,"enemies":"Gremlin Leader","floor":31.0,"turns":3.0},{"damage":38.0,"enemies":"Champ","floor":33.0,"turns":11.0},{"damage":15.0,"enemies":"3 Shapes","floor":35.0,"turns":5.0},{"damage":11.0,"enemies":"Orb Walker","floor":38.0,"turns":2.0},{"damage":48.0,"enemies":"Reptomancer","floor":40.0,"turns":5.0},{"damage":0.0,"enemies":"Jaw Worm Horde","floor":41.0,"turns":1.0},{"damage":33.0,"enemies":"Nemesis","floor":42.0,"turns":5.0},{"damage":21.0,"enemies":"Writhing Mass","floor":45.0,"turns":3.0},{"damage":32.0,"enemies":"Reptomancer","floor":46.0,"turns":4.0},{"damage":15.0,"enemies":"Sphere and 2 Shapes","floor":47.0,"turns":3.0},{"damage":7.0,"enemies":"Maw","floor":48.0,"turns":6.0},{"damage":92.0,"enemies":"Time Eater","floor":50.0,"turns":10.0},{"damage":36.0,"enemies":"Donu and Deca","floor":51.0,"turns":6.0},{"damage":83,"enemies":"Shield and Spear","floor":55,"turns":3}],"seed_played":"-7279723717761736166","potions_obtained":[{"floor":2.0,"key":"Energy Potion"},{"floor":3.0,"key":"EssenceOfSteel"},{"floor":7.0,"key":"Swift Potion"},{"floor":10.0,"key":"Fire Potion"},{"floor":18.0,"key":"Explosive Potion"},{"floor":22.0,"key":"Energy Potion"},{"floor":24.0,"key":"Swift Potion"},{"floor":31.0,"key":"PowerPotion"},{"floor":33.0,"key":"PowerPotion"},{"floor":40.0,"key":"LiquidBronze"},{"floor":41.0,"key":"Strength Potion"}],"is_trial":false,"path_per_floor":["M","M","M","$","?","R","E","?","T","E","R","M","$","$","R","B",null,"M","$","?","M","M","R","E","M","T","R","?","R","T","E","R","B",null,"M","?","$","M","?","E","M","E","T","R","M","E","M","M","R","B","B",null,"R","$","E"],"character_chosen":"IRONCLAD","items_purchased":["Shrug It Off","Whirlwind","Shrug It Off"],"campfire_rested":4,"item_purchase_floors":[13,19,19],"current_hp_per_floor":[72,71,72,72,72,72,26,53,53,35,35,37,37,37,37,7,63,65,65,65,57,57,57,14,20,20,20,20,44,44,40,64,32,70,61,61,76,71,71,41,47,20,20,44,29,74,81,82,82,12,18,66,82,82,0],"gold":0,"neow_bonus":"TEN_PERCENT_HP_BONUS","is_prod":false,"is_daily":false,"chose_seed":false,"campfire_upgraded":5,"win_rate":0,"timestamp":1569784625,"path_taken":["M","M","M","$","?","R","E","?","T","E","R","M","?","$","R","BOSS","M","$","?","M","M","R","E","M","T","R","?","R","?","E","R","BOSS","M","?","$","M","?","E","M","E","T","R","M","E","?","?","R","BOSS","BOSS","R","$","E"],"build_version":"2019-09-27","purchased_purges":2,"victory":false,"max_hp_per_floor":[82,82,82,82,82,82,82,82,82,82,82,82,82,82,82,82,82,82,82,82,82,82,82,82,82,82,82,82,82,82,82,82,82,82,82,82,82,82,82,82,82,82,82,82,82,82,82,82,82,82,82,82,82,82,82],"card_choices":[{"not_picked":["Power Through","Carnage"],"picked":"Anger","floor":1.0},{"not_picked":["Flex","Dual Wield","Corruption"],"picked":"SKIP","floor":2.0},{"not_picked":["Heavy Blade","Flex"],"picked":"Uppercut","floor":3.0},{"not_picked":["Body Slam","Pummel"],"picked":"Sword Boomerang","floor":7.0},{"not_picked":["Blood for Blood","Headbutt"],"picked":"Spot Weakness","floor":10.0},{"not_picked":["Twin Strike","Bloodletting","Sword Boomerang"],"picked":"SKIP","floor":12.0},{"not_picked":["Fiend Fire","Brutality"],"picked":"Immolate","floor":16.0},{"not_picked":["Cleave","Anger"],"picked":"Feel No Pain","floor":18.0},{"not_picked":["Cleave","Searing Blow"],"picked":"Headbutt","floor":21.0},{"not_picked":["Wild Strike","Anger"],"picked":"Battle Trance+1","floor":22.0},{"not_picked":["Dark Embrace","Heavy Blade"],"picked":"Thunderclap","floor":24.0},{"not_picked":["Thunderclap","Spot Weakness","Wild Strike"],"picked":"SKIP","floor":25.0},{"not_picked":["Body Slam","Heavy Blade","Spot Weakness+1"],"picked":"SKIP","floor":31.0},{"not_picked":["Offering","Impervious"],"picked":"Reaper","floor":33.0},{"not_picked":["True Grit","Combust"],"picked":"Warcry","floor":35.0},{"not_picked":["Heavy Blade+1","Clash"],"picked":"Shrug It Off","floor":38.0},{"not_picked":["Perfected Strike+1","Flex","Twin Strike"],"picked":"SKIP","floor":40.0},{"not_picked":["Flex+1","Pommel Strike"],"picked":"Corruption","floor":41.0},{"not_picked":["Blood for Blood+1","Clash"],"picked":"Offering","floor":42.0},{"not_picked":["Carnage","Cleave","Flex"],"picked":"SKIP","floor":45.0},{"not_picked":["Clothesline","Warcry"],"picked":"Battle Trance","floor":46.0},{"not_picked":["Headbutt","Clothesline"],"picked":"Shrug It Off+1","floor":47.0},{"not_picked":["Rupture+1","Rampage"],"picked":"Headbutt+1","floor":48.0}],"player_experience":1162679,"relics_obtained":[{"floor":7.0,"key":"CeramicFish"},{"floor":9.0,"key":"Akabeko"},{"floor":10.0,"key":"Matryoshka"},{"floor":24.0,"key":"Sundial"},{"floor":26.0,"key":"MealTicket"},{"floor":26.0,"key":"Art of War"},{"floor":30.0,"key":"Tiny Chest"},{"floor":30.0,"key":"Red Skull"},{"floor":31.0,"key":"Bronze Scales"},{"floor":40.0,"key":"Oddly Smooth Stone"},{"floor":42.0,"key":"Ornamental Fan"},{"floor":46.0,"key":"War Paint"}],"event_choices":[{"damage_healed":0.0,"max_hp_gain":0.0,"max_hp_loss":0.0,"gold_gain":0.0,"event_name":"The Cleric","player_choice":"Leave","floor":5.0,"gold_loss":0.0,"damage_taken":0.0},{"damage_healed":27.0,"max_hp_gain":0.0,"max_hp_loss":0.0,"gold_gain":0.0,"event_name":"Big Fish","player_choice":"Banana","floor":8.0,"gold_loss":0.0,"damage_taken":0.0},{"damage_healed":0.0,"max_hp_gain":0.0,"max_hp_loss":0.0,"gold_gain":0.0,"cards_transformed":["Strike_R","Strike_R"],"event_name":"Drug Dealer","player_choice":"Became Test Subject","floor":20.0,"gold_loss":0.0,"damage_taken":0.0,"cards_obtained":["Juggernaut","Dark Embrace"]},{"cards_removed":["Immolate"],"damage_healed":0.0,"max_hp_gain":0.0,"max_hp_loss":0.0,"gold_gain":0.0,"event_name":"Falling","player_choice":"Removed Attack","floor":36.0,"gold_loss":0.0,"damage_taken":0.0},{"cards_removed":["Strike_R"],"damage_healed":0.0,"max_hp_gain":0.0,"max_hp_loss":0.0,"gold_gain":0.0,"event_name":"Bonfire Elementals","player_choice":"Offered Basic","floor":39.0,"gold_loss":0.0,"damage_taken":0.0}],"is_beta":true,"boss_relics":[{"not_picked":["Calling Bell","Black Blood"],"picked":"Ectoplasm"},{"not_picked":["Pandora\u0027s Box","Cursed Key"],"picked":"Fusion Hammer"}],"items_purged_floors":[4,14],"is_endless":false,"potions_floor_spawned":[2,3,7,10,18,22,24,31,33,38,40,41,47],"killed_by":"Shield and Spear","ascension_level":20}