{"gold_per_floor":[119,194,116,131,33,63,63,63,63,15,35,35,35],"floor_reached":13,"playtime":225,"items_purged":["Strike_P"],"score":164,"play_id":"ba6e27f5-e748-4373-86a9-d1539730b6cd","local_time":"20191010171411","is_ascension_mode":true,"campfire_choices":[{"data":"Eruption","floor":7.0,"key":"SMITH"}],"neow_cost":"NONE","seed_source_timestamp":0,"circlet_count":0,"master_deck":["AscendersBane","Strike_P","Strike_P","Strike_P","Defend_P","Defend_P","Defend_P","Eruption+1","Vigilance","Adaptation","FearNoEvil","SashWhip","EmptyFist","InnerPeace","Sanctity","EmptyBody"],"special_seed":0,"relics":["PureWater","NeowsBlessing","Mango","Golden Idol","Unceasing Top"],"potions_floor_usage":[],"damage_taken":[{"damage":0.0,"enemies":"Small Slimes","floor":1.0,"turns":1.0},{"damage":0.0,"enemies":"2 Louse","floor":4.0,"turns":1.0},{"damage":0.0,"enemies":"Gremlin Nob","floor":6.0,"turns":1.0},{"damage":1.0,"enemies":"Cultist","floor":11.0,"turns":3.0},{"damage":0,"enemies":"3 Sentries","floor":13,"turns":1}],"seed_played":"-6763827768061557314","potions_obtained":[{"floor":1.0,"key":"FearPotion"}],"is_trial":false,"path_per_floor":["M","?","$","M","$","E","R","?","T","$","M","?","E"],"character_chosen":"WATCHER","items_purchased":["FearNoEvil","EmptyFist","Sanctity"],"campfire_rested":0,"item_purchase_floors":[3,5,10],"current_hp_per_floor":[65,54,54,54,54,68,68,68,68,68,67,60,60],"gold":35,"neow_bonus":"THREE_ENEMY_KILL","is_prod":false,"is_daily":false,"chose_seed":false,"campfire_upgraded":1,"win_rate":0,"timestamp":1570742051,"path_taken":["M","?","$","M","$","E","R","?","T","$","M","?","E"],"build_version":"2019-10-10","purchased_purges":1,"victory":false,"max_hp_per_floor":[72,72,72,72,72,86,86,80,80,80,80,80,80],"card_choices":[{"not_picked":["Sanctity","Prostrate"],"picked":"Adaptation","floor":1.0},{"not_picked":["Protect","Fasting2"],"picked":"SashWhip","floor":4.0},{"not_picked":["DeusExMachina","ClearTheMind"],"picked":"InnerPeace","floor":6.0},{"not_picked":["FlyingSleeves","InnerPeace"],"picked":"EmptyBody","floor":11.0}],"player_experience":1277892,"relics_obtained":[{"floor":6.0,"key":"Mango"},{"floor":9.0,"key":"Unceasing Top"}],"event_choices":[{"damage_healed":0.0,"max_hp_gain":0.0,"max_hp_loss":0.0,"gold_gain":75.0,"event_name":"World of Goop","player_choice":"Gather Gold","floor":2.0,"gold_loss":0.0,"damage_taken":11.0},{"damage_healed":0.0,"max_hp_gain":0.0,"max_hp_loss":6.0,"gold_gain":0.0,"event_name":"Golden Idol","player_choice":"Lose Max HP","floor":8.0,"gold_loss":0.0,"damage_taken":0.0,"relics_obtained":["Golden Idol"]},{"cards_removed":["Defend_P"],"damage_healed":0.0,"max_hp_gain":0.0,"max_hp_loss":0.0,"gold_gain":0.0,"event_name":"Golden Wing","player_choice":"Card Removal","floor":12.0,"gold_loss":0.0,"damage_taken":7.0}],"is_beta":true,"boss_relics":[],"items_purged_floors":[5],"is_endless":false,"potions_floor_spawned":[1],"killed_by":"3 Sentries","ascension_level":11}