{"gold_per_floor":[114,114,124,141,141,141,157,169,169,169,186,198,224,242,242,343,343,362,378,397,26,61,61,61,61,131,144,161,173,173,190,190,293,293,306,306,319,319,331,331,342,355,408,77,104,7,7,7,7,7],"floor_reached":51,"playtime":3422,"items_purged":["Strike_R"],"score":825,"play_id":"152152d3-524b-452e-9b10-66bc7080868a","local_time":"20191006143426","is_ascension_mode":true,"campfire_choices":[{"data":"Flex","floor":6,"key":"SMITH"},{"data":"Spot Weakness","floor":10,"key":"SMITH"},{"data":"Ghostly Armor","floor":15,"key":"SMITH"},{"data":"Heavy Blade","floor":23,"key":"SMITH"},{"data":"Flex","floor":25,"key":"SMITH"},{"data":"Flex","floor":30,"key":"SMITH"},{"data":"Flex","floor":32,"key":"SMITH"},{"data":"Heavy Blade","floor":40,"key":"SMITH"},{"floor":49,"key":"RECALL"}],"neow_cost":"NONE","seed_source_timestamp":130917127992400,"circlet_count":0,"master_deck":["Strike_R+1","Strike_R+1","Strike_R+1","Defend_R+1","Defend_R+1","Defend_R+1","Bash+1","Flex+1","Ghostly Armor+1","Headbutt+1","Spot Weakness+1","Twin Strike+1","Flex+1","Flex+1","Flex+1","Feed+1","Cleave+1","Heavy Blade+1","Heavy Blade+1","Violence+1","Pummel+1","Flex+1","Warcry+1","Twin Strike+1","Dark Shackles+1","Dark Shackles+1","Metallicize+1","Flash of Steel+1"],"relics":["Burning Blood","Magic Flower","Sundial","Singing Bowl","Coffee Dripper","PreservedInsect","Red Mask","Darkstone Periapt","Runic Pyramid","Juzu Bracelet","Brimstone","Vajra","Mark of the Bloom"],"potions_floor_usage":[11,12,13,16,16,20,28,29,33,33,39,42,50,50],"damage_taken":[{"damage":1,"enemies":"Cultist","floor":1,"turns":4},{"damage":0,"enemies":"2 Louse","floor":3,"turns":4},{"damage":13,"enemies":"Jaw Worm","floor":4,"turns":4},{"damage":6,"enemies":"2 Fungi Beasts","floor":7,"turns":4},{"damage":10,"enemies":"Exordium Wildlife","floor":8,"turns":5},{"damage":25,"enemies":"Exordium Thugs","floor":11,"turns":5},{"damage":7,"enemies":"Lots of Slimes","floor":12,"turns":3},{"damage":20,"enemies":"Lagavulin","floor":13,"turns":5},{"damage":0,"enemies":"3 Louse","floor":14,"turns":3},{"damage":50,"enemies":"Slime Boss","floor":16,"turns":9},{"damage":34,"enemies":"Shell Parasite","floor":18,"turns":6},{"damage":29,"enemies":"2 Thieves","floor":19,"turns":4},{"damage":12,"enemies":"Cultist and Chosen","floor":20,"turns":6},{"damage":10,"enemies":"Masked Bandits","floor":22,"turns":3},{"damage":38,"enemies":"Sentry and Sphere","floor":27,"turns":5},{"damage":14,"enemies":"Centurion and Healer","floor":28,"turns":4},{"damage":2,"enemies":"3 Cultists","floor":29,"turns":4},{"damage":0,"enemies":"Chosen and Byrds","floor":31,"turns":4},{"damage":55,"enemies":"Collector","floor":33,"turns":5},{"damage":33,"enemies":"3 Darklings","floor":35,"turns":3},{"damage":8,"enemies":"Orb Walker","floor":37,"turns":3},{"damage":11,"enemies":"Jaw Worm Horde","floor":39,"turns":4},{"damage":2,"enemies":"Sphere and 2 Shapes","floor":41,"turns":3},{"damage":3,"enemies":"Transient","floor":42,"turns":5},{"damage":41,"enemies":"Time Eater","floor":50,"turns":6}],"seed_played":"-307174237760830500","potions_obtained":[{"floor":7,"key":"Weak Potion"},{"floor":8,"key":"SteroidPotion"},{"floor":11,"key":"SteroidPotion"},{"floor":12,"key":"AttackPotion"},{"floor":14,"key":"SteroidPotion"},{"floor":19,"key":"Swift Potion"},{"floor":20,"key":"Swift Potion"},{"floor":28,"key":"Fruit Juice"},{"floor":29,"key":"FearPotion"},{"floor":31,"key":"SteroidPotion"},{"floor":37,"key":"FearPotion"},{"floor":38,"key":"Fruit Juice"},{"floor":38,"key":"EntropicBrew"},{"floor":39,"key":"BloodPotion"}],"is_trial":false,"path_per_floor":["M","T","M","M","?","R","M","M","T","R","M","M","E","M","R","B",null,"M","M","M","$","?","R","$","R","T","M","M","M","R","M","R","B",null,"M","?","M","?","M","R","M","M","T","$","T","$","?","?","R","B",null],"character_chosen":"IRONCLAD","items_purchased":["Heavy Blade","Violence","PreservedInsect","Brimstone","Energy Potion","Flash of Steel"],"campfire_rested":0,"item_purchase_floors":[21,21,21,44,44,46],"current_hp_per_floor":[88,88,88,84,84,84,87,86,86,86,70,72,63,72,72,31,90,67,52,49,49,53,53,53,53,53,29,29,51,51,60,60,16,116,94,89,95,95,108,108,122,130,130,130,130,130,130,130,130,89],"gold":7,"neow_bonus":"TEN_PERCENT_HP_BONUS","is_prod":false,"is_daily":false,"chose_seed":false,"campfire_upgraded":8,"win_rate":0,"timestamp":1570386866,"path_taken":["M","?","M","M","?","R","M","M","T","R","M","?","E","M","R","BOSS","M","M","M","$","?","R","$","R","T","M","M","M","R","M","R","BOSS","M","?","M","?","M","R","?","M","T","$","?","?","?","?","R","BOSS"],"build_version":"2019-07-17","purchased_purges":1,"victory":true,"max_hp_per_floor":[88,88,88,88,88,88,88,88,88,88,88,88,90,90,90,90,90,92,95,95,95,98,98,98,98,98,101,104,114,114,114,114,116,116,118,118,121,121,131,131,136,138,138,138,138,138,138,138,138,138],"card_choices":[{"not_picked":["Clothesline","Headbutt"],"picked":"Flex","floor":1},{"not_picked":["Warcry","Clothesline"],"picked":"Ghostly Armor","floor":3},{"not_picked":["Clothesline","Corruption"],"picked":"Headbutt","floor":4},{"not_picked":["Power Through","Ghostly Armor"],"picked":"Spot Weakness","floor":7},{"not_picked":["Clash","Iron Wave"],"picked":"Twin Strike","floor":8},{"not_picked":["Headbutt","Twin Strike"],"picked":"Flex","floor":11},{"not_picked":["Bludgeon","Wild Strike"],"picked":"Flex","floor":12},{"not_picked":["Clash","Feel No Pain","Burning Pact"],"picked":"Singing Bowl","floor":13},{"not_picked":["Wild Strike","Clash"],"picked":"Flex","floor":14},{"not_picked":["Double Tap","Impervious"],"picked":"Feed","floor":16},{"not_picked":["Uppercut+1","Combust","Thunderclap"],"picked":"Singing Bowl","floor":18},{"not_picked":["Dropkick+1","Rupture"],"picked":"Cleave","floor":19},{"not_picked":["Inflame","Iron Wave"],"picked":"Heavy Blade","floor":20},{"not_picked":["Ghostly Armor","Whirlwind"],"picked":"Pummel","floor":22},{"not_picked":["Iron Wave","Sever Soul"],"picked":"Flex+1","floor":27},{"not_picked":["Clash+1","Clothesline"],"picked":"Warcry+1","floor":28},{"not_picked":["Pommel Strike","Sever Soul","Sword Boomerang"],"picked":"Singing Bowl","floor":29},{"not_picked":["Rage","Wild Strike"],"picked":"Twin Strike+1","floor":31},{"not_picked":["Brutality","Feed","Double Tap"],"picked":"Singing Bowl","floor":33},{"not_picked":["Perfected Strike","Rupture+1","Wild Strike"],"picked":"Singing Bowl","floor":35},{"not_picked":["Violence","Purity"],"picked":"Dark Shackles","floor":36},{"not_picked":["Panacea","Swift Strike"],"picked":"Dark Shackles","floor":36},{"not_picked":["True Grit","Clothesline+1"],"picked":"Metallicize+1","floor":37},{"not_picked":["Clothesline","Cleave+1","Sword Boomerang"],"picked":"Singing Bowl","floor":39},{"not_picked":["Uppercut+1","Cleave","Spot Weakness"],"picked":"Singing Bowl","floor":41},{"not_picked":["Fire Breathing+1","Clash+1","Blood for Blood+1"],"picked":"Singing Bowl","floor":42}],"player_experience":98346,"relics_obtained":[{"floor":2,"key":"Magic Flower"},{"floor":9,"key":"Sundial"},{"floor":13,"key":"Singing Bowl"},{"floor":22,"key":"Red Mask"},{"floor":26,"key":"Darkstone Periapt"},{"floor":43,"key":"Juzu Bracelet"},{"floor":45,"key":"Vajra"}],"event_choices":[{"cards_removed":["Strike_R"],"damage_healed":0,"gold_gain":0,"player_choice":"Offered Basic","damage_taken":0,"max_hp_gain":0,"max_hp_loss":0,"event_name":"Bonfire Elementals","floor":5,"gold_loss":0},{"damage_healed":0,"gold_gain":0,"player_choice":"Fought Bandits","damage_taken":0,"max_hp_gain":0,"max_hp_loss":0,"event_name":"Masked Bandits","floor":22,"gold_loss":0},{"damage_healed":0,"gold_gain":0,"player_choice":"Memory 2","damage_taken":5,"max_hp_gain":0,"max_hp_loss":0,"event_name":"SensoryStone","floor":36,"gold_loss":0},{"damage_healed":0,"gold_gain":0,"player_choice":"Got Potions","damage_taken":0,"max_hp_gain":0,"max_hp_loss":0,"event_name":"Lab","floor":38,"gold_loss":0},{"damage_healed":0,"gold_gain":0,"player_choice":"Upgrade","damage_taken":0,"relics_obtained":["Mark of the Bloom"],"max_hp_gain":0,"max_hp_loss":0,"event_name":"MindBloom","floor":47,"gold_loss":0,"cards_upgraded":["Strike_R","Strike_R","Strike_R","Defend_R","Defend_R","Defend_R","Defend_R","Bash","Headbutt","Twin Strike","Feed","Cleave","Violence","Pummel","Dark Shackles","Dark Shackles","Flash of Steel"]},{"cards_removed":["Defend_R"],"damage_healed":0,"gold_gain":0,"player_choice":"Removed Skill","damage_taken":0,"max_hp_gain":0,"max_hp_loss":0,"event_name":"Falling","floor":48,"gold_loss":0}],"is_beta":false,"boss_relics":[{"not_picked":["White Beast Statue","Ectoplasm"],"picked":"Coffee Dripper"},{"not_picked":["Empty Cage","Eternal Feather"],"picked":"Runic Pyramid"}],"items_purged_floors":[44],"is_endless":false,"potions_floor_spawned":[7,8,11,12,14,19,20,28,29,31,37,39],"ascension_level":3}