{"gold_per_floor":[115,134,154,27,46,76,94,94,118,118,50,80,80,98,98,193,193,207,207,226,246,3,3,28,28,100,28,28,43,43,63,63,164,164,175,175,193,213,213,213,242,242,242,242,242,267,287,30,30,30],"floor_reached":50,"playtime":4192,"items_purged":["Writhe"],"score":555,"play_id":"059792d0-0fe7-4c3a-9bdf-d413d2ea7948","local_time":"20190822225654","is_ascension_mode":false,"campfire_choices":[{"floor":8,"key":"RECALL"},{"floor":15,"key":"REST"},{"data":"Catalyst","floor":23,"key":"SMITH"},{"data":"Crippling Poison","floor":25,"key":"SMITH"},{"floor":30,"key":"REST"},{"data":"Noxious Fumes","floor":32,"key":"SMITH"},{"data":"Footwork","floor":40,"key":"SMITH"},{"floor":44,"key":"REST"},{"data":"Leg Sweep","floor":49,"key":"SMITH"}],"neow_cost":"NONE","seed_source_timestamp":461358460700,"circlet_count":0,"master_deck":["Strike_G+1","Strike_G","Strike_G","Strike_G+1","Strike_G","Defend_G","Defend_G+1","Defend_G","Defend_G","Defend_G","Survivor+1","Neutralize","Catalyst+1","Poisoned Stab","Well Laid Plans","Footwork+1","Poisoned Stab","Bane","All Out Attack","Bane","Caltrops","Crippling Poison+1","Die Die Die","Predator+1","Terror","Dodge and Roll","Caltrops","Noxious Fumes+1","Leg Sweep+1","Flying Knee","Corpse Explosion","Backflip","Flying Knee","Footwork","Forethought","Glass Knife","Dagger Spray","Leg Sweep+1","PiercingWail"],"relics":["Ring of the Snake","Pen Nib","Happy Flower","War Paint","Bronze Scales","Velvet Choker","Pantograph","Regal Pillow","Sozu","Gremlin Horn","Sundial","Mercury Hourglass","Ancient Tea Set"],"potions_floor_usage":[16,20,24,33,41,50],"damage_taken":[{"damage":0,"enemies":"Cultist","floor":1,"turns":5},{"damage":0,"enemies":"2 Louse","floor":2,"turns":4},{"damage":3,"enemies":"Small Slimes","floor":3,"turns":3},{"damage":0,"enemies":"2 Fungi Beasts","floor":5,"turns":4},{"damage":17,"enemies":"Lagavulin","floor":6,"turns":8},{"damage":3,"enemies":"Looter","floor":7,"turns":3},{"damage":20,"enemies":"3 Sentries","floor":12,"turns":5},{"damage":0,"enemies":"Blue Slaver","floor":14,"turns":3},{"damage":14,"enemies":"The Guardian","floor":16,"turns":8},{"damage":0,"enemies":"Chosen","floor":18,"turns":4},{"damage":0,"enemies":"2 Thieves","floor":20,"turns":2},{"damage":6,"enemies":"Shelled Parasite and Fungi","floor":21,"turns":3},{"damage":41,"enemies":"Slavers","floor":24,"turns":5},{"damage":9,"enemies":"Centurion and Healer","floor":29,"turns":4},{"damage":9,"enemies":"Cultist and Chosen","floor":31,"turns":4},{"damage":39,"enemies":"Collector","floor":33,"turns":7},{"damage":10,"enemies":"3 Darklings","floor":35,"turns":2},{"damage":0,"enemies":"Orb Walker","floor":37,"turns":3},{"damage":20,"enemies":"Sphere and 2 Shapes","floor":38,"turns":4},{"damage":37,"enemies":"Giant Head","floor":41,"turns":8},{"damage":20,"enemies":"Reptomancer","floor":46,"turns":5},{"damage":8,"enemies":"4 Shapes","floor":47,"turns":3},{"damage":85,"enemies":"Time Eater","floor":50,"turns":9}],"seed_played":"4686565782483956568","potions_obtained":[{"floor":1,"key":"Ancient Potion"},{"floor":6,"key":"Explosive Potion"},{"floor":14,"key":"Explosive Potion"},{"floor":16,"key":"SpeedPotion"},{"floor":21,"key":"Regen Potion"},{"floor":31,"key":"EssenceOfSteel"},{"floor":33,"key":"Energy Potion"}],"is_trial":false,"path_per_floor":["M","M","M","$","M","E","M","R","T","?","$","E","?","M","R","B",null,"M","?","M","M","$","R","E","R","T","$","?","M","R","M","R","B",null,"M","?","M","M","?","R","E","?","T","R","?","E","M","$","R","B"],"character_chosen":"THE_SILENT","items_purchased":["Footwork","Poisoned Stab","Caltrops","Pantograph","Noxious Fumes","Ancient Tea Set","PiercingWail"],"campfire_rested":3,"item_purchase_floors":[4,4,11,22,27,48,48],"current_hp_per_floor":[77,77,74,74,74,57,54,54,54,39,39,19,19,19,42,28,77,77,63,63,57,57,57,31,31,31,31,31,22,61,52,52,38,82,72,72,72,52,52,52,15,36,36,75,75,55,47,47,47,0],"gold":30,"neow_bonus":"TEN_PERCENT_HP_BONUS","is_prod":false,"is_daily":false,"chose_seed":false,"campfire_upgraded":5,"win_rate":0,"timestamp":1566529014,"path_taken":["M","M","M","$","M","E","M","R","T","?","$","E","?","M","R","BOSS","M","?","M","M","$","R","E","R","T","$","?","M","R","M","R","BOSS","M","?","M","M","?","R","E","?","T","R","?","E","M","$","R","BOSS"],"build_version":"2019-07-17","purchased_purges":1,"victory":false,"max_hp_per_floor":[77,77,77,77,77,77,77,77,77,77,77,77,77,77,77,77,77,77,82,82,82,82,82,82,82,82,82,82,82,82,82,82,82,82,82,82,82,82,82,82,82,82,82,82,82,82,82,82,82,82],"card_choices":[{"not_picked":["Well Laid Plans","Poisoned Stab"],"picked":"Catalyst","floor":1},{"not_picked":["Outmaneuver","Terror"],"picked":"Poisoned Stab","floor":2},{"not_picked":["Dagger Throw","Finisher"],"picked":"Well Laid Plans","floor":3},{"not_picked":["Escape Plan","Choke"],"picked":"Bane","floor":5},{"not_picked":["Underhanded Strike","Deflect"],"picked":"All Out Attack","floor":6},{"not_picked":["Slice","Quick Slash"],"picked":"Bane","floor":7},{"not_picked":["Backflip","Unload"],"picked":"Crippling Poison","floor":12},{"not_picked":["Bane","Dagger Spray"],"picked":"Quick Slash","floor":14},{"not_picked":["Bullet Time","Tools of the Trade"],"picked":"Die Die Die","floor":16},{"not_picked":["Blur","Outmaneuver"],"picked":"Predator+1","floor":18},{"not_picked":["Dash+1","Flying Knee"],"picked":"Terror","floor":20},{"not_picked":["Terror","Backflip"],"picked":"Dodge and Roll","floor":21},{"not_picked":["Poisoned Stab","All Out Attack+1"],"picked":"Caltrops","floor":24},{"not_picked":["Expertise+1","Masterful Stab","Well Laid Plans"],"picked":"SKIP","floor":29},{"not_picked":["Prepared","Poisoned Stab"],"picked":"Flying Knee","floor":31},{"not_picked":["Phantasmal Killer","Tools of the Trade"],"picked":"Corpse Explosion","floor":33},{"not_picked":["Underhanded Strike","Dagger Spray+1"],"picked":"Backflip","floor":35},{"not_picked":["Riddle With Holes","Slice"],"picked":"Flying Knee","floor":37},{"not_picked":["Reflex","Flying Knee+1"],"picked":"Footwork","floor":38},{"not_picked":["Flash of Steel","Magnetism"],"picked":"Forethought","floor":39},{"not_picked":["Dagger Spray+1","Acrobatics"],"picked":"Glass Knife","floor":41},{"not_picked":["Infinite Blades+1","Doppelganger"],"picked":"Dagger Spray","floor":46},{"not_picked":["Dash","Well Laid Plans"],"picked":"Leg Sweep+1","floor":47}],"player_experience":31207,"relics_obtained":[{"floor":6,"key":"Pen Nib"},{"floor":9,"key":"Happy Flower"},{"floor":12,"key":"War Paint"},{"floor":24,"key":"Regal Pillow"},{"floor":41,"key":"Gremlin Horn"},{"floor":43,"key":"Sundial"},{"floor":46,"key":"Mercury Hourglass"}],"event_choices":[{"damage_healed":0,"gold_gain":0,"player_choice":"Entered Light","damage_taken":15,"max_hp_gain":0,"max_hp_loss":0,"event_name":"Shining Light","floor":10,"gold_loss":0,"cards_upgraded":["Strike_G","Strike_G"]},{"damage_healed":0,"gold_gain":0,"player_choice":"Searched \u00271\u0027 times","damage_taken":0,"relics_obtained":["Bronze Scales"],"max_hp_gain":0,"max_hp_loss":0,"event_name":"Dead Adventurer","floor":13,"gold_loss":0},{"damage_healed":0,"gold_gain":0,"player_choice":"Shed Blood","damage_taken":19,"max_hp_gain":5,"max_hp_loss":0,"event_name":"Forgotten Altar","floor":19,"gold_loss":0},{"damage_healed":0,"gold_gain":0,"player_choice":"Read","damage_taken":0,"max_hp_gain":0,"max_hp_loss":0,"event_name":"The Library","floor":28,"gold_loss":0,"cards_obtained":["Leg Sweep"]},{"cards_removed":["Quick Slash"],"damage_healed":0,"gold_gain":0,"player_choice":"Removed Attack","damage_taken":0,"max_hp_gain":0,"max_hp_loss":0,"event_name":"Falling","floor":36,"gold_loss":0},{"damage_healed":0,"gold_gain":0,"player_choice":"Memory 1","damage_taken":0,"max_hp_gain":0,"max_hp_loss":0,"event_name":"SensoryStone","floor":39,"gold_loss":0},{"damage_healed":21,"gold_gain":0,"player_choice":"Writhe","damage_taken":0,"max_hp_gain":0,"max_hp_loss":0,"event_name":"Winding Halls","floor":42,"gold_loss":0,"cards_obtained":["Writhe"]},{"damage_healed":0,"gold_gain":0,"player_choice":"Ignored","damage_taken":0,"max_hp_gain":0,"max_hp_loss":0,"event_name":"Tomb of Lord Red Mask","floor":45,"gold_loss":0}],"is_beta":false,"boss_relics":[{"not_picked":["Eternal Feather","Philosopher\u0027s Stone"],"picked":"Velvet Choker"},{"not_picked":["Fusion Hammer","Runic Pyramid"],"picked":"Sozu"}],"items_purged_floors":[48],"is_endless":false,"potions_floor_spawned":[1,6,14,16,21,31,33,35,46,47],"killed_by":"Time Eater","ascension_level":0}