{"gold_per_floor":[116,128,140,140,155,180,180,193,220,220,99,132,32,43,43,141,141,160,172,184,195,214,244,244,259,259,306,105,118,118,134,134,229,229,241,261,281,292,292,292,344,357,384,91,91,91,106,124,124,124],"floor_reached":51,"playtime":4381,"items_purged":["Strike_R","Strike_R","Heavy Blade","Strike_R"],"score":728,"play_id":"85f6cc5c-e6c8-4680-8f0f-3656c1148512","local_time":"20190922223738","is_ascension_mode":true,"campfire_choices":[{"data":"Body Slam","floor":7,"key":"SMITH"},{"data":"Flame Barrier","floor":10,"key":"SMITH"},{"data":"Shrug It Off","floor":15,"key":"SMITH"},{"data":"Juggernaut","floor":24,"key":"SMITH"},{"floor":32,"key":"REST"},{"data":"Body Slam","floor":40,"key":"SMITH"},{"data":"Juggernaut","floor":45,"key":"SMITH"},{"floor":49,"key":"REST"}],"neow_cost":"NONE","seed_source_timestamp":853313700731200,"circlet_count":0,"master_deck":["Strike_R","Strike_R","Defend_R","Defend_R","Defend_R","Defend_R","Bash","Body Slam+1","Flame Barrier+1","Headbutt","Warcry","Shrug It Off+1","Juggernaut+1","Battle Trance+1","Shrug It Off+1","Flame Barrier+1","Shrug It Off","Body Slam+1","Juggernaut+1","Armaments+1"],"relics":["Burning Blood","Ancient Tea Set","Oddly Smooth Stone","Blood Vial","Anchor","Velvet Choker","Pen Nib","Kunai","Potion Belt","Runic Dome","Prayer Wheel","Vajra","Happy Flower"],"potions_floor_usage":[6,16,16,20,23,23,33,41,41,41,41,50,50],"damage_taken":[{"damage":7,"enemies":"Jaw Worm","floor":1,"turns":3},{"damage":6,"enemies":"Cultist","floor":2,"turns":4},{"damage":0,"enemies":"Small Slimes","floor":3,"turns":5},{"damage":14,"enemies":"3 Louse","floor":5,"turns":5},{"damage":14,"enemies":"Gremlin Nob","floor":6,"turns":4},{"damage":9,"enemies":"2 Fungi Beasts","floor":8,"turns":3},{"damage":29,"enemies":"Lagavulin","floor":12,"turns":8},{"damage":0,"enemies":"Exordium Thugs","floor":14,"turns":5},{"damage":33,"enemies":"The Guardian","floor":16,"turns":16},{"damage":0,"enemies":"3 Byrds","floor":18,"turns":1},{"damage":12,"enemies":"Shell Parasite","floor":19,"turns":5},{"damage":6,"enemies":"Snecko","floor":20,"turns":5},{"damage":23,"enemies":"Cultist and Chosen","floor":21,"turns":7},{"damage":14,"enemies":"Shelled Parasite and Fungi","floor":22,"turns":4},{"damage":26,"enemies":"Gremlin Leader","floor":23,"turns":7},{"damage":8,"enemies":"Snake Plant","floor":25,"turns":3},{"damage":23,"enemies":"Snecko","floor":29,"turns":6},{"damage":0,"enemies":"Sentry and Sphere","floor":31,"turns":4},{"damage":33,"enemies":"Collector","floor":33,"turns":9},{"damage":8,"enemies":"3 Darklings","floor":35,"turns":4},{"damage":30,"enemies":"3 Shapes","floor":36,"turns":5},{"damage":20,"enemies":"Maw","floor":37,"turns":5},{"damage":13,"enemies":"Jaw Worm Horde","floor":38,"turns":4},{"damage":16,"enemies":"2 Orb Walkers","floor":41,"turns":5},{"damage":1,"enemies":"Sphere and 2 Shapes","floor":42,"turns":4},{"damage":0,"enemies":"Spire Growth","floor":47,"turns":4},{"damage":0,"enemies":"3 Darklings","floor":48,"turns":3},{"damage":23,"enemies":"Awakened One","floor":50,"turns":9}],"seed_played":"8016405337911842305","potions_obtained":[{"floor":1,"key":"Block Potion"},{"floor":3,"key":"Block Potion"},{"floor":5,"key":"Fire Potion"},{"floor":16,"key":"Swift Potion"},{"floor":19,"key":"BloodPotion"},{"floor":20,"key":"SteroidPotion"},{"floor":31,"key":"Energy Potion"},{"floor":33,"key":"FearPotion"},{"floor":35,"key":"EntropicBrew"},{"floor":38,"key":"Regen Potion"},{"floor":41,"key":"Dexterity Potion"}],"is_trial":false,"path_per_floor":["M","M","M","?","M","E","R","M","T","R","$","E","$","M","R","B",null,"M","M","M","M","M","E","R","M","T","T","$","M","$","M","R","B",null,"M","M","M","M","?","R","?","M","T","$","R","?","M","M","R","B",null],"character_chosen":"IRONCLAD","items_purchased":["Shrug It Off","Shrug It Off","Body Slam","Happy Flower"],"campfire_rested":2,"item_purchase_floors":[11,28,28,44],"current_hp_per_floor":[79,79,80,80,72,64,64,61,61,61,61,40,40,48,48,23,80,80,74,76,61,55,57,57,57,57,57,57,42,42,50,74,49,80,78,56,44,39,39,39,45,52,52,52,52,52,60,68,80,63],"gold":124,"neow_bonus":"RANDOM_COMMON_RELIC","is_prod":false,"is_daily":false,"chose_seed":false,"campfire_upgraded":6,"win_rate":0,"timestamp":1569206258,"path_taken":["M","M","M","?","M","E","R","M","T","R","$","E","?","M","R","BOSS","M","M","M","M","M","E","R","M","T","?","$","?","$","M","R","BOSS","M","M","?","M","?","R","?","M","T","$","R","?","M","M","R","BOSS"],"build_version":"2019-07-17","purchased_purges":4,"victory":true,"max_hp_per_floor":[80,80,80,80,80,80,80,80,80,80,80,80,80,80,80,80,80,80,80,80,80,80,80,80,80,80,80,80,80,80,80,80,80,80,80,80,80,80,80,80,80,80,80,80,80,80,80,80,80,80],"card_choices":[{"not_picked":["Carnage","Cleave"],"picked":"Body Slam","floor":1},{"not_picked":["Cleave","Carnage"],"picked":"Flame Barrier","floor":2},{"not_picked":["Evolve","Havoc"],"picked":"Heavy Blade","floor":3},{"not_picked":["Uppercut","Sever Soul","Reaper"],"picked":"SKIP","floor":5},{"not_picked":["Dropkick","Bloodletting"],"picked":"Headbutt","floor":6},{"not_picked":["Havoc","Sword Boomerang"],"picked":"Warcry","floor":8},{"not_picked":["Reckless Charge","Clothesline","Exhume"],"picked":"SKIP","floor":12},{"not_picked":["Clash","Sword Boomerang","Clothesline"],"picked":"SKIP","floor":14},{"not_picked":["Offering","Brutality"],"picked":"Juggernaut","floor":16},{"not_picked":["Intimidate","Twin Strike","Headbutt"],"picked":"SKIP","floor":18},{"not_picked":["Whirlwind","Anger+1","Flex+1"],"picked":"SKIP","floor":19},{"not_picked":["Disarm","Combust"],"picked":"Battle Trance+1","floor":20},{"not_picked":["Heavy Blade+1","Seeing Red+1","Corruption"],"picked":"SKIP","floor":21},{"not_picked":["Heavy Blade","Sword Boomerang"],"picked":"Shrug It Off+1","floor":22},{"not_picked":["Infernal Blade","Berserk","Twin Strike"],"picked":"SKIP","floor":23},{"not_picked":["Battle Trance","Sentinel"],"picked":"Flame Barrier+1","floor":25},{"not_picked":["Thunderclap","Headbutt","Warcry"],"picked":"SKIP","floor":29},{"not_picked":["True Grit","Thunderclap","Iron Wave"],"picked":"SKIP","floor":31},{"not_picked":["Demon Form","Double Tap"],"picked":"Juggernaut","floor":33},{"not_picked":["Rage+1","Rupture+1","Pummel+1"],"picked":"SKIP","floor":35},{"not_picked":["Hemokinesis","Wild Strike","Cleave"],"picked":"SKIP","floor":36},{"not_picked":["Sword Boomerang+1","Warcry+1","Havoc"],"picked":"SKIP","floor":37},{"not_picked":["Perfected Strike+1","True Grit","Flex"],"picked":"SKIP","floor":38},{"not_picked":["Infernal Blade+1","Heavy Blade"],"picked":"Armaments+1","floor":42},{"not_picked":["Sword Boomerang+1","Rage","Flex+1"],"picked":"SKIP","floor":42},{"not_picked":["Heavy Blade","Battle Trance","Twin Strike"],"picked":"SKIP","floor":47},{"not_picked":["Heavy Blade+1","Havoc+1","Dropkick+1"],"picked":"SKIP","floor":47},{"not_picked":["Flex+1","Armaments","Twin Strike+1"],"picked":"SKIP","floor":48},{"not_picked":["True Grit+1","Wild Strike+1","Warcry+1"],"picked":"SKIP","floor":48}],"player_experience":64973,"relics_obtained":[{"floor":6,"key":"Oddly Smooth Stone"},{"floor":9,"key":"Blood Vial"},{"floor":12,"key":"Anchor"},{"floor":23,"key":"Pen Nib"},{"floor":26,"key":"Kunai"},{"floor":27,"key":"Potion Belt"},{"floor":41,"key":"Prayer Wheel"},{"floor":43,"key":"Vajra"}],"event_choices":[{"damage_healed":0,"gold_gain":0,"player_choice":"Ignored","damage_taken":0,"max_hp_gain":0,"max_hp_loss":0,"event_name":"Liars Game","floor":4,"gold_loss":0},{"damage_healed":0,"gold_gain":0,"player_choice":"Ignored","damage_taken":0,"max_hp_gain":0,"max_hp_loss":0,"event_name":"Tomb of Lord Red Mask","floor":39,"gold_loss":0},{"damage_healed":0,"gold_gain":0,"player_choice":"Fight","damage_taken":0,"max_hp_gain":0,"max_hp_loss":0,"event_name":"Mysterious Sphere","floor":41,"gold_loss":0},{"damage_healed":0,"gold_gain":0,"player_choice":"Memory 1","damage_taken":0,"max_hp_gain":0,"max_hp_loss":0,"event_name":"SensoryStone","floor":46,"gold_loss":0}],"is_beta":false,"boss_relics":[{"not_picked":["Astrolabe","White Beast Statue"],"picked":"Velvet Choker"},{"not_picked":["Coffee Dripper","Snecko Eye"],"picked":"Runic Dome"}],"items_purged_floors":[11,13,28,44],"is_endless":false,"potions_floor_spawned":[1,3,5,16,19,20,31,33,35,38,41],"ascension_level":2}