{"gold_per_floor":[118,50,63,63,75,107,32,64,142,142,153,153,185,43,43,143,143,163,178,191,201,201,201,218,248,248,173,205,222,222,253,253,253],"floor_reached":33,"playtime":1677,"items_purged":["Strike_P"],"score":490,"play_id":"c120efc3-adcd-4a1d-b04a-d81390105cd0","local_time":"20191003194533","is_ascension_mode":true,"campfire_choices":[{"data":"Eruption","floor":10.0,"key":"SMITH"},{"data":"CrushJoints","floor":12.0,"key":"SMITH"},{"data":"Wallop","floor":15.0,"key":"SMITH"},{"data":"Weave","floor":23.0,"key":"SMITH"},{"floor":30.0,"key":"REST"},{"data":"Ragnarok","floor":32.0,"key":"SMITH"}],"neow_cost":"NONE","seed_source_timestamp":0,"circlet_count":0,"master_deck":["Strike_P","Defend_P","Defend_P","Defend_P","Defend_P","Eruption+1","Vigilance","Consecrate","Weave+1","CutThroughFate","CutThroughFate","CrushJoints+1","InnerPeace","Wallop+1","ConjureBlade","Wallop+1","ThirdEye","Tantrum","ClearTheMind+1","JustLucky","Blasphemy","Ragnarok+1"],"special_seed":0,"relics":["PureWater","Omamori","Nunchaku","Anchor","GoldenEye","Meat on the Bone","Letter Opener","Sozu","Regal Pillow","Dodecahedron","Shovel","Bronze Scales"],"potions_floor_usage":[],"damage_taken":[{"damage":0.0,"enemies":"Cultist","floor":1.0,"turns":4.0},{"damage":3.0,"enemies":"Small Slimes","floor":3.0,"turns":4.0},{"damage":3.0,"enemies":"2 Louse","floor":5.0,"turns":2.0},{"damage":23.0,"enemies":"3 Sentries","floor":6.0,"turns":6.0},{"damage":12.0,"enemies":"Gremlin Nob","floor":8.0,"turns":3.0},{"damage":0.0,"enemies":"Gremlin Gang","floor":11.0,"turns":2.0},{"damage":17.0,"enemies":"Lagavulin","floor":13.0,"turns":4.0},{"damage":26.0,"enemies":"The Guardian","floor":16.0,"turns":11.0},{"damage":19.0,"enemies":"Spheric Guardian","floor":18.0,"turns":4.0},{"damage":29.0,"enemies":"3 Byrds","floor":19.0,"turns":4.0},{"damage":0.0,"enemies":"Cultist and Chosen","floor":20.0,"turns":4.0},{"damage":7.0,"enemies":"Shelled Parasite and Fungi","floor":21.0,"turns":2.0},{"damage":10.0,"enemies":"Sentry and Sphere","floor":24.0,"turns":3.0},{"damage":15.0,"enemies":"Book of Stabbing","floor":25.0,"turns":4.0},{"damage":21.0,"enemies":"Gremlin Leader","floor":28.0,"turns":3.0},{"damage":24.0,"enemies":"Snecko","floor":29.0,"turns":5.0},{"damage":0.0,"enemies":"Book of Stabbing","floor":31.0,"turns":4.0},{"damage":129,"enemies":"Automaton","floor":33,"turns":6}],"seed_played":"4035751500223717599","potions_obtained":[{"floor":3.0,"key":"Explosive Potion"},{"floor":5.0,"key":"DuplicationPotion"},{"floor":8.0,"key":"SpeedPotion"},{"floor":13.0,"key":"Regen Potion"}],"is_trial":false,"path_per_floor":["M","?","M","?","M","E","$","E","T","R","M","R","E","$","R","B",null,"M","M","M","M","?","R","M","E","T","?","E","M","R","E","R","B"],"character_chosen":"WATCHER","items_purchased":["InnerPeace","Wallop"],"campfire_rested":1,"item_purchase_floors":[14,14],"current_hp_per_floor":[65,65,62,62,59,36,36,24,24,24,36,36,31,31,31,17,58,39,22,46,39,39,39,41,38,38,38,29,17,53,53,53,0],"gold":253,"neow_bonus":"RANDOM_COMMON_RELIC","is_prod":false,"is_daily":false,"chose_seed":false,"campfire_upgraded":5,"win_rate":0,"timestamp":1570146333,"path_taken":["M","?","?","?","M","E","?","E","T","R","M","R","E","$","R","BOSS","M","M","M","M","?","R","?","E","T","?","E","M","R","E","R","BOSS"],"build_version":"2019-10-03","purchased_purges":1,"victory":false,"max_hp_per_floor":[72,72,72,72,72,72,72,72,72,72,72,72,72,72,72,72,72,72,72,72,72,72,72,72,72,72,72,72,72,72,72,72,72],"card_choices":[{"not_picked":["ThirdEye","SpiritShield"],"picked":"Consecrate","floor":1.0},{"not_picked":["FlyingSleeves","ThirdEye"],"picked":"Weave","floor":3.0},{"not_picked":["Worship","FlowState"],"picked":"CutThroughFate","floor":5.0},{"not_picked":["Vault","WheelKick"],"picked":"CutThroughFate","floor":6.0},{"not_picked":["WreathOfFlame","CutThroughFate","PathToVictory"],"picked":"SKIP","floor":8.0},{"not_picked":["ForeignInfluence","SignatureMove"],"picked":"CrushJoints","floor":11.0},{"not_picked":["Conclude","CutThroughFate","Weave"],"picked":"SKIP","floor":13.0},{"not_picked":["DevaForm","Devotion"],"picked":"ConjureBlade","floor":16.0},{"not_picked":["FlyingSleeves+1","Swivel"],"picked":"Wallop+1","floor":18.0},{"not_picked":["InnerPeace","ThirdEye","CutThroughFate"],"picked":"SKIP","floor":19.0},{"not_picked":["InnerPeace","CutThroughFate"],"picked":"ThirdEye","floor":19.0},{"not_picked":["MentalFortress+1","FollowUp"],"picked":"Tantrum","floor":20.0},{"not_picked":["Prostrate","BowlingBash"],"picked":"ClearTheMind+1","floor":21.0},{"not_picked":["EmptyFist","DeusExMachina"],"picked":"JustLucky","floor":24.0},{"not_picked":["Prostrate","Halt","Protect"],"picked":"SKIP","floor":25.0},{"not_picked":["Protect","EmptyFist"],"picked":"Blasphemy","floor":28.0},{"not_picked":["Vengeance","PathToVictory","BowlingBash+1"],"picked":"SKIP","floor":29.0},{"not_picked":["FlyingSleeves","BattleHymn+1"],"picked":"Ragnarok","floor":31.0}],"player_experience":1218778,"relics_obtained":[{"floor":6.0,"key":"Anchor"},{"floor":8.0,"key":"GoldenEye"},{"floor":9.0,"key":"Meat on the Bone"},{"floor":13.0,"key":"Letter Opener"},{"floor":25.0,"key":"Regal Pillow"},{"floor":26.0,"key":"Dodecahedron"},{"floor":28.0,"key":"Shovel"},{"floor":31.0,"key":"Bronze Scales"}],"event_choices":[{"damage_healed":0.0,"max_hp_gain":0.0,"max_hp_loss":0.0,"gold_gain":0.0,"event_name":"WeMeetAgain","player_choice":"Paid Gold","floor":2.0,"gold_loss":68.0,"damage_taken":0.0,"relics_obtained":["Nunchaku"]},{"cards_removed":["Strike_P"],"damage_healed":0.0,"max_hp_gain":0.0,"max_hp_loss":0.0,"gold_gain":0.0,"event_name":"Bonfire Elementals","player_choice":"Offered Basic","floor":4.0,"gold_loss":0.0,"damage_taken":0.0},{"damage_healed":0.0,"max_hp_gain":0.0,"max_hp_loss":0.0,"gold_gain":0.0,"event_name":"The Woman in Blue","player_choice":"Bought 0 Potions","floor":22.0,"gold_loss":0.0,"damage_taken":0.0},{"cards_removed":["Strike_P"],"damage_healed":0.0,"max_hp_gain":0.0,"max_hp_loss":0.0,"gold_gain":0.0,"event_name":"Beggar","player_choice":"Gave Gold","floor":27.0,"gold_loss":75.0,"damage_taken":0.0}],"is_beta":true,"boss_relics":[{"not_picked":["Astrolabe","Velvet Choker"],"picked":"Sozu"}],"items_purged_floors":[7],"is_endless":false,"potions_floor_spawned":[3,5,8,13,18,20,28,29,31],"killed_by":"Automaton","ascension_level":8}