{"gold_per_floor":[114,134,152,166,2,35,54,83,109,141,153,184,196,208,220,309,321,350,3,3,3,3,34,34,48,48,79,105,105,52,66,66,141,141,160,160,172,3,58,88,106,106,133,151,151,151,151,183,183,183,183],"floor_reached":52,"playtime":2928,"items_purged":["Strike_R","Strike_R"],"score":1857,"play_id":"9fe86cb6-579c-43a9-a577-577d66ce169d","local_time":"20190925234153","is_ascension_mode":true,"campfire_choices":[{"data":"Pommel Strike","floor":11.0,"key":"SMITH"},{"data":"Clothesline","floor":13.0,"key":"SMITH"},{"data":"Inflame","floor":15.0,"key":"SMITH"},{"data":"Limit Break","floor":24.0,"key":"SMITH"},{"data":"Ghostly","floor":29.0,"key":"SMITH"},{"data":"Ghostly","floor":32.0,"key":"SMITH"},{"data":"Ghostly","floor":42.0,"key":"SMITH"},{"data":"Evolve","floor":45.0,"key":"SMITH"},{"data":"True Grit","floor":49.0,"key":"SMITH"}],"neow_cost":"NONE","seed_source_timestamp":0,"circlet_count":0,"master_deck":["AscendersBane","Strike_R","Strike_R","Defend_R","Defend_R+1","Defend_R","Defend_R","Bash","Sword Boomerang","Shrug It Off+1","Inflame+1","Battle Trance","Intimidate","Clothesline+1","Pommel Strike+1","Cleave","Thunderclap","Evolve+1","Limit Break+1","Feel No Pain","Shockwave","Ghostly+1","Ghostly+1","Ghostly+1","Reaper","True Grit+1","Warcry","Immolate","Thinking Ahead","Armaments+1","Warcry+1","Burning Pact","Injury","Headbutt"],"special_seed":0,"relics":["Burning Blood","Akabeko","Letter Opener","War Paint","Toy Ornithopter","MawBank","Incense Burner","Sozu","Medical Kit","Lantern","Lizard Tail","Ginger","Red Mask","Cursed Key","Lee\u0027s Waffle","Nunchaku","Pocketwatch","Bronze Scales","PreservedInsect"],"potions_floor_usage":[],"damage_taken":[{"damage":1.0,"enemies":"Cultist","floor":1.0,"turns":3.0},{"damage":8.0,"enemies":"Small Slimes","floor":2.0,"turns":3.0},{"damage":0.0,"enemies":"2 Louse","floor":3.0,"turns":3.0},{"damage":0.0,"enemies":"Looter","floor":4.0,"turns":2.0},{"damage":11.0,"enemies":"Gremlin Nob","floor":6.0,"turns":3.0},{"damage":1.0,"enemies":"3 Louse","floor":7.0,"turns":3.0},{"damage":24.0,"enemies":"3 Sentries","floor":8.0,"turns":6.0},{"damage":29.0,"enemies":"Lagavulin","floor":10.0,"turns":7.0},{"damage":1.0,"enemies":"2 Fungi Beasts","floor":12.0,"turns":2.0},{"damage":60.0,"enemies":"Hexaghost","floor":16.0,"turns":11.0},{"damage":8.0,"enemies":"Shell Parasite","floor":18.0,"turns":4.0},{"damage":21.0,"enemies":"Gremlin Leader","floor":23.0,"turns":7.0},{"damage":0.0,"enemies":"Chosen","floor":25.0,"turns":5.0},{"damage":21.0,"enemies":"Slavers","floor":27.0,"turns":6.0},{"damage":9.0,"enemies":"Masked Bandits","floor":28.0,"turns":4.0},{"damage":0.0,"enemies":"Centurion and Healer","floor":31.0,"turns":9.0},{"damage":3.0,"enemies":"Champ","floor":33.0,"turns":12.0},{"damage":24.0,"enemies":"3 Shapes","floor":35.0,"turns":5.0},{"damage":2.0,"enemies":"3 Darklings","floor":37.0,"turns":2.0},{"damage":2.0,"enemies":"2 Orb Walkers","floor":39.0,"turns":5.0},{"damage":43.0,"enemies":"Reptomancer","floor":40.0,"turns":7.0},{"damage":1.0,"enemies":"Sphere and 2 Shapes","floor":41.0,"turns":5.0},{"damage":10.0,"enemies":"Transient","floor":44.0,"turns":6.0},{"damage":15.0,"enemies":"Nemesis","floor":48.0,"turns":7.0},{"damage":65,"enemies":"Time Eater","floor":50,"turns":13},{"damage":33,"enemies":"Donu and Deca","floor":51,"turns":9}],"seed_played":"-4557521939167555768","potions_obtained":[{"floor":1.0,"key":"Fire Potion"},{"floor":3.0,"key":"ElixirPotion"},{"floor":6.0,"key":"BloodPotion"},{"floor":7.0,"key":"FairyPotion"},{"floor":10.0,"key":"Weak Potion"}],"is_trial":false,"path_per_floor":["M","M","M","M","$","E","M","E","T","E","R","M","R","T","R","B",null,"M","$","?","?","?","E","R","M","T","E","?","R","$","M","R","B",null,"M","?","M","$","?","E","M","R","T","M","R","?","?","E","R","B","B",null],"character_chosen":"IRONCLAD","items_purchased":["Intimidate","Clothesline","Feel No Pain","Medical Kit","Warcry","Lee\u0027s Waffle"],"campfire_rested":0,"item_purchase_floors":[5,5,19,19,30,38],"current_hp_per_floor":[73,71,75,75,75,70,75,57,57,34,34,39,39,39,39,10,59,57,57,57,57,37,22,22,37,37,33,34,34,34,37,37,37,37,23,13,17,44,44,37,44,44,44,40,40,40,40,32,32,17,20],"gold":183,"neow_bonus":"RANDOM_COMMON_RELIC","is_prod":false,"is_daily":false,"chose_seed":false,"campfire_upgraded":9,"win_rate":0,"timestamp":1569469313,"path_taken":["M","M","M","M","$","E","M","E","T","E","R","?","R","?","R","BOSS","M","$","?","?","?","E","R","M","T","E","?","R","?","M","R","BOSS","M","?","M","$","?","E","M","R","T","M","R","?","?","E","R","BOSS","BOSS"],"build_version":"2019-09-25","purchased_purges":2,"victory":true,"max_hp_per_floor":[75,75,75,75,75,75,75,75,75,75,75,75,75,75,75,75,75,75,75,75,75,37,37,37,37,37,37,37,37,37,37,37,37,37,37,37,37,44,44,44,44,44,44,44,44,44,42,42,42,42,42],"card_choices":[{"not_picked":["Reckless Charge","Blood for Blood"],"picked":"Sword Boomerang","floor":1.0},{"not_picked":["Entrench","Anger"],"picked":"Shrug It Off","floor":2.0},{"not_picked":["Anger","Evolve"],"picked":"Inflame","floor":3.0},{"not_picked":["Corruption","Shrug It Off"],"picked":"Battle Trance","floor":4.0},{"not_picked":["Barricade","Anger"],"picked":"Pommel Strike","floor":6.0},{"not_picked":["Rage","Headbutt"],"picked":"Cleave","floor":7.0},{"not_picked":["Second Wind","Dark Embrace"],"picked":"Thunderclap","floor":8.0},{"not_picked":["Clothesline","Hemokinesis"],"picked":"Evolve","floor":10.0},{"not_picked":["Headbutt","Clothesline","Thunderclap"],"picked":"SKIP","floor":12.0},{"not_picked":["Fiend Fire","Barricade"],"picked":"Limit Break","floor":16.0},{"not_picked":["Anger","Wild Strike","Seeing Red"],"picked":"SKIP","floor":18.0},{"not_picked":["Armaments","Twin Strike"],"picked":"Reaper","floor":23.0},{"not_picked":["Sword Boomerang","Heavy Blade"],"picked":"True Grit","floor":25.0},{"not_picked":["Limit Break","Iron Wave","Ghostly Armor"],"picked":"SKIP","floor":27.0},{"not_picked":["True Grit","Perfected Strike","Rage"],"picked":"SKIP","floor":31.0},{"not_picked":["Dark Embrace","Reaper"],"picked":"Immolate","floor":33.0},{"not_picked":["Twin Strike","Iron Wave","Thunderclap"],"picked":"SKIP","floor":35.0},{"not_picked":["Magnetism","Enlightenment"],"picked":"Thinking Ahead","floor":36.0},{"not_picked":["Shrug It Off","Wild Strike+1"],"picked":"Armaments+1","floor":37.0},{"not_picked":["Twin Strike","Body Slam"],"picked":"Warcry+1","floor":39.0},{"not_picked":["Whirlwind","Combust"],"picked":"Burning Pact","floor":40.0},{"not_picked":["Havoc","Body Slam","Sentinel"],"picked":"SKIP","floor":41.0},{"not_picked":["Havoc","Body Slam","Sentinel"],"picked":"SKIP","floor":41.0},{"not_picked":["Reckless Charge","Cleave+1","Bloodletting+1"],"picked":"SKIP","floor":44.0},{"not_picked":["Anger","Seeing Red"],"picked":"Headbutt","floor":48.0}],"player_experience":1131957,"relics_obtained":[{"floor":6.0,"key":"Letter Opener"},{"floor":8.0,"key":"War Paint"},{"floor":9.0,"key":"Toy Ornithopter"},{"floor":10.0,"key":"MawBank"},{"floor":14.0,"key":"Incense Burner"},{"floor":23.0,"key":"Lantern"},{"floor":26.0,"key":"Lizard Tail"},{"floor":27.0,"key":"Ginger"},{"floor":28.0,"key":"Red Mask"},{"floor":39.0,"key":"Nunchaku"},{"floor":40.0,"key":"Pocketwatch"},{"floor":43.0,"key":"Bronze Scales"},{"floor":48.0,"key":"PreservedInsect"}],"event_choices":[{"damage_healed":0.0,"max_hp_gain":0.0,"max_hp_loss":0.0,"gold_gain":0.0,"event_name":"The Library","player_choice":"Read","floor":20.0,"gold_loss":0.0,"damage_taken":0.0,"cards_obtained":["Shockwave"]},{"damage_healed":0.0,"max_hp_gain":0.0,"max_hp_loss":0.0,"gold_gain":0.0,"event_name":"Vampires","player_choice":"Ignored","floor":21.0,"gold_loss":0.0,"damage_taken":0.0},{"damage_healed":0.0,"max_hp_gain":0.0,"max_hp_loss":38.0,"gold_gain":0.0,"event_name":"Ghosts","player_choice":"Became a Ghost","floor":22.0,"gold_loss":0.0,"damage_taken":0.0,"cards_obtained":["Ghostly","Ghostly","Ghostly"]},{"damage_healed":0.0,"max_hp_gain":0.0,"max_hp_loss":0.0,"gold_gain":0.0,"event_name":"Masked Bandits","player_choice":"Fought Bandits","floor":28.0,"gold_loss":0.0,"damage_taken":0.0},{"damage_healed":0.0,"max_hp_gain":0.0,"max_hp_loss":0.0,"gold_gain":0.0,"event_name":"SensoryStone","player_choice":"Memory 3","floor":36.0,"gold_loss":0.0,"damage_taken":10.0},{"damage_healed":0.0,"max_hp_gain":0.0,"max_hp_loss":0.0,"gold_gain":0.0,"event_name":"Mysterious Sphere","player_choice":"Fight","floor":39.0,"gold_loss":0.0,"damage_taken":0.0},{"cards_removed":["Strike_R"],"damage_healed":0.0,"max_hp_gain":0.0,"max_hp_loss":0.0,"gold_gain":0.0,"event_name":"Falling","player_choice":"Removed Attack","floor":46.0,"gold_loss":0.0,"damage_taken":0.0},{"damage_healed":0.0,"max_hp_gain":0.0,"max_hp_loss":2.0,"gold_gain":0.0,"event_name":"Winding Halls","player_choice":"Max HP","floor":47.0,"gold_loss":0.0,"damage_taken":0.0}],"is_beta":true,"boss_relics":[{"not_picked":["Empty Cage","Black Blood"],"picked":"Sozu"},{"not_picked":["Runic Cube","Pandora\u0027s Box"],"picked":"Cursed Key"}],"items_purged_floors":[5,19],"is_endless":false,"potions_floor_spawned":[1,3,6,7,8,10,23,27,31,35,37,41,48],"ascension_level":20}