{"gold_per_floor":[110,130,140,12,24,24,59,59,85,110,128,128,24,41,41,146,146,156,173,51,51,66,66],"floor_reached":23,"playtime":1231,"items_purged":["Strike_B","Strike_B","Strike_B"],"score":294,"play_id":"8ff0afa2-dd0d-419f-92a6-7683d377d102","local_time":"20190722184148","is_ascension_mode":true,"campfire_choices":[{"data":"Zap","floor":6,"key":"SMITH"},{"data":"Sunder","floor":12,"key":"SMITH"},{"data":"Redo","floor":15,"key":"SMITH"}],"neow_cost":"NONE","seed_source_timestamp":100453174965200,"circlet_count":0,"master_deck":["Strike_B","Defend_B","Defend_B","Defend_B","Defend_B","Zap+1","Dualcast","Go for the Eyes","Glacier","Hologram","Sweeping Beam","Sunder+1","Steam","Redo+1","Ball Lightning","Darkness","Self Repair"],"relics":["Cracked Core","Juzu Bracelet","Smiling Mask","Ancient Tea Set","Fusion Hammer","Nilry\u0027s Codex"],"potions_floor_usage":[7,16],"damage_taken":[{"damage":9,"enemies":"Jaw Worm","floor":1,"turns":3},{"damage":1,"enemies":"Small Slimes","floor":2,"turns":3},{"damage":0,"enemies":"2 Louse","floor":3,"turns":5},{"damage":0,"enemies":"Red Slaver","floor":5,"turns":4},{"damage":10,"enemies":"Lagavulin","floor":7,"turns":5},{"damage":7,"enemies":"3 Sentries","floor":10,"turns":8},{"damage":0,"enemies":"3 Louse","floor":11,"turns":3},{"damage":0,"enemies":"Looter","floor":14,"turns":2},{"damage":33,"enemies":"Slime Boss","floor":16,"turns":14},{"damage":6,"enemies":"Chosen","floor":18,"turns":3},{"damage":7,"enemies":"Spheric Guardian","floor":19,"turns":4},{"damage":19,"enemies":"Centurion and Healer","floor":22,"turns":9},{"damage":33,"enemies":"Book of Stabbing","floor":23,"turns":5}],"seed_played":"-2380408315988473307","potions_obtained":[{"floor":2,"key":"SkillPotion"},{"floor":3,"key":"PowerPotion"},{"floor":10,"key":"EssenceOfSteel"},{"floor":18,"key":"SpeedPotion"},{"floor":22,"key":"Fire Potion"}],"is_trial":false,"path_per_floor":["M","M","M","$","M","R","E","?","T","E","M","R","$","M","R","B",null,"M","M","$","?","M","E"],"character_chosen":"DEFECT","items_purchased":["Sweeping Beam","Ball Lightning","Self Repair"],"campfire_rested":0,"item_purchase_floors":[4,13,20],"current_hp_per_floor":[66,65,65,65,65,65,55,60,60,53,53,53,53,53,53,20,70,64,57,57,41,29,0],"gold":66,"neow_bonus":"TEN_PERCENT_HP_BONUS","is_prod":false,"is_daily":false,"chose_seed":false,"campfire_upgraded":3,"win_rate":0,"timestamp":1563835308,"path_taken":["M","M","M","$","M","R","E","?","T","E","M","R","$","M","R","BOSS","M","M","$","?","M","E"],"build_version":"2019-07-17","purchased_purges":3,"victory":false,"max_hp_per_floor":[82,82,82,82,82,82,82,87,87,87,87,87,87,87,87,87,87,87,87,87,87,87,87],"card_choices":[{"not_picked":["Streamline","Barrage"],"picked":"Go for the Eyes","floor":1},{"not_picked":["Genetic Algorithm","Go for the Eyes"],"picked":"Glacier","floor":2},{"not_picked":["Go for the Eyes","Reinforced Body"],"picked":"Hologram","floor":3},{"not_picked":["Auto Shields","Gash"],"picked":"Sunder","floor":5},{"not_picked":["Lockon","Rebound"],"picked":"Steam","floor":7},{"not_picked":["Turbo","Genetic Algorithm"],"picked":"Redo","floor":10},{"not_picked":["Go for the Eyes","Static Discharge","Sunder"],"picked":"SKIP","floor":11},{"not_picked":["Barrage","Rebound","Meteor Strike"],"picked":"SKIP","floor":14},{"not_picked":["Gash","Defragment"],"picked":"Darkness","floor":18},{"not_picked":["Barrage","Streamline","Genetic Algorithm"],"picked":"SKIP","floor":19},{"not_picked":["Beam Cell+1","Rebound","Darkness"],"picked":"SKIP","floor":22}],"player_experience":493383,"relics_obtained":[{"floor":7,"key":"Juzu Bracelet"},{"floor":9,"key":"Smiling Mask"},{"floor":10,"key":"Ancient Tea Set"},{"floor":21,"key":"Nilry\u0027s Codex"}],"event_choices":[{"damage_healed":0,"gold_gain":0,"player_choice":"Donut","damage_taken":0,"max_hp_gain":5,"max_hp_loss":0,"event_name":"Big Fish","floor":8,"gold_loss":0},{"damage_healed":0,"gold_gain":0,"player_choice":"Obtained Book","damage_taken":16,"max_hp_gain":0,"max_hp_loss":0,"event_name":"Cursed Tome","floor":21,"gold_loss":0}],"is_beta":false,"boss_relics":[{"not_picked":["Pandora\u0027s Box","Runic Pyramid"],"picked":"Fusion Hammer"}],"items_purged_floors":[4,13,20],"is_endless":false,"potions_floor_spawned":[2,3,10,18,22],"killed_by":"Book of Stabbing","ascension_level":9}