{"gold_per_floor":[119,137,4,21,21,48,48,76,76,76,16,26,44,44,44,123,123,133,150,150,150,168,168,55,72,152,152,152],"floor_reached":28,"playtime":906,"items_purged":["Strike_B","Strike_B"],"score":422,"play_id":"156fcc6c-583b-474a-bacf-9eb025d0f269","local_time":"20190819231429","is_ascension_mode":true,"campfire_choices":[{"data":"White Noise","floor":10,"key":"SMITH"},{"floor":15,"key":"REST"},{"floor":23,"key":"REST"},{"data":"Biased Cognition","floor":27,"key":"SMITH"}],"neow_cost":"NONE","seed_source_timestamp":16600446837900,"circlet_count":0,"master_deck":["AscendersBane","Strike_B","Strike_B","Defend_B","Defend_B","Defend_B","Defend_B","Zap","Dualcast","White Noise+1","Sunder+1","Cold Snap","Recycle","Compile Driver","Ball Lightning","Core Surge","Coolheaded","Biased Cognition+1","Conserve Battery","Hologram","Coolheaded","Reinforced Body","Steam+1","Doubt"],"relics":["Cracked Core","DataDisk","Oddly Smooth Stone","The Courier","Potion Belt","Cursed Key","Nloth\u0027s Gift","Dodecahedron"],"potions_floor_usage":[8,16,16],"damage_taken":[{"damage":1,"enemies":"Cultist","floor":1,"turns":3},{"damage":2,"enemies":"2 Louse","floor":2,"turns":4},{"damage":0,"enemies":"Jaw Worm","floor":4,"turns":3},{"damage":19,"enemies":"3 Sentries","floor":6,"turns":7},{"damage":24,"enemies":"Gremlin Nob","floor":8,"turns":4},{"damage":4,"enemies":"Large Slime","floor":12,"turns":3},{"damage":6,"enemies":"2 Fungi Beasts","floor":13,"turns":2},{"damage":13,"enemies":"Slime Boss","floor":16,"turns":7},{"damage":21,"enemies":"2 Thieves","floor":18,"turns":4},{"damage":10,"enemies":"3 Byrds","floor":19,"turns":5},{"damage":8,"enemies":"Snecko","floor":22,"turns":4},{"damage":4,"enemies":"3 Cultists","floor":25,"turns":4},{"damage":31,"enemies":"Cultist and Chosen","floor":28,"turns":3}],"seed_played":"7954711460066459583","potions_obtained":[{"floor":4,"key":"Ancient Potion"},{"floor":13,"key":"PowerPotion"},{"floor":16,"key":"Fruit Juice"},{"floor":18,"key":"SteroidPotion"}],"is_trial":false,"path_per_floor":["M","M","$","M","$","E","?","E","T","R","$","M","M","?","R","B",null,"M","M","?","?","M","R","$","M","T","R","M"],"character_chosen":"DEFECT","items_purchased":["Sunder","Cold Snap","Reinforced Body"],"campfire_rested":2,"item_purchase_floors":[3,3,24],"current_hp_per_floor":[63,61,61,61,61,42,42,18,18,18,18,14,8,8,29,21,62,41,31,10,10,2,24,24,20,20,20,0],"gold":152,"neow_bonus":"RANDOM_COMMON_RELIC","is_prod":false,"is_daily":false,"chose_seed":false,"campfire_upgraded":2,"win_rate":0,"timestamp":1566270869,"path_taken":["M","M","$","M","$","E","?","E","T","R","$","M","M","?","R","BOSS","M","M","?","?","?","R","$","M","T","R","M"],"build_version":"2019-07-17","purchased_purges":2,"victory":false,"max_hp_per_floor":[71,71,71,71,71,71,71,71,71,71,71,71,71,71,71,76,76,76,76,76,76,76,76,76,76,76,76,76],"card_choices":[{"not_picked":["Conserve Battery","Self Repair"],"picked":"White Noise","floor":1},{"not_picked":["Steam","Stack","Barrage"],"picked":"SKIP","floor":2},{"not_picked":["Fusion","Consume"],"picked":"Recycle","floor":4},{"not_picked":["Redo","Steam Power"],"picked":"Compile Driver","floor":6},{"not_picked":["Chaos","Gash"],"picked":"Ball Lightning","floor":8},{"not_picked":["Doom and Gloom","Double Energy"],"picked":"Core Surge","floor":12},{"not_picked":["Rebound","Fusion"],"picked":"Coolheaded","floor":13},{"not_picked":["Rainbow","Multi-Cast"],"picked":"Biased Cognition","floor":16},{"not_picked":["Sweeping Beam","Stack"],"picked":"Conserve Battery","floor":18},{"not_picked":["Rebound","Darkness"],"picked":"Hologram","floor":19},{"not_picked":["Go for the Eyes+1","Rainbow"],"picked":"Coolheaded","floor":22},{"not_picked":["Stack","Sweeping Beam"],"picked":"Steam+1","floor":25}],"player_experience":828656,"relics_obtained":[{"floor":6,"key":"Oddly Smooth Stone"},{"floor":8,"key":"The Courier"},{"floor":9,"key":"Potion Belt"},{"floor":20,"key":"Nilry\u0027s Codex"},{"floor":26,"key":"Dodecahedron"}],"event_choices":[{"damage_healed":0,"gold_gain":0,"player_choice":"Grow","damage_taken":0,"max_hp_gain":0,"max_hp_loss":0,"event_name":"Living Wall","floor":7,"gold_loss":0,"cards_upgraded":["Sunder"]},{"damage_healed":0,"gold_gain":0,"player_choice":"Searched \u00270\u0027 times","damage_taken":0,"max_hp_gain":0,"max_hp_loss":0,"event_name":"Dead Adventurer","floor":14,"gold_loss":0},{"damage_healed":0,"gold_gain":0,"player_choice":"Obtained Book","damage_taken":21,"max_hp_gain":0,"max_hp_loss":0,"event_name":"Cursed Tome","floor":20,"gold_loss":0},{"damage_healed":0,"gold_gain":0,"player_choice":"Traded Relic","damage_taken":0,"relics_obtained":["Nloth\u0027s Gift"],"max_hp_gain":0,"max_hp_loss":0,"event_name":"N\u0027loth","floor":21,"relics_lost":["Nilry\u0027s Codex"],"gold_loss":0}],"is_beta":false,"boss_relics":[{"not_picked":["Nuclear Battery","Pandora\u0027s Box"],"picked":"Cursed Key"}],"items_purged_floors":[11,24],"is_endless":false,"potions_floor_spawned":[4,13,16,18],"killed_by":"Cultist and Chosen","ascension_level":17}