{"gold_per_floor":[109,126,126,126,126,154,154,180,180,180,208,93,107,122,122,220,220,220,175,175,175,175,175,175,175,175,175,136,136,21,21,21,21,21,21,21,21,21,21,21,21,21,21,21,21,21,21,21,21,21],"floor_reached":51,"playtime":2679,"items_purged":["Strike_P"],"score":994,"play_id":"8704c214-f3ab-47b9-9cbc-55725d5e2d97","local_time":"20191003015826","is_ascension_mode":true,"campfire_choices":[{"data":"ReachHeaven","floor":7.0,"key":"SMITH"},{"data":"FlowState","floor":10.0,"key":"SMITH"},{"data":"FlurryOfBlows","floor":15.0,"key":"SMITH"},{"data":"J.A.X.","floor":25.0,"key":"SMITH"},{"data":"Wireheading","floor":27.0,"key":"SMITH"},{"floor":29.0,"key":"REST"},{"floor":32.0,"key":"REST"},{"data":"ConjureBlade","floor":46.0,"key":"SMITH"},{"floor":49.0,"key":"REST"}],"neow_cost":"NONE","seed_source_timestamp":694105942220300,"circlet_count":0,"master_deck":["Strike_P+1","Strike_P","Defend_P","Defend_P","Defend_P","Defend_P","Eruption+1","Vigilance","Wireheading+1","CrushJoints+1","ReachHeaven+1","CutThroughFate","FlowState+1","FlurryOfBlows+1","Evaluate","InnerPeace","EmptyBody","ConjureBlade+1","EmptyMind+1","Sanctity","Crescendo","Protect+1","J.A.X.+1","MentalFortress+1","Nirvana+1","SashWhip+1","JustLucky+1","DeusExMachina","CurseOfTheBell","JustLucky+1","Perseverance","Writhe","ClearTheMind+1","Collect+1","Parasite"],"special_seed":0,"relics":["PureWater","Frozen Egg 2","Gambling Chip","Du-Vu Doll","Whetstone","Singing Bowl","Ectoplasm","Bird Faced Urn","Molten Egg 2","Calling Bell","Tiny Chest","Darkstone Periapt","Nunchaku","Dodecahedron","MawBank","Orichalcum","Toy Ornithopter","TeardropLocket"],"potions_floor_usage":[50],"damage_taken":[{"damage":0.0,"enemies":"2 Louse","floor":1.0,"turns":2.0},{"damage":0.0,"enemies":"Small Slimes","floor":2.0,"turns":2.0},{"damage":5.0,"enemies":"Lagavulin","floor":6.0,"turns":5.0},{"damage":27.0,"enemies":"3 Sentries","floor":8.0,"turns":5.0},{"damage":0.0,"enemies":"Gremlin Nob","floor":11.0,"turns":2.0},{"damage":0.0,"enemies":"Cultist","floor":13.0,"turns":2.0},{"damage":0.0,"enemies":"Red Slaver","floor":14.0,"turns":1.0},{"damage":15.0,"enemies":"The Guardian","floor":16.0,"turns":9.0},{"damage":0.0,"enemies":"Spheric Guardian","floor":18.0,"turns":2.0},{"damage":10.0,"enemies":"2 Thieves","floor":19.0,"turns":3.0},{"damage":13.0,"enemies":"Snecko","floor":21.0,"turns":3.0},{"damage":3.0,"enemies":"Sentry and Sphere","floor":23.0,"turns":3.0},{"damage":29.0,"enemies":"Gremlin Leader","floor":24.0,"turns":5.0},{"damage":22.0,"enemies":"Snake Plant","floor":31.0,"turns":3.0},{"damage":30.0,"enemies":"Champ","floor":33.0,"turns":9.0},{"damage":5.0,"enemies":"Orb Walker","floor":35.0,"turns":4.0},{"damage":4.0,"enemies":"3 Shapes","floor":36.0,"turns":5.0},{"damage":30.0,"enemies":"3 Darklings","floor":39.0,"turns":4.0},{"damage":32.0,"enemies":"Nemesis","floor":40.0,"turns":5.0},{"damage":15.0,"enemies":"4 Shapes","floor":42.0,"turns":7.0},{"damage":15.0,"enemies":"Writhing Mass","floor":48.0,"turns":6.0},{"damage":46,"enemies":"Donu and Deca","floor":50,"turns":10}],"seed_played":"-8650364930999577763","potions_obtained":[{"floor":2.0,"key":"Explosive Potion"},{"floor":13.0,"key":"EntropicBrew"},{"floor":14.0,"key":"EssenceOfSteel"},{"floor":16.0,"key":"LiquidBronze"},{"floor":24.0,"key":"GamblersBrew"},{"floor":31.0,"key":"SpeedPotion"},{"floor":39.0,"key":"Fire Potion"}],"is_trial":false,"path_per_floor":["M","M","?","?","?","E","R","E","T","R","E","$","M","M","R","B",null,"M","M","?","M","?","M","E","R","T","R","$","R","$","M","R","B",null,"M","M","?","T","M","E","T","M","T","T","$","R","?","M","R","B",null],"character_chosen":"WATCHER","items_purchased":["Evaluate","MentalFortress+1","Nirvana+1","SashWhip+1"],"campfire_rested":3,"item_purchase_floors":[12,28,30,30],"current_hp_per_floor":[65,65,65,53,53,48,48,21,21,21,21,21,21,21,21,21,59,59,49,49,36,36,35,8,8,8,8,8,30,30,14,36,12,60,59,59,82,82,54,30,30,21,21,21,21,21,21,20,47,12],"gold":21,"neow_bonus":"UPGRADE_CARD","is_prod":false,"is_daily":false,"chose_seed":false,"campfire_upgraded":6,"win_rate":0,"timestamp":1570082306,"path_taken":["M","M","?","?","?","E","R","E","T","R","E","$","?","M","R","BOSS","M","M","?","M","?","?","E","R","T","R","$","R","$","M","R","BOSS","M","M","?","?","M","E","?","M","T","?","$","R","?","M","R","BOSS"],"build_version":"2019-10-02","purchased_purges":1,"victory":true,"max_hp_per_floor":[72,72,72,72,72,72,72,72,72,72,72,72,72,72,72,72,72,72,72,72,72,72,74,76,76,76,76,76,76,76,76,76,76,76,76,76,82,82,82,84,84,84,84,84,84,84,84,92,92,92],"card_choices":[{"not_picked":["JustLucky","CutThroughFate"],"picked":"Wireheading","floor":1.0},{"not_picked":["BowlingBash","Prostrate"],"picked":"CrushJoints","floor":2.0},{"not_picked":["JustLucky","Establishment+1"],"picked":"CutThroughFate","floor":6.0},{"not_picked":["Halt","Protect"],"picked":"FlowState","floor":8.0},{"not_picked":["JustLucky","DevaForm+1"],"picked":"FlurryOfBlows","floor":11.0},{"not_picked":["WindmillStrike","ReachHeaven"],"picked":"InnerPeace","floor":13.0},{"not_picked":["CutThroughFate","BowlingBash"],"picked":"EmptyBody","floor":14.0},{"not_picked":["Omniscience","Blasphemy"],"picked":"ConjureBlade","floor":16.0},{"not_picked":["Weave","InnerPeace"],"picked":"EmptyMind+1","floor":18.0},{"not_picked":["CutThroughFate","EmptyFist"],"picked":"Sanctity","floor":19.0},{"not_picked":["Prostrate","Vengeance+1"],"picked":"Protect+1","floor":21.0},{"not_picked":["FollowUp","BowlingBash","CrushJoints+1"],"picked":"Singing Bowl","floor":23.0},{"not_picked":["CrushJoints","Vengeance","Prostrate"],"picked":"Singing Bowl","floor":24.0},{"not_picked":["EmptyFist+1","Nirvana+1"],"picked":"JustLucky+1","floor":31.0},{"not_picked":["ConjureBlade","Alpha"],"picked":"DeusExMachina","floor":33.0},{"not_picked":["ThirdEye+1","SashWhip+1"],"picked":"JustLucky+1","floor":35.0},{"not_picked":["EmptyBody+1","CutThroughFate+1"],"picked":"Perseverance","floor":36.0},{"not_picked":["Sanctity+1","Crescendo"],"picked":"ClearTheMind+1","floor":39.0},{"not_picked":["ReachHeaven+1","CrushJoints+1","SashWhip+1"],"picked":"Singing Bowl","floor":40.0},{"not_picked":["CrushJoints+1","Weave+1"],"picked":"Collect+1","floor":42.0},{"not_picked":["Pray","Judgement","JustLucky+1"],"picked":"Singing Bowl","floor":48.0}],"player_experience":1210480,"relics_obtained":[{"floor":6.0,"key":"Gambling Chip"},{"floor":8.0,"key":"Du-Vu Doll"},{"floor":9.0,"key":"Whetstone"},{"floor":11.0,"key":"Singing Bowl"},{"floor":24.0,"key":"Bird Faced Urn"},{"floor":26.0,"key":"Molten Egg 2"},{"floor":34.0,"key":"Tiny Chest"},{"floor":34.0,"key":"Darkstone Periapt"},{"floor":34.0,"key":"Nunchaku"},{"floor":38.0,"key":"Dodecahedron"},{"floor":40.0,"key":"MawBank"},{"floor":41.0,"key":"Orichalcum"},{"floor":43.0,"key":"Toy Ornithopter"},{"floor":44.0,"key":"TeardropLocket"}],"event_choices":[{"damage_healed":0.0,"max_hp_gain":0.0,"max_hp_loss":0.0,"gold_gain":0.0,"event_name":"Liars Game","player_choice":"Ignored","floor":3.0,"gold_loss":0.0,"damage_taken":0.0},{"damage_healed":0.0,"max_hp_gain":0.0,"max_hp_loss":0.0,"gold_gain":0.0,"event_name":"Scrap Ooze","player_choice":"Success","floor":4.0,"gold_loss":0.0,"damage_taken":12.0,"relics_obtained":["Frozen Egg 2"]},{"damage_healed":0.0,"max_hp_gain":0.0,"max_hp_loss":0.0,"gold_gain":0.0,"cards_transformed":["Strike_P"],"event_name":"Transmorgrifier","player_choice":"Transformed","floor":5.0,"gold_loss":0.0,"damage_taken":0.0,"cards_obtained":["ReachHeaven"]},{"damage_healed":0.0,"max_hp_gain":0.0,"max_hp_loss":0.0,"gold_gain":0.0,"event_name":"The Library","player_choice":"Read","floor":20.0,"gold_loss":0.0,"damage_taken":0.0,"cards_obtained":["Crescendo"]},{"damage_healed":0.0,"max_hp_gain":0.0,"max_hp_loss":0.0,"gold_gain":0.0,"event_name":"Drug Dealer","player_choice":"Obtain J.A.X.","floor":22.0,"gold_loss":0.0,"damage_taken":0.0,"cards_obtained":["J.A.X."]},{"damage_healed":19.0,"max_hp_gain":0.0,"max_hp_loss":0.0,"gold_gain":0.0,"event_name":"Winding Halls","player_choice":"Writhe","floor":37.0,"gold_loss":0.0,"damage_taken":0.0,"cards_obtained":["Writhe"]},{"damage_healed":0.0,"max_hp_gain":0.0,"max_hp_loss":0.0,"gold_gain":0.0,"event_name":"SecretPortal","player_choice":"Ignored","floor":47.0,"gold_loss":0.0,"damage_taken":0.0}],"is_beta":true,"boss_relics":[{"not_picked":["SlaversCollar","Black Star"],"picked":"Ectoplasm"},{"not_picked":["Busted Crown","Runic Pyramid"],"picked":"Calling Bell"}],"items_purged_floors":[12],"is_endless":false,"potions_floor_spawned":[2,13,14,16,24,31,39,40,48],"ascension_level":6}