{"gold_per_floor":[109,109,121,141,141,141,172,172,244,268,307,67,88,88,88,207,207,191,214,239,255,37,72,72,72,72,72,91,124,145,159,159,289,289,313,313,337,355,83,118,118,139,139,155,176,200,225,243,243,243],"floor_reached":51,"playtime":6626,"items_purged":["Strike_R","Strike_R","Defend_R"],"score":737,"play_id":"d6c06152-0933-41bf-9b02-98b4e8fd7266","local_time":"20190918160016","is_ascension_mode":false,"campfire_choices":[{"data":"1","floor":6.0,"key":"LIFT"},{"data":"2","floor":8.0,"key":"LIFT"},{"floor":15,"key":"REST"},{"data":"3","floor":25,"key":"LIFT"},{"data":"Barricade","floor":27,"key":"SMITH"},{"floor":32,"key":"REST"},{"data":"Armaments","floor":41,"key":"SMITH"},{"floor":49,"key":"REST"}],"neow_cost":"","seed_source_timestamp":0,"circlet_count":0,"master_deck":["Strike_R","Strike_R","Defend_R","Defend_R","Defend_R","Bash","Metallicize","Twin Strike","Cleave","Sever Soul","Cleave","Carnage","Finesse","Metallicize","Flame Barrier","Barricade+1","Pummel+1","Armaments+1","Anger+1","True Grit","Bandage Up+1","Shrug It Off+1","Rage","Bludgeon","Clash","Rampage","Fiend Fire","Feed","Headbutt","Clothesline+1","Dual Wield+1","Battle Trance+1","Dual Wield+1","Pummel+1","Sever Soul+1","Body Slam+1","Power Through+1","Perfected Strike"],"special_seed":0,"relics":["Burning Blood","Girya","Golden Idol","Happy Flower","Self Forming Clay","WingedGreaves","Velvet Choker","War Paint","Frozen Egg 2","Bronze Scales","Eternal Feather","Strawberry","Gambling Chip","Paper Frog"],"potions_floor_usage":[23,33,38,40,50,50,50],"damage_taken":[{"damage":5.0,"enemies":"Cultist","floor":1.0,"turns":4.0},{"damage":5.0,"enemies":"Small Slimes","floor":3.0,"turns":4.0},{"damage":0.0,"enemies":"Jaw Worm","floor":4.0,"turns":6.0},{"damage":22.0,"enemies":"3 Sentries","floor":7.0,"turns":9.0},{"damage":12.0,"enemies":"Exordium Wildlife","floor":10.0,"turns":5.0},{"damage":19,"enemies":"Gremlin Nob","floor":11,"turns":4},{"damage":0,"enemies":"2 Fungi Beasts","floor":13,"turns":3},{"damage":33,"enemies":"The Guardian","floor":16,"turns":11},{"damage":9,"enemies":"2 Thieves","floor":18,"turns":4},{"damage":0,"enemies":"Spheric Guardian","floor":19,"turns":3},{"damage":22,"enemies":"Centurion and Healer","floor":20,"turns":6},{"damage":10,"enemies":"Snecko","floor":21,"turns":7},{"damage":6,"enemies":"Gremlin Leader","floor":23,"turns":6},{"damage":17,"enemies":"3 Cultists","floor":28,"turns":5},{"damage":30,"enemies":"Slavers","floor":29,"turns":6},{"damage":0,"enemies":"Cultist and Chosen","floor":30,"turns":3},{"damage":15,"enemies":"Snecko","floor":31,"turns":4},{"damage":33,"enemies":"Champ","floor":33,"turns":11},{"damage":0,"enemies":"3 Shapes","floor":35,"turns":2},{"damage":10,"enemies":"Orb Walker","floor":37,"turns":2},{"damage":12,"enemies":"Maw","floor":38,"turns":8},{"damage":52,"enemies":"Reptomancer","floor":40,"turns":7},{"damage":9,"enemies":"Sphere and 2 Shapes","floor":42,"turns":3},{"damage":25,"enemies":"Spire Growth","floor":44,"turns":4},{"damage":14,"enemies":"Transient","floor":45,"turns":5},{"damage":24,"enemies":"4 Shapes","floor":46,"turns":4},{"damage":12,"enemies":"Sphere and 2 Shapes","floor":47,"turns":4},{"damage":11,"enemies":"Transient","floor":48,"turns":5},{"damage":85,"enemies":"Awakened One","floor":50,"turns":17}],"seed_played":"3220106881815410994","potions_obtained":[{"floor":10.0,"key":"Energy Potion"},{"floor":11,"key":"Energy Potion"},{"floor":16,"key":"Ancient Potion"},{"floor":18,"key":"PowerPotion"},{"floor":29,"key":"LiquidBronze"},{"floor":35,"key":"Dexterity Potion"},{"floor":37,"key":"Poison Potion"},{"floor":38,"key":"Explosive Potion"},{"floor":45,"key":"Ancient Potion"}],"is_trial":false,"path_per_floor":["M","T","M","M","?","R","E","R","T","M","E","$","M","?","R","B",null,"M","M","M","M","$","E","?","R","T","R","M","E","M","M","R","B",null,"M","?","M","M","$","E","R","M","T","M","M","M","M","M","R","B",null],"character_chosen":"IRONCLAD","items_purchased":["Finesse","Metallicize","Bandage Up","Shrug It Off","Strawberry"],"campfire_rested":3,"item_purchase_floors":[12,12,22,22,39],"current_hp_per_floor":[80,80,80,80,60,60,44,44,44,38,25,25,31,57,80,53,80,77,80,64,60,60,64,64,64,64,64,59,41,47,44,68,47,80,80,80,79,77,84,44,62,59,59,46,44,35,32,33,82,12],"gold":243,"neow_bonus":"","is_prod":false,"is_daily":false,"chose_seed":false,"campfire_upgraded":2,"win_rate":0.0,"timestamp":1568836816,"path_taken":["M","?","M","M","?","R","E","R","T","?","E","$","M","?","R","BOSS","M","M","M","M","$","E","?","R","T","R","M","E","M","M","R","BOSS","M","?","M","M","$","E","R","M","T","M","M","M","M","M","R","BOSS"],"build_version":"2019-07-17","purchased_purges":3,"victory":true,"max_hp_per_floor":[80,80,80,80,80,80,80,80,80,80,80,80,80,80,80,80,80,80,80,80,80,80,80,80,80,80,80,80,80,80,80,80,80,80,80,80,83,83,90,90,90,90,90,90,90,93,96,96,96,99],"card_choices":[{"not_picked":["Twin Strike","Sword Boomerang"],"picked":"Metallicize","floor":1.0},{"not_picked":["Perfected Strike","Warcry"],"picked":"Twin Strike","floor":3.0},{"not_picked":["Warcry","True Grit"],"picked":"Cleave","floor":4.0},{"not_picked":["Flex","Thunderclap"],"picked":"Sever Soul","floor":7.0},{"not_picked":["Body Slam","Second Wind"],"picked":"Cleave","floor":10.0},{"not_picked":["Thunderclap","Bloodletting"],"picked":"Carnage","floor":11},{"not_picked":["Flex","Power Through"],"picked":"Flame Barrier","floor":13},{"not_picked":["Bludgeon","Juggernaut"],"picked":"Barricade","floor":16},{"not_picked":["Rupture","Thunderclap+1"],"picked":"Pummel+1","floor":18},{"not_picked":["Body Slam","Shockwave"],"picked":"Armaments","floor":19},{"not_picked":["Cleave","Entrench"],"picked":"Anger+1","floor":20},{"not_picked":["Cleave","Flex+1"],"picked":"True Grit","floor":21},{"not_picked":["Infernal Blade","Flame Barrier"],"picked":"Rage","floor":23},{"not_picked":["Second Wind+1","Warcry"],"picked":"Clash","floor":28},{"not_picked":["Clash","Warcry"],"picked":"Rampage","floor":29},{"not_picked":["Disarm+1","Second Wind"],"picked":"Fiend Fire","floor":30},{"not_picked":["Warcry","Sword Boomerang","Second Wind"],"picked":"SKIP","floor":31},{"not_picked":["Dark Embrace+1","Berserk+1"],"picked":"Feed","floor":33},{"not_picked":["Armaments","Anger"],"picked":"Headbutt","floor":35},{"not_picked":["Feel No Pain+1","Reckless Charge"],"picked":"Clothesline+1","floor":37},{"not_picked":["Bloodletting+1","Body Slam+1"],"picked":"Dual Wield+1","floor":38},{"not_picked":["Thunderclap","Armaments"],"picked":"Battle Trance+1","floor":40},{"not_picked":["Headbutt","Body Slam"],"picked":"Dual Wield+1","floor":42},{"not_picked":["Burning Pact+1","Anger"],"picked":"Pummel+1","floor":44},{"not_picked":["Clothesline","Seeing Red+1"],"picked":"Sever Soul+1","floor":45},{"not_picked":["Sword Boomerang+1","Anger"],"picked":"Body Slam+1","floor":46},{"not_picked":["True Grit","Cleave+1"],"picked":"Power Through+1","floor":47},{"not_picked":["Warcry+1","True Grit+1"],"picked":"Perfected Strike","floor":48}],"player_experience":0,"relics_obtained":[{"floor":2.0,"key":"Girya"},{"floor":7.0,"key":"Happy Flower"},{"floor":9.0,"key":"Self Forming Clay"},{"floor":11,"key":"WingedGreaves"},{"floor":23,"key":"War Paint"},{"floor":26,"key":"Frozen Egg 2"},{"floor":29,"key":"Bronze Scales"},{"floor":40,"key":"Gambling Chip"},{"floor":43,"key":"Paper Frog"}],"event_choices":[{"damage_healed":0.0,"max_hp_gain":0.0,"max_hp_loss":0.0,"gold_gain":0.0,"event_name":"Golden Idol","player_choice":"Take Damage","floor":5.0,"gold_loss":0.0,"damage_taken":20.0,"relics_obtained":["Golden Idol"]},{"damage_healed":26,"gold_gain":0,"player_choice":"Banana","damage_taken":0,"max_hp_gain":0,"max_hp_loss":0,"event_name":"Big Fish","floor":14,"gold_loss":0},{"damage_healed":0,"gold_gain":0,"cards_transformed":["Strike_R"],"player_choice":"Transformed","damage_taken":0,"max_hp_gain":0,"max_hp_loss":0,"event_name":"Transmorgrifier","floor":24,"gold_loss":0,"cards_obtained":["Bludgeon"]},{"damage_healed":0,"gold_gain":0,"player_choice":"Ignored","damage_taken":0,"max_hp_gain":0,"max_hp_loss":0,"event_name":"Tomb of Lord Red Mask","floor":36,"gold_loss":0}],"is_beta":false,"boss_relics":[{"not_picked":["Tiny House","Orrery"],"picked":"Velvet Choker"},{"not_picked":["Lizard Tail","Runic Pyramid"],"picked":"Eternal Feather"}],"items_purged_floors":[12,22,39],"is_endless":false,"potions_floor_spawned":[10,11,16,18,19,29,31,35,37,38,45,48],"ascension_level":0}