{"gold_per_floor":[119,119,132,82,95,95,120,120,120,134,147,162,175,50,50,152,152,162,11,25,37,47,77,77,97,97,97,97,113,123,149,149,254,254,271,19,33,50,0,25,25,25,50,50,64,64,418,451,451,451],"floor_reached":50,"playtime":4361,"items_purged":[],"score":621,"play_id":"e68ffa70-d6fa-4266-a79b-36027d2df5a5","local_time":"20190829230556","is_ascension_mode":false,"campfire_choices":[{"data":"Clothesline","floor":6.0,"key":"SMITH"},{"data":"Armaments","floor":15.0,"key":"SMITH"},{"floor":24,"key":"RECALL"},{"floor":32,"key":"REST"},{"data":"1","floor":44,"key":"LIFT"},{"data":"2","floor":46,"key":"LIFT"},{"floor":49,"key":"REST"}],"neow_cost":"CURSE","seed_source_timestamp":0,"circlet_count":0,"master_deck":["Defend_R","Defend_R","Defend_R","Bash","Cleave","Seeing Red","Clothesline+1","Twin Strike","Iron Wave","Pommel Strike","Impervious","Disarm","Pommel Strike","Reckless Charge","Dual Wield","Armaments+1","Pummel","True Grit","Demon Form","Whirlwind","Armaments","Hemokinesis","Shockwave","Hemokinesis","Headbutt+1","Cleave","Bloodletting+1","Second Wind","Bite","Bite","Bite","Bite","Bite","Combust","Impervious","Heavy Blade","Shrug It Off","Immolate","Power Through+1","Shrug It Off","Rage","Feel No Pain","Second Wind+1","Doubt","Mind Blast","Barricade","Warcry+1","Wild Strike","Flex+1"],"special_seed":0,"relics":["Burning Blood","Mango","Prayer Wheel","Magic Flower","Fusion Hammer","PreservedInsect","Meat on the Bone","Shuriken","Incense Burner","Runic Cube","Lantern","Red Mask","Girya","Old Coin","Mercury Hourglass"],"potions_floor_usage":[30,38,47,48,50],"damage_taken":[{"damage":10.0,"enemies":"Jaw Worm","floor":1.0,"turns":5.0},{"damage":5.0,"enemies":"Small Slimes","floor":3.0,"turns":4.0},{"damage":0.0,"enemies":"2 Louse","floor":5.0,"turns":3.0},{"damage":38.0,"enemies":"3 Sentries","floor":7.0,"turns":9.0},{"damage":9.0,"enemies":"2 Fungi Beasts","floor":10.0,"turns":3.0},{"damage":6.0,"enemies":"3 Louse","floor":11.0,"turns":4.0},{"damage":8.0,"enemies":"Gremlin Gang","floor":12.0,"turns":5.0},{"damage":11.0,"enemies":"Large Slime","floor":13.0,"turns":3.0},{"damage":61.0,"enemies":"Slime Boss","floor":16.0,"turns":13.0},{"damage":10.0,"enemies":"Chosen","floor":18.0,"turns":4.0},{"damage":21.0,"enemies":"2 Thieves","floor":20.0,"turns":3.0},{"damage":20.0,"enemies":"Shelled Parasite and Fungi","floor":21.0,"turns":6.0},{"damage":0.0,"enemies":"Centurion and Healer","floor":22.0,"turns":6.0},{"damage":6.0,"enemies":"Gremlin Leader","floor":23.0,"turns":3.0},{"damage":44,"enemies":"Sentry and Sphere","floor":25,"turns":7},{"damage":10,"enemies":"Cultist and Chosen","floor":29,"turns":6},{"damage":23,"enemies":"Centurion and Healer","floor":30,"turns":5},{"damage":21,"enemies":"Slavers","floor":31,"turns":4},{"damage":43,"enemies":"Champ","floor":33,"turns":9},{"damage":16,"enemies":"3 Shapes","floor":35,"turns":3},{"damage":23,"enemies":"Orb Walker","floor":37,"turns":3},{"damage":33,"enemies":"Transient","floor":38,"turns":5},{"damage":58,"enemies":"Giant Head","floor":40,"turns":8},{"damage":8,"enemies":"Jaw Worm Horde","floor":45,"turns":5},{"damage":12,"enemies":"2 Orb Walkers","floor":47,"turns":4},{"damage":38,"enemies":"Nemesis","floor":48,"turns":9},{"damage":91,"enemies":"Donu and Deca","floor":50,"turns":7}],"seed_played":"3174553481207594690","potions_obtained":[{"floor":1.0,"key":"SteroidPotion"},{"floor":13.0,"key":"AttackPotion"},{"floor":16.0,"key":"Strength Potion"},{"floor":18.0,"key":"AttackPotion"},{"floor":23,"key":"SpeedPotion"},{"floor":25,"key":"Ancient Potion"},{"floor":33,"key":"SteroidPotion"},{"floor":45,"key":"AttackPotion"},{"floor":48,"key":"Fruit Juice"}],"is_trial":false,"path_per_floor":["M","?","M","?","M","R","E","?","T","M","M","M","M","$","R","B",null,"M","$","M","M","M","E","R","M","T","?","?","M","M","E","R","B",null,"M","$","M","M","?","E","?","?","T","R","M","R","?","E","R","B"],"character_chosen":"IRONCLAD","items_purchased":["Pummel","True Grit","PreservedInsect","Rage","Feel No Pain","Lantern"],"campfire_rested":2,"item_purchase_floors":[14,14,19,36,36,36],"current_hp_per_floor":[90,95,96,96,99,99,67,67,67,67,70,71,69,69,69,17,99,98,98,86,75,84,87,87,70,70,69,69,69,55,55,69,50,69,62,62,54,54,54,37,69,69,69,69,69,69,69,53,74,0],"gold":451,"neow_bonus":"ONE_RARE_RELIC","is_prod":false,"is_daily":false,"chose_seed":false,"campfire_upgraded":2,"win_rate":0,"timestamp":1567134356,"path_taken":["M","?","M","?","M","R","E","?","T","M","M","M","M","$","R","BOSS","M","$","M","M","M","E","R","M","T","?","?","M","?","E","R","BOSS","M","$","M","M","?","E","?","?","T","R","M","R","?","E","R","BOSS"],"build_version":"2019-07-17","purchased_purges":0,"victory":false,"max_hp_per_floor":[94,99,99,99,99,99,99,99,99,99,99,99,99,99,99,99,99,99,99,99,99,99,99,99,99,99,69,69,69,69,69,69,69,69,69,69,69,69,69,69,69,69,69,69,69,69,69,74,74,74],"card_choices":[{"not_picked":["Iron Wave","Anger"],"picked":"Cleave","floor":1.0},{"not_picked":["Disarm","Intimidate"],"picked":"Seeing Red","floor":3.0},{"not_picked":["Warcry","Battle Trance"],"picked":"Clothesline","floor":5.0},{"not_picked":["Bloodletting","Intimidate"],"picked":"Twin Strike","floor":7.0},{"not_picked":["Evolve","Reckless Charge"],"picked":"Pommel Strike","floor":10.0},{"not_picked":["Disarm","Flex"],"picked":"Impervious","floor":10.0},{"not_picked":["Warcry","Anger"],"picked":"Disarm","floor":11.0},{"not_picked":["Feel No Pain","Ghostly Armor"],"picked":"Pommel Strike","floor":11.0},{"not_picked":["Barricade","True Grit"],"picked":"Reckless Charge","floor":12.0},{"not_picked":["Pommel Strike","Twin Strike"],"picked":"Dual Wield","floor":12.0},{"not_picked":["Feel No Pain","Twin Strike"],"picked":"Armaments","floor":13.0},{"not_picked":["Heavy Blade","Wild Strike","Thunderclap"],"picked":"SKIP","floor":13.0},{"not_picked":["Impervious","Offering"],"picked":"Demon Form","floor":16.0},{"not_picked":["Disarm","Clash"],"picked":"Whirlwind","floor":18.0},{"not_picked":["Seeing Red","Combust","Body Slam+1"],"picked":"SKIP","floor":18.0},{"not_picked":["Wild Strike+1","Perfected Strike"],"picked":"Armaments","floor":20.0},{"not_picked":["Iron Wave","Sever Soul"],"picked":"Hemokinesis","floor":20.0},{"not_picked":["Hemokinesis+1","Cleave"],"picked":"Shockwave","floor":21.0},{"not_picked":["Rampage","Body Slam+1","Dropkick"],"picked":"SKIP","floor":21.0},{"not_picked":["Dual Wield","Rupture"],"picked":"Hemokinesis","floor":22.0},{"not_picked":["Ghostly Armor","Armaments"],"picked":"Headbutt+1","floor":22.0},{"not_picked":["Battle Trance","Clash"],"picked":"Cleave","floor":23},{"not_picked":["Warcry","Dropkick"],"picked":"Bloodletting+1","floor":25},{"not_picked":["Cleave+1","Clash"],"picked":"Second Wind","floor":25},{"not_picked":["Clothesline","Shrug It Off"],"picked":"Combust","floor":29},{"not_picked":["Armaments","Twin Strike+1","Sever Soul"],"picked":"SKIP","floor":29},{"not_picked":["Warcry","Metallicize"],"picked":"Impervious","floor":30},{"not_picked":["Pommel Strike+1","Battle Trance"],"picked":"Heavy Blade","floor":30},{"not_picked":["Heavy Blade","Feed"],"picked":"Shrug It Off","floor":31},{"not_picked":["Double Tap","Feed"],"picked":"Immolate","floor":33},{"not_picked":["Heavy Blade","Clothesline+1"],"picked":"Power Through+1","floor":35},{"not_picked":["Wild Strike+1","Carnage"],"picked":"Shrug It Off","floor":35},{"not_picked":["Twin Strike+1","Warcry+1","Wild Strike"],"picked":"SKIP","floor":37},{"not_picked":["True Grit","Body Slam+1","Clash+1"],"picked":"SKIP","floor":37},{"not_picked":["Sword Boomerang","Twin Strike+1","True Grit+1"],"picked":"SKIP","floor":38},{"not_picked":["Iron Wave","Bloodletting","Clash+1"],"picked":"SKIP","floor":38},{"not_picked":["Thunderclap","Sword Boomerang"],"picked":"Second Wind+1","floor":40},{"not_picked":["Enlightenment","Swift Strike"],"picked":"Mind Blast","floor":42},{"not_picked":["True Grit+1","Cleave+1"],"picked":"Barricade","floor":45},{"not_picked":["Pummel","Reckless Charge"],"picked":"Warcry+1","floor":45},{"not_picked":["Pommel Strike","Thunderclap"],"picked":"Wild Strike","floor":47},{"not_picked":["Feel No Pain+1","Anger+1"],"picked":"Flex+1","floor":48}],"player_experience":46465,"relics_obtained":[{"floor":7.0,"key":"Prayer Wheel"},{"floor":9.0,"key":"Magic Flower"},{"floor":23,"key":"Meat on the Bone"},{"floor":26,"key":"Shuriken"},{"floor":31,"key":"Incense Burner"},{"floor":40,"key":"Girya"},{"floor":47,"key":"Old Coin"},{"floor":48,"key":"Mercury Hourglass"}],"event_choices":[{"damage_healed":0.0,"max_hp_gain":5.0,"max_hp_loss":0.0,"gold_gain":0.0,"event_name":"Big Fish","player_choice":"Donut","floor":2.0,"gold_loss":0.0,"damage_taken":0.0},{"cards_removed":["Doubt"],"damage_healed":0.0,"max_hp_gain":0.0,"max_hp_loss":0.0,"gold_gain":0.0,"event_name":"The Cleric","player_choice":"Card Removal","floor":4.0,"gold_loss":50.0,"damage_taken":0.0},{"damage_healed":0.0,"max_hp_gain":0.0,"max_hp_loss":0.0,"gold_gain":0.0,"cards_transformed":["Strike_R"],"event_name":"Living Wall","player_choice":"Change","floor":8.0,"gold_loss":0.0,"damage_taken":0.0,"cards_obtained":["Iron Wave"]},{"damage_healed":0,"gold_gain":0,"player_choice":"Became a vampire","damage_taken":0,"max_hp_gain":0,"max_hp_loss":30,"event_name":"Vampires","floor":27,"gold_loss":0,"cards_obtained":["Bite","Bite","Bite","Bite","Bite"]},{"cards_removed":["Defend_R"],"damage_healed":0,"gold_gain":0,"player_choice":"Card Removal","damage_taken":0,"max_hp_gain":0,"max_hp_loss":0,"event_name":"Wheel of Change","floor":28,"gold_loss":0},{"damage_healed":0,"gold_gain":0,"player_choice":"Paid","damage_taken":0,"relics_obtained":["Red Mask"],"max_hp_gain":0,"max_hp_loss":0,"event_name":"Tomb of Lord Red Mask","floor":39,"gold_loss":50},{"damage_healed":32,"gold_gain":0,"player_choice":"Heal","damage_taken":0,"max_hp_gain":0,"max_hp_loss":0,"event_name":"MindBloom","floor":41,"gold_loss":0,"cards_obtained":["Doubt"]},{"damage_healed":0,"gold_gain":0,"player_choice":"Memory 1","damage_taken":0,"max_hp_gain":0,"max_hp_loss":0,"event_name":"SensoryStone","floor":42,"gold_loss":0},{"damage_healed":0,"gold_gain":0,"player_choice":"Fight","damage_taken":0,"max_hp_gain":0,"max_hp_loss":0,"event_name":"Mysterious Sphere","floor":47,"gold_loss":0}],"is_beta":false,"boss_relics":[{"not_picked":["Astrolabe","Runic Dome"],"picked":"Fusion Hammer"},{"not_picked":["Velvet Choker","Eternal Feather"],"picked":"Runic Cube"}],"items_purged_floors":[],"is_endless":false,"potions_floor_spawned":[1,13,16,18,23,25,29,33,35,45,48],"killed_by":"Donu and Deca","ascension_level":0}