{"gold_per_floor":[117,127,145,155,155,155,193,193,193,27,50,64,84,118,118,216,216,229,229,248,148,173,241,241,166,212,1,21,42,0,0,0,71,71,89,89,39,56,6,32,32,32,55,73,90,115,126,157,157,157],"floor_reached":51,"playtime":3172,"items_purged":["Strike_B","Strike_B+1","Defend_B+1","Strike_B+1","Defend_B+1"],"score":1371,"play_id":"6defe1da-3e98-4da2-826d-861b21b9d1be","local_time":"20190814235038","is_ascension_mode":true,"campfire_choices":[{"data":"Sunder","floor":6,"key":"SMITH"},{"data":"Go for the Eyes","floor":15,"key":"SMITH"},{"data":"Streamline","floor":24,"key":"SMITH"},{"floor":32,"key":"REST"},{"data":"Buffer","floor":41,"key":"SMITH"},{"floor":49,"key":"REST"}],"neow_cost":"NONE","seed_source_timestamp":221732561446800,"circlet_count":0,"master_deck":["AscendersBane","Defend_B+1","Defend_B+1","Zap","Dualcast","Sunder+1","Ball Lightning","Go for the Eyes+1","Self Repair","Conserve Battery","Compile Driver","Coolheaded","Core Surge","Streamline+1","Darkness","Coolheaded+1","Echo Form","Glacier","Conserve Battery","Buffer+1","Capacitor","Skim+1","Undo","Blizzard","Reinforced Body","Thunder Strike","Sunder+1"],"relics":["Cracked Core","PreservedInsect","Bloody Idol","StoneCalendar","Torii","Incense Burner","Snecko Eye","Tiny Chest","Smiling Mask","Orrery","Bottled Flame","Anchor","Symbiotic Virus","Molten Egg 2"],"potions_floor_usage":[13,16,16,18,22,40,40,46],"damage_taken":[{"damage":0,"enemies":"2 Louse","floor":1,"turns":2},{"damage":7,"enemies":"Jaw Worm","floor":2,"turns":3},{"damage":0,"enemies":"Small Slimes","floor":3,"turns":3},{"damage":3,"enemies":"3 Louse","floor":4,"turns":3},{"damage":16,"enemies":"Gremlin Nob","floor":7,"turns":3},{"damage":1,"enemies":"2 Fungi Beasts","floor":11,"turns":2},{"damage":2,"enemies":"Exordium Thugs","floor":12,"turns":4},{"damage":2,"enemies":"Gremlin Gang","floor":13,"turns":4},{"damage":8,"enemies":"3 Sentries","floor":14,"turns":5},{"damage":5,"enemies":"Hexaghost","floor":16,"turns":7},{"damage":7,"enemies":"2 Thieves","floor":18,"turns":3},{"damage":1,"enemies":"Spheric Guardian","floor":20,"turns":3},{"damage":31,"enemies":"Snake Plant","floor":22,"turns":3},{"damage":0,"enemies":"Gremlin Leader","floor":23,"turns":4},{"damage":23,"enemies":"Shelled Parasite and Fungi","floor":28,"turns":5},{"damage":7,"enemies":"Centurion and Healer","floor":29,"turns":4},{"damage":21,"enemies":"Collector","floor":33,"turns":7},{"damage":1,"enemies":"3 Darklings","floor":35,"turns":6},{"damage":0,"enemies":"3 Shapes","floor":38,"turns":5},{"damage":17,"enemies":"Nemesis","floor":40,"turns":7},{"damage":21,"enemies":"Writhing Mass","floor":44,"turns":7},{"damage":0,"enemies":"Spire Growth","floor":45,"turns":7},{"damage":0,"enemies":"Giant Head","floor":46,"turns":9},{"damage":0,"enemies":"4 Shapes","floor":47,"turns":7},{"damage":58,"enemies":"Reptomancer","floor":48,"turns":8},{"damage":29,"enemies":"Donu and Deca","floor":50,"turns":10}],"seed_played":"-815304822113752899","potions_obtained":[{"floor":1,"key":"SteroidPotion"},{"floor":3,"key":"SmokeBomb"},{"floor":11,"key":"FocusPotion"},{"floor":13,"key":"FocusPotion"},{"floor":16,"key":"Swift Potion"},{"floor":18,"key":"SkillPotion"},{"floor":29,"key":"SpeedPotion"},{"floor":35,"key":"Block Potion"},{"floor":44,"key":"Energy Potion"}],"is_trial":false,"path_per_floor":["M","M","M","M","?","R","E","?","T","$","M","M","M","E","R","B",null,"M","?","M","$","M","E","R","?","T","$","M","M","?","?","R","B",null,"M","?","$","M","$","E","R","$","T","M","M","E","M","E","R","B",null],"character_chosen":"DEFECT","items_purchased":["Self Repair","Conserve Battery","Echo Form","Glacier"],"campfire_rested":2,"item_purchase_floors":[10,10,27,27],"current_hp_per_floor":[64,57,57,54,54,54,38,38,38,38,37,42,47,46,46,48,60,53,53,52,52,21,28,28,28,28,28,12,5,5,5,24,15,52,64,60,60,64,64,64,64,64,64,55,64,64,64,18,37,15],"gold":157,"neow_bonus":"RANDOM_COMMON_RELIC","is_prod":false,"is_daily":false,"chose_seed":false,"campfire_upgraded":4,"win_rate":0,"timestamp":1565841038,"path_taken":["M","M","M","M","?","R","E","?","T","$","M","M","M","E","R","BOSS","M","?","M","$","M","E","R","?","T","$","M","M","?","?","R","BOSS","M","?","$","M","?","E","R","$","T","M","M","E","M","E","R","BOSS"],"build_version":"2019-07-17","purchased_purges":5,"victory":true,"max_hp_per_floor":[71,71,71,71,64,64,64,64,64,64,64,64,64,64,64,64,64,64,64,64,64,64,64,64,64,64,64,64,64,64,64,64,64,64,64,64,64,64,64,64,64,64,64,64,64,64,64,64,64,64],"card_choices":[{"not_picked":["Skim","Heatsinks"],"picked":"Sunder","floor":1},{"not_picked":["Beam Cell","Barrage","Hologram"],"picked":"SKIP","floor":2},{"not_picked":["Turbo","Redo","Reprogram"],"picked":"SKIP","floor":3},{"not_picked":["Rebound","BootSequence"],"picked":"Ball Lightning","floor":4},{"not_picked":["Loop","Redo"],"picked":"Go for the Eyes","floor":7},{"not_picked":["Beam Cell","Leap"],"picked":"Compile Driver","floor":11},{"not_picked":["Consume","Double Energy","Redo"],"picked":"SKIP","floor":12},{"not_picked":["Redo","Rip and Tear"],"picked":"Coolheaded","floor":13},{"not_picked":["Steam Power","FTL","Beam Cell"],"picked":"SKIP","floor":14},{"not_picked":["Machine Learning","Fission"],"picked":"Core Surge","floor":16},{"not_picked":["Compile Driver","Steam"],"picked":"Streamline","floor":18},{"not_picked":["Compile Driver","Storm+1","Static Discharge"],"picked":"SKIP","floor":20},{"not_picked":["Sweeping Beam","Redo"],"picked":"Darkness","floor":22},{"not_picked":["Heatsinks","Steam"],"picked":"Coolheaded+1","floor":23},{"not_picked":["Melter","Compile Driver","Go for the Eyes"],"picked":"SKIP","floor":28},{"not_picked":["Compile Driver","Go for the Eyes"],"picked":"Conserve Battery","floor":29},{"not_picked":["Reboot","Echo Form"],"picked":"Buffer","floor":33},{"not_picked":["Scrape","Cold Snap"],"picked":"Capacitor","floor":34},{"not_picked":["Genetic Algorithm","Tempest"],"picked":"Skim+1","floor":34},{"not_picked":["Conserve Battery","BootSequence+1","Leap"],"picked":"SKIP","floor":35},{"not_picked":["Storm","Hello World","Beam Cell"],"picked":"SKIP","floor":38},{"not_picked":["Go for the Eyes","Cold Snap"],"picked":"Undo","floor":40},{"not_picked":["BootSequence+1","Coolheaded"],"picked":"Blizzard","floor":44},{"not_picked":["Darkness","Redo+1","Rebound"],"picked":"SKIP","floor":45},{"not_picked":["Heatsinks","Compile Driver"],"picked":"Reinforced Body","floor":46},{"not_picked":["Barrage+1","Leap"],"picked":"Thunder Strike","floor":47},{"not_picked":["Streamline","Gash"],"picked":"Sunder","floor":48}],"player_experience":757065,"relics_obtained":[{"floor":7,"key":"StoneCalendar"},{"floor":9,"key":"Torii"},{"floor":14,"key":"Incense Burner"},{"floor":23,"key":"Tiny Chest"},{"floor":26,"key":"Smiling Mask"},{"floor":40,"key":"Bottled Flame"},{"floor":43,"key":"Anchor"},{"floor":46,"key":"Symbiotic Virus"},{"floor":48,"key":"Molten Egg 2"}],"event_choices":[{"damage_healed":0,"gold_gain":0,"player_choice":"Lose Max HP","damage_taken":0,"relics_obtained":["Golden Idol"],"max_hp_gain":0,"max_hp_loss":7,"event_name":"Golden Idol","floor":5,"gold_loss":0},{"damage_healed":0,"gold_gain":0,"player_choice":"Ignored","damage_taken":0,"max_hp_gain":0,"max_hp_loss":0,"event_name":"Shining Light","floor":8,"gold_loss":0},{"damage_healed":0,"gold_gain":0,"player_choice":"Simplicity","damage_taken":0,"max_hp_gain":0,"max_hp_loss":0,"event_name":"Back to Basics","floor":19,"gold_loss":0,"cards_upgraded":["Strike_B","Strike_B","Strike_B","Defend_B","Defend_B","Defend_B","Defend_B"]},{"cards_removed":["Strike_B"],"damage_healed":0,"gold_gain":0,"player_choice":"Gave Gold","damage_taken":0,"max_hp_gain":0,"max_hp_loss":0,"event_name":"Beggar","floor":25,"gold_loss":75},{"damage_healed":0,"gold_gain":0,"player_choice":"Paid Fearfully","damage_taken":0,"max_hp_gain":0,"max_hp_loss":0,"event_name":"Masked Bandits","floor":30,"gold_loss":42},{"damage_healed":0,"gold_gain":0,"player_choice":"Gave Idol","damage_taken":0,"relics_obtained":["Bloody Idol"],"max_hp_gain":0,"max_hp_loss":0,"event_name":"Forgotten Altar","floor":31,"relics_lost":["Golden Idol"],"gold_loss":0},{"damage_healed":0,"gold_gain":0,"player_choice":"Bought 0 Potions","damage_taken":0,"max_hp_gain":0,"max_hp_loss":0,"event_name":"The Woman in Blue","floor":36,"gold_loss":0}],"is_beta":false,"boss_relics":[{"not_picked":["Runic Dome","Calling Bell"],"picked":"Snecko Eye"},{"not_picked":["FrozenCore","Coffee Dripper"],"picked":"Orrery"}],"items_purged_floors":[10,21,27,37,39],"is_endless":false,"potions_floor_spawned":[1,3,11,13,14,16,18,29,35,38,44],"ascension_level":15}