{"gold_per_floor":[119,89,108,108,34,67,67,77,124,124,124,149,166,196,196,274,274,286,300,49,66,66],"floor_reached":22,"playtime":769,"items_purged":["Strike_R+1"],"score":458,"play_id":"ffbe484f-c97f-47cc-8e92-661f83fd6be5","local_time":"20191001220133","is_ascension_mode":true,"campfire_choices":[{"data":"Armaments","floor":7.0,"key":"SMITH"},{"data":"True Grit","floor":10.0,"key":"SMITH"},{"data":"Fire Breathing","floor":15,"key":"SMITH"}],"neow_cost":"NONE","seed_source_timestamp":595451712001400,"circlet_count":0,"master_deck":["AscendersBane","Strike_R+1","Defend_R","Defend_R","Defend_R","Bash","Armaments+1","True Grit+1","Evolve","Thunderclap","Disarm","Fire Breathing+1","Pommel Strike","Offering","Cleave+1","Uppercut+1","Headbutt+1","Shrug It Off","Whirlwind","Inflame"],"special_seed":0,"relics":["Burning Blood","NeowsBlessing","Whetstone","Smiling Mask","Pen Nib","Champion Belt","Astrolabe","Membership Card"],"potions_floor_usage":[16],"damage_taken":[{"damage":0.0,"enemies":"Small Slimes","floor":1.0,"turns":1.0},{"damage":0.0,"enemies":"Cultist","floor":3.0,"turns":1.0},{"damage":0.0,"enemies":"Gremlin Nob","floor":6.0,"turns":1.0},{"damage":0.0,"enemies":"Jaw Worm","floor":8.0,"turns":4.0},{"damage":22.0,"enemies":"Lagavulin","floor":12.0,"turns":8.0},{"damage":37.0,"enemies":"Gremlin Gang","floor":13.0,"turns":7.0},{"damage":17.0,"enemies":"3 Sentries","floor":14.0,"turns":4.0},{"damage":12,"enemies":"Hexaghost","floor":16,"turns":12},{"damage":15,"enemies":"Chosen","floor":18,"turns":4},{"damage":31,"enemies":"2 Thieves","floor":19,"turns":4},{"damage":27,"enemies":"Snake Plant","floor":21,"turns":5},{"damage":16,"enemies":"Sentry and Sphere","floor":22,"turns":2}],"seed_played":"2514313177629264427","potions_obtained":[{"floor":2.0,"key":"EssenceOfSteel"},{"floor":2.0,"key":"EntropicBrew"},{"floor":14,"key":"Regen Potion"},{"floor":16,"key":"FearPotion"},{"floor":19,"key":"Swift Potion"}],"is_trial":false,"path_per_floor":["M","?","M","?","$","E","R","M","T","R","?","E","M","E","R","B",null,"M","M","$","M","M"],"character_chosen":"IRONCLAD","items_purchased":["Evolve","Membership Card","Whirlwind"],"campfire_rested":0,"item_purchase_floors":[5,20,20],"current_hp_per_floor":[74,74,75,68,68,74,74,75,75,75,75,59,28,17,17,26,63,54,29,29,8,0],"gold":66,"neow_bonus":"THREE_ENEMY_KILL","is_prod":false,"is_daily":false,"chose_seed":false,"campfire_upgraded":3,"win_rate":0,"timestamp":1569981693,"path_taken":["M","?","?","?","$","E","R","M","T","R","?","E","M","E","R","BOSS","M","?","$","M","?"],"build_version":"2019-10-01","purchased_purges":1,"victory":false,"max_hp_per_floor":[75,75,75,75,75,75,75,75,75,75,75,75,75,75,75,75,75,75,75,75,75,75],"card_choices":[{"not_picked":["Flex","Searing Blow"],"picked":"Armaments","floor":1.0},{"not_picked":["Clash","Corruption"],"picked":"True Grit","floor":3.0},{"not_picked":["Double Tap","Second Wind"],"picked":"Thunderclap","floor":6.0},{"not_picked":["Evolve","Perfected Strike","Havoc"],"picked":"SKIP","floor":8.0},{"not_picked":["Pommel Strike","Body Slam"],"picked":"Disarm","floor":12.0},{"not_picked":["Rampage","Pommel Strike"],"picked":"Fire Breathing","floor":13.0},{"not_picked":["Metallicize","Wild Strike"],"picked":"Pommel Strike","floor":14},{"not_picked":["Fiend Fire","Brutality"],"picked":"Offering","floor":16},{"not_picked":["Headbutt","Perfected Strike"],"picked":"Shrug It Off","floor":18},{"not_picked":["Carnage","Anger","Hemokinesis"],"picked":"SKIP","floor":19},{"not_picked":["Rampage","Heavy Blade"],"picked":"Inflame","floor":21}],"player_experience":1203357,"relics_obtained":[{"floor":6.0,"key":"Whetstone"},{"floor":9.0,"key":"Smiling Mask"},{"floor":12.0,"key":"Pen Nib"},{"floor":14,"key":"Champion Belt"}],"event_choices":[{"damage_healed":0.0,"max_hp_gain":0.0,"max_hp_loss":0.0,"gold_gain":0.0,"event_name":"The Woman in Blue","player_choice":"Bought 2 Potions","floor":2.0,"gold_loss":0.0,"damage_taken":0.0},{"cards_removed":["Strike_R"],"damage_healed":0.0,"max_hp_gain":0.0,"max_hp_loss":0.0,"gold_gain":0.0,"event_name":"Golden Wing","player_choice":"Card Removal","floor":4.0,"gold_loss":0.0,"damage_taken":7.0},{"damage_healed":0.0,"max_hp_gain":0.0,"max_hp_loss":0.0,"gold_gain":0.0,"event_name":"Lab","player_choice":"Got Potions","floor":11.0,"gold_loss":0.0,"damage_taken":0.0}],"is_beta":true,"boss_relics":[{"not_picked":["Coffee Dripper","Runic Cube"],"picked":"Astrolabe"}],"items_purged_floors":[20],"is_endless":false,"potions_floor_spawned":[3,6,14,16,19,21],"killed_by":"Sentry and Sphere","ascension_level":20}