{"gold_per_floor":[117,129,141,156,167,167,167,15,15,15,47,66,66,101,101,179,179,196,207,20,20],"floor_reached":21,"playtime":706,"items_purged":["Strike_R","Strike_R"],"score":382,"play_id":"849de408-355c-455f-bc2b-f2c4a9479550","local_time":"20190926174740","is_ascension_mode":true,"campfire_choices":[{"data":"Anger","floor":6.0,"key":"SMITH"},{"data":"Armaments","floor":13.0,"key":"SMITH"},{"data":"Fire Breathing","floor":15.0,"key":"SMITH"}],"neow_cost":"NONE","seed_source_timestamp":148273951611600,"circlet_count":0,"master_deck":["AscendersBane","Strike_R","Strike_R","Strike_R","Defend_R","Defend_R","Defend_R","Defend_R","Bash","Anger+1","Shockwave","Fire Breathing+1","Cleave","Feel No Pain+1","Corruption","Feel No Pain","Armaments+1","Offering","Shrug It Off","Sentinel+1","Body Slam","Entrench"],"special_seed":0,"relics":["Burning Blood","Bag of Marbles","Smiling Mask","Bag of Preparation","Philosopher\u0027s Stone"],"potions_floor_usage":[],"damage_taken":[{"damage":4.0,"enemies":"2 Louse","floor":1.0,"turns":3.0},{"damage":7.0,"enemies":"Cultist","floor":2.0,"turns":4.0},{"damage":10.0,"enemies":"Small Slimes","floor":3.0,"turns":3.0},{"damage":24.0,"enemies":"Exordium Thugs","floor":4.0,"turns":6.0},{"damage":15.0,"enemies":"Red Slaver","floor":5.0,"turns":4.0},{"damage":10.0,"enemies":"Lagavulin","floor":11.0,"turns":5.0},{"damage":0.0,"enemies":"Gremlin Gang","floor":12.0,"turns":3.0},{"damage":24.0,"enemies":"Gremlin Nob","floor":14.0,"turns":5.0},{"damage":18.0,"enemies":"Slime Boss","floor":16.0,"turns":8.0},{"damage":24.0,"enemies":"Spheric Guardian","floor":18.0,"turns":4.0},{"damage":18.0,"enemies":"Shell Parasite","floor":19.0,"turns":5.0},{"damage":37,"enemies":"Snake Plant","floor":21,"turns":2}],"seed_played":"149979706777594899","potions_obtained":[{"floor":1.0,"key":"SpeedPotion"},{"floor":2.0,"key":"DuplicationPotion"},{"floor":4.0,"key":"DuplicationPotion"},{"floor":11.0,"key":"DuplicationPotion"},{"floor":18.0,"key":"AttackPotion"}],"is_trial":false,"path_per_floor":["M","M","M","M","M","R","?","$","T","$","E","M","R","E","R","B",null,"M","M","$","M"],"character_chosen":"IRONCLAD","items_purchased":["Corruption","Body Slam","Entrench"],"campfire_rested":0,"item_purchase_floors":[8,20,20],"current_hp_per_floor":[70,69,65,47,38,38,38,38,38,38,34,40,40,22,22,10,59,41,29,29,0],"gold":20,"neow_bonus":"RANDOM_COMMON_RELIC","is_prod":false,"is_daily":false,"chose_seed":false,"campfire_upgraded":3,"win_rate":0,"timestamp":1569534460,"path_taken":["M","M","M","M","M","R","?","$","T","$","E","M","R","E","R","BOSS","M","M","$","?"],"build_version":"2019-09-26","purchased_purges":2,"victory":false,"max_hp_per_floor":[75,75,75,75,75,75,75,75,75,75,75,75,75,75,75,75,75,75,75,75,75],"card_choices":[{"not_picked":["Seeing Red","Perfected Strike"],"picked":"Anger","floor":1.0},{"not_picked":["Rampage","Iron Wave"],"picked":"Shockwave","floor":2.0},{"not_picked":["Armaments","Anger"],"picked":"Fire Breathing","floor":3.0},{"not_picked":["Headbutt","Anger"],"picked":"Cleave","floor":4.0},{"not_picked":["Corruption","Anger"],"picked":"Feel No Pain","floor":5.0},{"not_picked":["Blood for Blood","Rupture"],"picked":"Feel No Pain","floor":11.0},{"not_picked":["Iron Wave","Perfected Strike"],"picked":"Armaments","floor":12.0},{"not_picked":["Clash","Cleave","Armaments"],"picked":"SKIP","floor":14.0},{"not_picked":["Double Tap","Berserk"],"picked":"Offering","floor":16.0},{"not_picked":["Armaments","Sword Boomerang"],"picked":"Shrug It Off","floor":18.0},{"not_picked":["Fire Breathing","Thunderclap"],"picked":"Sentinel+1","floor":19.0}],"player_experience":1138112,"relics_obtained":[{"floor":9.0,"key":"Smiling Mask"},{"floor":11.0,"key":"Bag of Preparation"}],"event_choices":[{"damage_healed":0.0,"max_hp_gain":0.0,"max_hp_loss":0.0,"gold_gain":0.0,"event_name":"Upgrade Shrine","player_choice":"Upgraded","floor":7.0,"gold_loss":0.0,"damage_taken":0.0,"cards_upgraded":["Feel No Pain"]}],"is_beta":true,"boss_relics":[{"not_picked":["Velvet Choker","Astrolabe"],"picked":"Philosopher\u0027s Stone"}],"items_purged_floors":[8,20],"is_endless":false,"potions_floor_spawned":[1,2,4,11,18],"killed_by":"Snake Plant","ascension_level":20}