{"gold_per_floor":[13,13,31,50,50,86,86,27,27,67,85,110,131,44,44,143,143,163,176,101,121,144,184,6,6,53,69,69,102,143,161,161,257,257,281,406,628,644,665,665,709,709,709,748,567,605,623,623,623,623,623],"floor_reached":52,"playtime":2762,"items_purged":["Strike_R","Strike_R"],"score":1984,"play_id":"0c9cda28-e106-4f30-8910-5f232ca12df4","local_time":"20190907010452","is_ascension_mode":true,"campfire_choices":[{"data":"Iron Wave","floor":7.0,"key":"SMITH"},{"data":"Inflame","floor":15.0,"key":"SMITH"},{"data":"Apotheosis","floor":28.0,"key":"SMITH"},{"data":"Demon Form","floor":32.0,"key":"SMITH"},{"data":"True Grit","floor":40.0,"key":"SMITH"},{"data":"Berserk","floor":42.0,"key":"SMITH"},{"data":"True Grit","floor":49,"key":"SMITH"}],"neow_cost":"NO_GOLD","seed_source_timestamp":343025768577500,"circlet_count":0,"master_deck":["AscendersBane","Defend_R","Defend_R","Defend_R","Defend_R","Bash","Carnage+1","Shrug It Off","Thunderclap","Iron Wave+1","Shockwave","Shrug It Off","Clothesline","Inflame+1","Impervious","Fiend Fire","Berserk+1","Sword Boomerang","Spot Weakness","Heavy Blade","Battle Trance","Corruption+1","Apotheosis+1","Demon Form+1","True Grit+1","Shrug It Off","True Grit+1","Warcry+1","Whirlwind","Flame Barrier","Pummel","Burning Pact","True Grit+1"],"special_seed":0,"relics":["Burning Blood","Golden Idol","Torii","Prayer Wheel","Boot","Runic Pyramid","Ice Cream","Pen Nib","Red Mask","Anchor","Cursed Key","Du-Vu Doll","Meat on the Bone","Bag of Preparation","Mercury Hourglass"],"potions_floor_usage":[50,51],"damage_taken":[{"damage":3.0,"enemies":"Small Slimes","floor":1.0,"turns":4.0},{"damage":2.0,"enemies":"Jaw Worm","floor":3.0,"turns":3.0},{"damage":0.0,"enemies":"Cultist","floor":4.0,"turns":2.0},{"damage":3.0,"enemies":"Gremlin Nob","floor":6.0,"turns":3.0},{"damage":38.0,"enemies":"3 Sentries","floor":10.0,"turns":8.0},{"damage":2.0,"enemies":"2 Fungi Beasts","floor":11.0,"turns":4.0},{"damage":2.0,"enemies":"Blue Slaver","floor":12.0,"turns":3.0},{"damage":9.0,"enemies":"Looter","floor":13.0,"turns":3.0},{"damage":10.0,"enemies":"Slime Boss","floor":16.0,"turns":8.0},{"damage":22.0,"enemies":"Shell Parasite","floor":18.0,"turns":3.0},{"damage":11.0,"enemies":"Chosen","floor":19.0,"turns":5.0},{"damage":2.0,"enemies":"Snake Plant","floor":21.0,"turns":4.0},{"damage":16.0,"enemies":"Shelled Parasite and Fungi","floor":22.0,"turns":4.0},{"damage":18.0,"enemies":"Gremlin Leader","floor":23.0,"turns":5.0},{"damage":2.0,"enemies":"Centurion and Healer","floor":27.0,"turns":6.0},{"damage":7.0,"enemies":"Masked Bandits","floor":29.0,"turns":4.0},{"damage":1.0,"enemies":"Book of Stabbing","floor":30.0,"turns":3.0},{"damage":2.0,"enemies":"3 Cultists","floor":31.0,"turns":5.0},{"damage":14.0,"enemies":"Automaton","floor":33.0,"turns":8.0},{"damage":13.0,"enemies":"Orb Walker","floor":35.0,"turns":3.0},{"damage":0.0,"enemies":"Mind Bloom Boss Battle","floor":36.0,"turns":4.0},{"damage":0.0,"enemies":"3 Shapes","floor":38.0,"turns":6.0},{"damage":1.0,"enemies":"Writhing Mass","floor":39.0,"turns":5.0},{"damage":33.0,"enemies":"Reptomancer","floor":41.0,"turns":5.0},{"damage":1,"enemies":"Giant Head","floor":44,"turns":6},{"damage":1,"enemies":"Nemesis","floor":46,"turns":5},{"damage":1,"enemies":"3 Darklings","floor":47,"turns":4},{"damage":8,"enemies":"Awakened One","floor":50,"turns":9},{"damage":11,"enemies":"Donu and Deca","floor":51,"turns":6}],"seed_played":"4306237821247786330","potions_obtained":[{"floor":1.0,"key":"FearPotion"},{"floor":6.0,"key":"Ancient Potion"},{"floor":12.0,"key":"SpeedPotion"},{"floor":13.0,"key":"Energy Potion"},{"floor":21.0,"key":"BloodPotion"},{"floor":23.0,"key":"Energy Potion"},{"floor":27.0,"key":"Strength Potion"},{"floor":30.0,"key":"Strength Potion"},{"floor":35.0,"key":"PowerPotion"},{"floor":39.0,"key":"Dexterity Potion"},{"floor":44,"key":"Block Potion"}],"is_trial":false,"path_per_floor":["M","?","M","M","?","E","R","$","T","E","M","M","M","$","R","B",null,"M","M","$","M","M","E","$","?","T","M","R","?","E","M","R","B",null,"M","?","?","M","M","R","E","R","T","E","$","E","M","?","R","B","B",null],"character_chosen":"IRONCLAD","items_purchased":["Shrug It Off","Fiend Fire","Apotheosis","Pummel"],"campfire_rested":0,"item_purchase_floors":[8,14,24,45],"current_hp_per_floor":[71,68,68,68,68,68,68,68,68,36,40,44,41,41,41,37,60,44,39,39,43,50,38,38,52,52,56,56,55,60,64,64,56,65,58,64,64,68,68,68,41,41,41,46,46,51,56,56,56,54,49],"gold":623,"neow_bonus":"TRANSFORM_TWO_CARDS","is_prod":false,"is_daily":false,"chose_seed":false,"campfire_upgraded":7,"win_rate":0,"timestamp":1567832692,"path_taken":["M","?","M","M","?","E","R","$","T","E","M","M","M","$","R","BOSS","M","M","$","?","M","E","$","?","T","M","R","?","E","M","R","BOSS","M","?","?","M","M","R","E","R","T","E","?","E","M","?","R","BOSS","BOSS"],"build_version":"2019-07-17","purchased_purges":2,"victory":true,"max_hp_per_floor":[75,68,68,68,68,68,68,68,68,68,68,68,68,68,68,68,68,68,68,68,68,68,68,68,68,68,68,68,68,68,68,68,68,68,68,68,68,68,68,68,68,68,68,68,68,68,68,68,68,68,68],"card_choices":[{"not_picked":["Blood for Blood","Iron Wave"],"picked":"Thunderclap","floor":1.0},{"not_picked":["Flex","Sword Boomerang","Bloodletting"],"picked":"SKIP","floor":3.0},{"not_picked":["Perfected Strike","Rupture"],"picked":"Iron Wave","floor":4.0},{"not_picked":["Intimidate","Ghostly Armor"],"picked":"Shockwave","floor":6.0},{"not_picked":["Rupture","Power Through","Perfected Strike"],"picked":"SKIP","floor":10.0},{"not_picked":["Body Slam","Fire Breathing"],"picked":"Clothesline","floor":11.0},{"not_picked":["Anger","Blood for Blood","Sword Boomerang"],"picked":"SKIP","floor":11.0},{"not_picked":["Thunderclap","Cleave"],"picked":"Inflame","floor":12.0},{"not_picked":["Clash","Armaments","Shrug It Off"],"picked":"SKIP","floor":12.0},{"not_picked":["Headbutt","Uppercut"],"picked":"Impervious","floor":13.0},{"not_picked":["Clash","Thunderclap","Rupture"],"picked":"SKIP","floor":13.0},{"not_picked":["Barricade","Juggernaut"],"picked":"Berserk","floor":16.0},{"not_picked":["Headbutt","Rupture"],"picked":"Sword Boomerang","floor":18.0},{"not_picked":["Anger","Cleave"],"picked":"Spot Weakness","floor":18.0},{"not_picked":["Bloodletting+1","Dual Wield","Warcry"],"picked":"SKIP","floor":19.0},{"not_picked":["Sword Boomerang","Barricade","Blood for Blood"],"picked":"SKIP","floor":19.0},{"not_picked":["Body Slam","Spot Weakness"],"picked":"Heavy Blade","floor":21.0},{"not_picked":["Perfected Strike+1","Havoc","Power Through"],"picked":"SKIP","floor":21.0},{"not_picked":["Carnage","Pommel Strike"],"picked":"Battle Trance","floor":22.0},{"not_picked":["Wild Strike","Metallicize","Clash"],"picked":"SKIP","floor":22.0},{"not_picked":["Sentinel+1","Iron Wave"],"picked":"Corruption+1","floor":23.0},{"not_picked":["Armaments","Perfected Strike"],"picked":"Demon Form","floor":27.0},{"not_picked":["Hemokinesis+1","Flex","Bloodletting"],"picked":"SKIP","floor":27.0},{"not_picked":["Armaments","Headbutt"],"picked":"True Grit","floor":29.0},{"not_picked":["Clash","Cleave"],"picked":"Shrug It Off","floor":30.0},{"not_picked":["Clash","Evolve"],"picked":"True Grit+1","floor":31.0},{"not_picked":["Perfected Strike","Thunderclap"],"picked":"Warcry+1","floor":31.0},{"not_picked":["Body Slam","Dropkick"],"picked":"Whirlwind","floor":35.0},{"not_picked":["Havoc","Wild Strike","Iron Wave+1"],"picked":"SKIP","floor":35.0},{"not_picked":["Havoc","Disarm"],"picked":"Flame Barrier","floor":36.0},{"not_picked":["Anger","Cleave","Armaments+1"],"picked":"SKIP","floor":38.0},{"not_picked":["Flex+1","Bloodletting","Flame Barrier"],"picked":"SKIP","floor":38.0},{"not_picked":["Second Wind","Exhume","Clothesline"],"picked":"SKIP","floor":39.0},{"not_picked":["Infernal Blade","Warcry","Headbutt"],"picked":"SKIP","floor":39.0},{"not_picked":["Shrug It Off","Clothesline","Sentinel"],"picked":"SKIP","floor":41.0},{"not_picked":["Seeing Red+1","Twin Strike","Brutality"],"picked":"SKIP","floor":44},{"not_picked":["Carnage","Intimidate","Spot Weakness"],"picked":"SKIP","floor":46},{"not_picked":["Iron Wave","Havoc"],"picked":"Burning Pact","floor":47},{"not_picked":["Clash","Warcry","Perfected Strike"],"picked":"SKIP","floor":47}],"player_experience":995962,"relics_obtained":[{"floor":6.0,"key":"Torii"},{"floor":9.0,"key":"Prayer Wheel"},{"floor":10.0,"key":"Boot"},{"floor":23.0,"key":"Ice Cream"},{"floor":26.0,"key":"Pen Nib"},{"floor":29.0,"key":"Red Mask"},{"floor":30.0,"key":"Anchor"},{"floor":36.0,"key":"Du-Vu Doll"},{"floor":41.0,"key":"Meat on the Bone"},{"floor":44,"key":"Bag of Preparation"},{"floor":46,"key":"Mercury Hourglass"}],"event_choices":[{"damage_healed":0.0,"max_hp_gain":0.0,"max_hp_loss":7.0,"gold_gain":0.0,"event_name":"Golden Idol","player_choice":"Lose Max HP","floor":2.0,"gold_loss":0.0,"damage_taken":0.0,"relics_obtained":["Golden Idol"]},{"damage_healed":0.0,"max_hp_gain":0.0,"max_hp_loss":0.0,"gold_gain":0.0,"event_name":"Upgrade Shrine","player_choice":"Upgraded","floor":5.0,"gold_loss":0.0,"damage_taken":0.0,"cards_upgraded":["Carnage"]},{"damage_healed":14.0,"max_hp_gain":0.0,"max_hp_loss":0.0,"gold_gain":0.0,"event_name":"The Library","player_choice":"Heal","floor":25.0,"gold_loss":0.0,"damage_taken":0.0},{"damage_healed":0.0,"max_hp_gain":0.0,"max_hp_loss":0.0,"gold_gain":0.0,"event_name":"Masked Bandits","player_choice":"Fought Bandits","floor":29.0,"gold_loss":0.0,"damage_taken":0.0},{"damage_healed":0.0,"max_hp_gain":0.0,"max_hp_loss":0.0,"gold_gain":0.0,"event_name":"MindBloom","player_choice":"Fight","floor":36.0,"gold_loss":0.0,"damage_taken":0.0},{"damage_healed":0.0,"max_hp_gain":0.0,"max_hp_loss":0.0,"gold_gain":222.0,"event_name":"Tomb of Lord Red Mask","player_choice":"Wore Mask","floor":37.0,"gold_loss":0.0,"damage_taken":0.0},{"damage_healed":0,"gold_gain":0,"cards_transformed":["Strike_R"],"player_choice":"Transformed","damage_taken":0,"max_hp_gain":0,"max_hp_loss":0,"event_name":"Transmorgrifier","floor":48,"gold_loss":0,"cards_obtained":["True Grit"]}],"is_beta":false,"boss_relics":[{"not_picked":["Calling Bell","Mark of Pain"],"picked":"Runic Pyramid"},{"not_picked":["Snecko Eye","Velvet Choker"],"picked":"Cursed Key"}],"items_purged_floors":[20,45],"is_endless":false,"potions_floor_spawned":[1,6,12,13,16,21,23,27,30,35,39,44],"ascension_level":20}