{"gold_per_floor":[111,126,201,212,230,230,262,262,289,301,335,354,26,44,44,44],"floor_reached":16,"playtime":700,"items_purged":["Strike_B"],"score":213,"play_id":"fad657e6-bee3-4961-aa82-72edda064455","local_time":"20190802095531","is_ascension_mode":true,"campfire_choices":[{"data":"Zap","floor":6,"key":"SMITH"},{"floor":15,"key":"REST"}],"neow_cost":"NONE","seed_source_timestamp":1019846242098000,"circlet_count":0,"master_deck":["AscendersBane","Strike_B","Strike_B","Strike_B","Defend_B","Defend_B","Defend_B","Defend_B","Zap+1","Dualcast","Consume","Ball Lightning","Doom and Gloom","Conserve Battery","Compile Driver","Glacier","Coolheaded","Darkness"],"relics":["Cracked Core","Pear","Frozen Egg 2","Orichalcum","Centennial Puzzle","Blood Vial"],"potions_floor_usage":[7,10,12,16],"damage_taken":[{"damage":0,"enemies":"Small Slimes","floor":1,"turns":2},{"damage":2,"enemies":"Jaw Worm","floor":2,"turns":3},{"damage":3,"enemies":"2 Louse","floor":4,"turns":3},{"damage":7,"enemies":"Red Slaver","floor":5,"turns":4},{"damage":20,"enemies":"Gremlin Nob","floor":7,"turns":4},{"damage":11,"enemies":"Exordium Thugs","floor":10,"turns":3},{"damage":19,"enemies":"3 Sentries","floor":11,"turns":7},{"damage":5,"enemies":"Looter","floor":12,"turns":2},{"damage":5,"enemies":"3 Louse","floor":14,"turns":3},{"damage":34,"enemies":"Slime Boss","floor":16,"turns":14}],"seed_played":"-4270550699816763045","potions_obtained":[{"floor":5,"key":"Block Potion"},{"floor":7,"key":"Fire Potion"},{"floor":11,"key":"Swift Potion"}],"is_trial":false,"path_per_floor":["M","M","?","M","M","R","E","T","T","M","E","M","$","M","R","B"],"character_chosen":"DEFECT","items_purchased":["Coolheaded","Blood Vial","SpeedPotion"],"campfire_rested":1,"item_purchase_floors":[13,13,13],"current_hp_per_floor":[75,73,62,59,52,52,42,42,42,31,12,7,7,4,31,0],"gold":44,"neow_bonus":"TEN_PERCENT_HP_BONUS","is_prod":false,"is_daily":false,"chose_seed":false,"campfire_upgraded":1,"win_rate":0,"timestamp":1564754131,"path_taken":["M","M","?","M","M","R","E","?","T","M","E","M","?","M","R","BOSS"],"build_version":"2019-07-17","purchased_purges":1,"victory":false,"max_hp_per_floor":[82,82,82,82,82,82,92,92,92,92,92,92,92,92,92,92],"card_choices":[{"not_picked":["Hologram","Gash","Rebound"],"picked":"SKIP","floor":1},{"not_picked":["Beam Cell","Steam"],"picked":"Consume","floor":2},{"not_picked":["Aggregate","Stack"],"picked":"Ball Lightning","floor":4},{"not_picked":["Gash","Melter"],"picked":"Doom and Gloom","floor":5},{"not_picked":["Gash","Lockon"],"picked":"Conserve Battery","floor":7},{"not_picked":["Double Energy","Meteor Strike"],"picked":"Compile Driver","floor":10},{"not_picked":["Rebound","Compile Driver","Steam Power"],"picked":"SKIP","floor":11},{"not_picked":["Stack","Leap"],"picked":"Glacier","floor":12},{"not_picked":["Beam Cell","Stack"],"picked":"Darkness","floor":14}],"player_experience":621365,"relics_obtained":[{"floor":7,"key":"Pear"},{"floor":8,"key":"Frozen Egg 2"},{"floor":9,"key":"Orichalcum"},{"floor":11,"key":"Centennial Puzzle"}],"event_choices":[{"damage_healed":0,"gold_gain":75,"player_choice":"Gather Gold","damage_taken":11,"max_hp_gain":0,"max_hp_loss":0,"event_name":"World of Goop","floor":3,"gold_loss":0}],"is_beta":false,"boss_relics":[],"items_purged_floors":[13],"is_endless":false,"potions_floor_spawned":[5,7,11],"killed_by":"Slime Boss","ascension_level":13}