{"gold_per_floor":[115,115,115,115,131,165,188,188,188,46,0,0,74,90,90,179,179,204,85,135,135,35,35,75,75,75,55,0,19,19,34,34,130,130,143,418,210,233,256,256,256],"floor_reached":41,"playtime":1850,"items_purged":["Strike_B","Strike_B","Regret"],"score":821,"play_id":"a9cf01fb-e541-4534-a828-07466d975779","local_time":"20190820135223","is_ascension_mode":true,"campfire_choices":[{"data":"Coolheaded","floor":8.0,"key":"SMITH"},{"data":"Defragment","floor":15.0,"key":"SMITH"},{"data":"Doom and Gloom","floor":23.0,"key":"SMITH"},{"data":"Capacitor","floor":25.0,"key":"SMITH"},{"floor":30.0,"key":"REST"},{"floor":32.0,"key":"REST"},{"data":"Defragment","floor":40.0,"key":"SMITH"}],"neow_cost":"NONE","seed_source_timestamp":68193632818400,"circlet_count":0,"master_deck":["AscendersBane","Strike_B+1","Strike_B","Defend_B","Defend_B","Defend_B","Defend_B","Zap+1","Dualcast","Go for the Eyes+1","Genetic Algorithm","Leap","Coolheaded+1","Doom and Gloom+1","Redo","Defragment+1","Rip and Tear","Machine Learning","Cold Snap","White Noise","Capacitor+1","Conserve Battery","Hologram","Double Energy+1","Buffer","Defragment+1","Skim","White Noise","Capacitor+1"],"special_seed":0,"relics":["FrozenCore","NeowsBlessing","Golden Idol","Mummified Hand","Shuriken","Whetstone","Singing Bowl","Bottled Tornado","Coffee Dripper"],"potions_floor_usage":[],"damage_taken":[{"damage":0.0,"enemies":"Small Slimes","floor":1.0,"turns":1.0},{"damage":0.0,"enemies":"2 Louse","floor":5.0,"turns":1.0},{"damage":0.0,"enemies":"Lagavulin","floor":6.0,"turns":3.0},{"damage":1.0,"enemies":"Jaw Worm","floor":7.0,"turns":4.0},{"damage":34.0,"enemies":"Lagavulin Event","floor":13.0,"turns":6.0},{"damage":0.0,"enemies":"2 Fungi Beasts","floor":14.0,"turns":3.0},{"damage":30.0,"enemies":"Slime Boss","floor":16.0,"turns":8.0},{"damage":3.0,"enemies":"Spheric Guardian","floor":18.0,"turns":5.0},{"damage":33.0,"enemies":"Gremlin Leader","floor":24.0,"turns":7.0},{"damage":2.0,"enemies":"2 Thieves","floor":27.0,"turns":4.0},{"damage":15.0,"enemies":"Centurion and Healer","floor":29.0,"turns":7.0},{"damage":10.0,"enemies":"Shelled Parasite and Fungi","floor":31.0,"turns":9.0},{"damage":33.0,"enemies":"Automaton","floor":33.0,"turns":14.0},{"damage":0.0,"enemies":"Orb Walker","floor":35.0,"turns":5.0},{"damage":9.0,"enemies":"3 Shapes","floor":38.0,"turns":6.0},{"damage":15.0,"enemies":"Transient","floor":39.0,"turns":6.0},{"damage":32,"enemies":"Reptomancer","floor":41,"turns":2}],"seed_played":"-3603250404968806481","potions_obtained":[{"floor":6.0,"key":"Regen Potion"},{"floor":13.0,"key":"SkillPotion"},{"floor":14.0,"key":"Fruit Juice"},{"floor":24.0,"key":"Ancient Potion"},{"floor":27.0,"key":"Weak Potion"},{"floor":31.0,"key":"EssenceOfSteel"},{"floor":38.0,"key":"Poison Potion"}],"is_trial":false,"path_per_floor":["M","?","?","?","M","E","M","R","T","$","?","$","?","M","R","B",null,"M","$","?","?","$","R","E","R","T","M","$","M","R","M","R","B",null,"M","?","$","M","M","R","E"],"character_chosen":"DEFECT","items_purchased":["Doom and Gloom","Redo","White Noise","Conserve Battery","Skim"],"campfire_rested":2,"item_purchase_floors":[10,10,19,28,37],"current_hp_per_floor":[64,64,64,64,64,64,63,63,63,63,63,63,29,34,34,19,57,54,54,54,54,54,54,21,21,21,21,21,6,27,17,38,5,55,55,55,55,46,31,31,0],"gold":256,"neow_bonus":"THREE_ENEMY_KILL","is_prod":false,"is_daily":false,"chose_seed":false,"campfire_upgraded":5,"win_rate":0,"timestamp":1566323543,"path_taken":["M","?","?","?","M","E","M","R","T","$","?","$","?","?","R","BOSS","M","$","?","?","?","R","E","R","T","M","$","M","R","M","R","BOSS","M","?","$","M","M","R","E"],"build_version":"2019-07-17","purchased_purges":3,"victory":false,"max_hp_per_floor":[71,71,64,64,64,64,64,64,64,64,64,64,64,69,69,69,69,69,69,69,69,69,69,69,69,69,71,71,71,71,71,71,71,71,71,71,71,71,71,71,71],"card_choices":[{"not_picked":["Turbo","Steam Power"],"picked":"Go for the Eyes","floor":1.0},{"not_picked":["Gash","Rip and Tear"],"picked":"Genetic Algorithm","floor":5.0},{"not_picked":["Amplify","Gash"],"picked":"Leap","floor":6.0},{"not_picked":["Compile Driver","BootSequence"],"picked":"Coolheaded","floor":7.0},{"not_picked":["Loop","Consume"],"picked":"Defragment","floor":13.0},{"not_picked":["Stack","Aggregate"],"picked":"Rip and Tear","floor":14.0},{"not_picked":["Rainbow","Multi-Cast"],"picked":"Machine Learning","floor":16.0},{"not_picked":["Streamline","Go for the Eyes"],"picked":"Cold Snap","floor":18.0},{"not_picked":["Hologram+1","Sweeping Beam"],"picked":"Capacitor","floor":24.0},{"not_picked":["Sweeping Beam","Hello World","Streamline"],"picked":"Singing Bowl","floor":27.0},{"not_picked":["Heatsinks","Hello World"],"picked":"Hologram","floor":29.0},{"not_picked":["Steam","Chill"],"picked":"Double Energy+1","floor":31.0},{"not_picked":["Reboot","All For One"],"picked":"Buffer","floor":33.0},{"not_picked":["Cold Snap+1","Rebound"],"picked":"Defragment","floor":35.0},{"not_picked":["Coolheaded+1","Streamline"],"picked":"White Noise","floor":38.0},{"not_picked":["White Noise","Loop"],"picked":"Capacitor+1","floor":39.0}],"player_experience":843907,"relics_obtained":[{"floor":6.0,"key":"Mummified Hand"},{"floor":9.0,"key":"Shuriken"},{"floor":13.0,"key":"Whetstone"},{"floor":24.0,"key":"Singing Bowl"},{"floor":26.0,"key":"Bottled Tornado"}],"event_choices":[{"damage_healed":0.0,"max_hp_gain":0.0,"max_hp_loss":0.0,"gold_gain":0.0,"event_name":"Liars Game","player_choice":"Ignored","floor":2.0,"gold_loss":0.0,"damage_taken":0.0},{"damage_healed":0.0,"max_hp_gain":0.0,"max_hp_loss":7.0,"gold_gain":0.0,"event_name":"Golden Idol","player_choice":"Lose Max HP","floor":3.0,"gold_loss":0.0,"damage_taken":0.0,"relics_obtained":["Golden Idol"]},{"damage_healed":0.0,"max_hp_gain":0.0,"max_hp_loss":0.0,"gold_gain":0.0,"event_name":"Living Wall","player_choice":"Grow","floor":4.0,"gold_loss":0.0,"damage_taken":0.0,"cards_upgraded":["Zap"]},{"damage_healed":0.0,"max_hp_gain":0.0,"max_hp_loss":0.0,"gold_gain":0.0,"event_name":"World of Goop","player_choice":"Left Gold","floor":11.0,"gold_loss":46.0,"damage_taken":0.0},{"damage_healed":0.0,"max_hp_gain":0.0,"max_hp_loss":0.0,"gold_gain":0.0,"event_name":"Dead Adventurer","player_choice":"Searched \u00271\u0027 times","floor":13.0,"gold_loss":0.0,"damage_taken":0.0},{"damage_healed":0.0,"max_hp_gain":0.0,"max_hp_loss":0.0,"gold_gain":50.0,"event_name":"Nest","player_choice":"Stole From Cult","floor":20.0,"gold_loss":0.0,"damage_taken":0.0},{"damage_healed":0.0,"max_hp_gain":0.0,"max_hp_loss":0.0,"gold_gain":0.0,"event_name":"Vampires","player_choice":"Ignored","floor":21.0,"gold_loss":0.0,"damage_taken":0.0},{"damage_healed":0.0,"max_hp_gain":0.0,"max_hp_loss":0.0,"gold_gain":275.0,"event_name":"Golden Shrine","player_choice":"Desecrate","floor":36.0,"gold_loss":0.0,"damage_taken":0.0,"cards_obtained":["Regret"]}],"is_beta":false,"boss_relics":[{"not_picked":["Busted Crown","Calling Bell"],"picked":"FrozenCore"},{"not_picked":["Pandora\u0027s Box","Runic Dome"],"picked":"Coffee Dripper"}],"items_purged_floors":[19,22,37],"is_endless":false,"potions_floor_spawned":[6,13,14,24,27,31,38],"killed_by":"Reptomancer","ascension_level":18}