{"gold_per_floor":[117,133,133,144,219,219,230,247,247,282,282,297,315,348,348,449,449,463,478,497,497,497],"floor_reached":22,"playtime":1826,"items_purged":[],"score":220,"play_id":"90566c58-9e14-4449-b6f0-a2b0acd177cb","local_time":"20190922203059","is_ascension_mode":true,"campfire_choices":[{"data":"Spot Weakness","floor":6,"key":"SMITH"},{"floor":11,"key":"REST"},{"data":"Battle Trance","floor":15,"key":"SMITH"}],"neow_cost":"NONE","seed_source_timestamp":848282383595300,"circlet_count":0,"master_deck":["Strike_R","Strike_R","Strike_R","Strike_R","Strike_R","Defend_R","Defend_R","Defend_R","Defend_R","Bash","Spot Weakness+1","Battle Trance+1","Headbutt","Evolve","Barricade+1","Flex+1"],"relics":["Burning Blood","PreservedInsect","Dream Catcher","Pen Nib","Philosopher\u0027s Stone"],"potions_floor_usage":[16,16,16,16,16,16],"damage_taken":[{"damage":12,"enemies":"Jaw Worm","floor":1,"turns":5},{"damage":12,"enemies":"Small Slimes","floor":2,"turns":5},{"damage":1,"enemies":"Cultist","floor":4,"turns":3},{"damage":3,"enemies":"3 Louse","floor":7,"turns":3},{"damage":14,"enemies":"Blue Slaver","floor":8,"turns":4},{"damage":26,"enemies":"3 Sentries","floor":10,"turns":6},{"damage":9,"enemies":"Red Slaver","floor":12,"turns":4},{"damage":35,"enemies":"Gremlin Gang","floor":13,"turns":6},{"damage":6,"enemies":"Gremlin Nob","floor":14,"turns":3},{"damage":45,"enemies":"The Guardian","floor":16,"turns":10},{"damage":40,"enemies":"2 Thieves","floor":18,"turns":4},{"damage":26,"enemies":"Spheric Guardian","floor":19,"turns":5},{"damage":29,"enemies":"Cultist and Chosen","floor":20,"turns":6},{"damage":18,"enemies":"Shelled Parasite and Fungi","floor":22,"turns":2}],"seed_played":"-3028758841146182971","potions_obtained":[{"floor":2,"key":"LiquidBronze"},{"floor":4,"key":"PowerPotion"},{"floor":10,"key":"EntropicBrew"},{"floor":18,"key":"Fire Potion"}],"is_trial":false,"path_per_floor":["M","M","?","M","?","R","M","M","T","E","R","M","M","E","R","B",null,"M","M","M","?","M"],"character_chosen":"IRONCLAD","items_purchased":[],"campfire_rested":1,"item_purchase_floors":[],"current_hp_per_floor":[82,76,64,69,58,58,61,53,53,33,59,56,27,27,27,10,88,54,34,11,11,0],"gold":497,"neow_bonus":"TEN_PERCENT_HP_BONUS","is_prod":false,"is_daily":false,"chose_seed":false,"campfire_upgraded":2,"win_rate":0,"timestamp":1569198659,"path_taken":["M","M","?","M","?","R","M","M","T","E","R","M","M","E","R","BOSS","M","M","M","?","M"],"build_version":"2019-07-17","purchased_purges":0,"victory":false,"max_hp_per_floor":[88,88,88,88,88,88,88,88,88,88,88,88,88,88,88,88,88,88,88,88,88,88],"card_choices":[{"not_picked":["True Grit","Clothesline","Second Wind"],"picked":"SKIP","floor":1},{"not_picked":["Rage","Wild Strike","True Grit"],"picked":"SKIP","floor":2},{"not_picked":["Iron Wave","Cleave"],"picked":"Spot Weakness","floor":4},{"not_picked":["Clothesline","Anger"],"picked":"Battle Trance","floor":7},{"not_picked":["Power Through","Disarm"],"picked":"Headbutt","floor":8},{"not_picked":["Clothesline","Iron Wave","Cleave"],"picked":"SKIP","floor":10},{"not_picked":["Ghostly Armor","Havoc"],"picked":"Evolve","floor":11},{"not_picked":["Pummel","Uppercut","Infernal Blade"],"picked":"SKIP","floor":12},{"not_picked":["Whirlwind","Pommel Strike","Rupture"],"picked":"SKIP","floor":13},{"not_picked":["Dual Wield","Impervious","Berserk"],"picked":"SKIP","floor":14},{"not_picked":["Impervious","Bludgeon"],"picked":"Barricade","floor":16},{"not_picked":["Feel No Pain+1","Warcry","Thunderclap"],"picked":"SKIP","floor":18},{"not_picked":["Seeing Red","Twin Strike"],"picked":"Flex+1","floor":19},{"not_picked":["Armaments","Disarm+1","Rampage"],"picked":"SKIP","floor":20}],"player_experience":60913,"relics_obtained":[{"floor":9,"key":"Dream Catcher"},{"floor":14,"key":"Pen Nib"}],"event_choices":[{"damage_healed":0,"gold_gain":0,"player_choice":"Success","damage_taken":12,"relics_obtained":["PreservedInsect"],"max_hp_gain":0,"max_hp_loss":0,"event_name":"Scrap Ooze","floor":3,"gold_loss":0},{"damage_healed":0,"gold_gain":75,"player_choice":"Gather Gold","damage_taken":11,"max_hp_gain":0,"max_hp_loss":0,"event_name":"World of Goop","floor":5,"gold_loss":0},{"damage_healed":0,"gold_gain":0,"player_choice":"Upgraded","damage_taken":0,"max_hp_gain":0,"max_hp_loss":0,"event_name":"Upgrade Shrine","floor":21,"gold_loss":0,"cards_upgraded":["Barricade"]}],"is_beta":false,"boss_relics":[{"not_picked":["Lizard Tail","Runic Pyramid"],"picked":"Philosopher\u0027s Stone"}],"items_purged_floors":[],"is_endless":false,"potions_floor_spawned":[2,4,10,14,18],"killed_by":"Shelled Parasite and Fungi","ascension_level":2}