{"gold_per_floor":[118,193,213,213,213,213,226,239,265,278,104,104,128,143,143,246,246,260,260,270,270,287,287,300,326,352,368,283,300,200,212,212,308,308,318,334,353,353,49,49,68,68,68,68,102,102,115,132,132,132],"floor_reached":51,"playtime":3353,"items_purged":["Strike_R","Doubt","Bite"],"score":902,"play_id":"cbe7dcb8-6e48-4494-b46c-6ef5c0001881","local_time":"20191006215214","is_ascension_mode":true,"campfire_choices":[{"data":"Iron Wave","floor":6,"key":"SMITH"},{"data":"Body Slam","floor":12,"key":"SMITH"},{"data":"Body Slam","floor":15,"key":"SMITH"},{"data":"Barricade","floor":23,"key":"SMITH"},{"data":"Entrench","floor":32,"key":"SMITH"},{"data":"Secret Technique","floor":40,"key":"SMITH"},{"data":"Juggernaut","floor":42,"key":"SMITH"},{"data":"Shrug It Off","floor":46,"key":"SMITH"},{"data":"Shrug It Off","floor":49,"key":"SMITH"}],"neow_cost":"NONE","seed_source_timestamp":157257743981600,"circlet_count":0,"master_deck":["Defend_R+1","Defend_R","Defend_R","Defend_R","Bash+1","Iron Wave+1","Iron Wave","Body Slam+1","Barricade+1","Shrug It Off+1","Body Slam+1","Entrench+1","Juggernaut+1","Shrug It Off+1","Bite","Bite","Bite","Battle Trance","Shrug It Off+1","Iron Wave+1","Secret Technique+1","Iron Wave","Secret Technique+1"],"relics":["Burning Blood","Bronze Scales","Omamori","Oddly Smooth Stone","Calling Bell","Thread and Needle","Pear","Ancient Tea Set","Strawberry","Pocketwatch","Busted Crown","Darkstone Periapt","Bag of Marbles"],"potions_floor_usage":[10,22,22,41,47,47],"damage_taken":[{"damage":0,"enemies":"2 Louse","floor":1,"turns":3},{"damage":7,"enemies":"Jaw Worm","floor":3,"turns":3},{"damage":0,"enemies":"Cultist","floor":7,"turns":4},{"damage":0,"enemies":"2 Fungi Beasts","floor":8,"turns":4},{"damage":7,"enemies":"3 Louse","floor":10,"turns":8},{"damage":8,"enemies":"Large Slime","floor":14,"turns":6},{"damage":24,"enemies":"The Guardian","floor":16,"turns":9},{"damage":5,"enemies":"Shell Parasite","floor":18,"turns":5},{"damage":0,"enemies":"Chosen","floor":20,"turns":5},{"damage":7,"enemies":"Sentry and Sphere","floor":22,"turns":12},{"damage":20,"enemies":"Snake Plant","floor":24,"turns":5},{"damage":48,"enemies":"Book of Stabbing","floor":25,"turns":7},{"damage":19,"enemies":"Centurion and Healer","floor":27,"turns":9},{"damage":3,"enemies":"Snecko","floor":29,"turns":5},{"damage":5,"enemies":"Shelled Parasite and Fungi","floor":31,"turns":5},{"damage":72,"enemies":"Collector","floor":33,"turns":12},{"damage":6,"enemies":"3 Darklings","floor":35,"turns":6},{"damage":0,"enemies":"Orb Walker","floor":36,"turns":4},{"damage":23,"enemies":"Writhing Mass","floor":37,"turns":3},{"damage":36,"enemies":"3 Darklings","floor":41,"turns":5},{"damage":28,"enemies":"Reptomancer","floor":45,"turns":7},{"damage":8,"enemies":"Sphere and 2 Shapes","floor":47,"turns":7},{"damage":0,"enemies":"Jaw Worm Horde","floor":48,"turns":4},{"damage":17,"enemies":"Awakened One","floor":50,"turns":15}],"seed_played":"8038831096618106390","potions_obtained":[{"floor":7,"key":"GamblersBrew"},{"floor":8,"key":"Regen Potion"},{"floor":14,"key":"SpeedPotion"},{"floor":20,"key":"Regen Potion"},{"floor":27,"key":"SteroidPotion"},{"floor":31,"key":"Swift Potion"},{"floor":33,"key":"Poison Potion"},{"floor":36,"key":"BloodPotion"},{"floor":47,"key":"SteroidPotion"},{"floor":48,"key":"FearPotion"}],"is_trial":false,"path_per_floor":["M","?","M","?","?","R","M","M","T","M","$","R","T","M","R","B",null,"M","?","M","?","M","R","M","E","T","M","?","M","$","M","R","B",null,"M","M","M","?","$","R","M","R","T","?","E","R","M","M","R","B",null],"character_chosen":"IRONCLAD","items_purchased":["Shrug It Off","Body Slam","Secret Technique"],"campfire_rested":0,"item_purchase_floors":[11,11,39],"current_hp_per_floor":[88,77,76,73,55,55,61,67,67,81,81,81,81,79,79,61,98,98,78,86,86,103,103,97,65,72,79,79,86,86,91,91,33,110,110,110,95,95,95,95,100,100,100,100,88,88,94,104,104,95],"gold":132,"neow_bonus":"TEN_PERCENT_HP_BONUS","is_prod":false,"is_daily":false,"chose_seed":false,"campfire_upgraded":9,"win_rate":0,"timestamp":1570413134,"path_taken":["M","?","M","?","?","R","M","M","T","M","$","R","?","?","R","BOSS","M","?","M","?","M","R","M","E","T","M","?","M","$","M","R","BOSS","M","M","M","?","$","R","M","R","T","?","E","R","M","M","R","BOSS"],"build_version":"2019-07-17","purchased_purges":3,"victory":true,"max_hp_per_floor":[88,88,88,88,88,88,88,88,88,88,88,88,88,88,88,88,98,98,103,103,103,103,103,103,103,110,110,110,110,110,110,110,110,110,110,110,110,110,110,110,110,110,110,110,110,110,110,110,110,110],"card_choices":[{"not_picked":["Power Through","Ghostly Armor"],"picked":"Iron Wave","floor":1},{"not_picked":["Carnage","Heavy Blade","Thunderclap"],"picked":"SKIP","floor":3},{"not_picked":["Twin Strike","Sword Boomerang"],"picked":"Iron Wave","floor":7},{"not_picked":["Headbutt","Pommel Strike"],"picked":"Body Slam","floor":8},{"not_picked":["Sentinel","Heavy Blade"],"picked":"Barricade","floor":10},{"not_picked":["True Grit","Pommel Strike"],"picked":"Entrench","floor":14},{"not_picked":["Bludgeon","Feed"],"picked":"Juggernaut","floor":16},{"not_picked":["Sword Boomerang","Blood for Blood+1","Twin Strike"],"picked":"SKIP","floor":18},{"not_picked":["Seeing Red","Sever Soul"],"picked":"Shrug It Off+1","floor":20},{"not_picked":["Shockwave","Bloodletting+1","Perfected Strike"],"picked":"SKIP","floor":22},{"not_picked":["Cleave+1","Heavy Blade","Sword Boomerang+1"],"picked":"SKIP","floor":24},{"not_picked":["Perfected Strike+1","Seeing Red"],"picked":"Battle Trance","floor":25},{"not_picked":["Havoc","Headbutt+1"],"picked":"Shrug It Off","floor":27},{"not_picked":["Armaments","Perfected Strike"],"picked":"Iron Wave+1","floor":29},{"not_picked":["Bludgeon","Headbutt","True Grit"],"picked":"SKIP","floor":31},{"not_picked":["Wild Strike"],"picked":"SKIP","floor":35},{"not_picked":["Pommel Strike+1"],"picked":"SKIP","floor":36},{"not_picked":["Perfected Strike+1"],"picked":"SKIP","floor":37},{"not_picked":[],"picked":"Iron Wave","floor":41},{"not_picked":["Clothesline+1"],"picked":"SKIP","floor":45},{"not_picked":["Uppercut"],"picked":"SKIP","floor":47},{"not_picked":["Hemokinesis+1"],"picked":"SKIP","floor":48}],"player_experience":109005,"relics_obtained":[{"floor":9,"key":"Omamori"},{"floor":13,"key":"Oddly Smooth Stone"},{"floor":17,"key":"Thread and Needle"},{"floor":17,"key":"Pear"},{"floor":17,"key":"Blood Vial"},{"floor":25,"key":"Ancient Tea Set"},{"floor":26,"key":"Strawberry"},{"floor":43,"key":"Darkstone Periapt"},{"floor":45,"key":"Bag of Marbles"}],"event_choices":[{"damage_healed":0,"gold_gain":75,"player_choice":"Gather Gold","damage_taken":11,"max_hp_gain":0,"max_hp_loss":0,"event_name":"World of Goop","floor":2,"gold_loss":0},{"damage_healed":0,"gold_gain":0,"player_choice":"Success","damage_taken":3,"relics_obtained":["Bronze Scales"],"max_hp_gain":0,"max_hp_loss":0,"event_name":"Scrap Ooze","floor":4,"gold_loss":0},{"damage_healed":0,"gold_gain":0,"player_choice":"Entered Light","damage_taken":18,"max_hp_gain":0,"max_hp_loss":0,"event_name":"Shining Light","floor":5,"gold_loss":0,"cards_upgraded":["Defend_R","Bash"]},{"damage_healed":0,"gold_gain":0,"player_choice":"Shed Blood","damage_taken":25,"max_hp_gain":5,"max_hp_loss":0,"event_name":"Forgotten Altar","floor":19,"gold_loss":0},{"damage_healed":0,"gold_gain":0,"player_choice":"Became a vampire (Vial)","damage_taken":0,"max_hp_gain":0,"max_hp_loss":0,"event_name":"Vampires","floor":21,"relics_lost":["Blood Vial"],"gold_loss":0,"cards_obtained":["Bite","Bite","Bite","Bite","Bite"]},{"damage_healed":0,"gold_gain":0,"player_choice":"Obtained Relic","damage_taken":0,"relics_obtained":["Pocketwatch"],"max_hp_gain":0,"max_hp_loss":0,"event_name":"Addict","floor":28,"gold_loss":85},{"cards_removed":["Bite"],"damage_healed":0,"gold_gain":0,"player_choice":"Removed Attack","damage_taken":0,"max_hp_gain":0,"max_hp_loss":0,"event_name":"Falling","floor":38,"gold_loss":0},{"damage_healed":0,"gold_gain":0,"player_choice":"Copied","damage_taken":0,"max_hp_gain":0,"max_hp_loss":0,"event_name":"Duplicator","floor":44,"gold_loss":0,"cards_obtained":["Secret Technique"]}],"is_beta":false,"boss_relics":[{"not_picked":["Velvet Choker","Black Star"],"picked":"Calling Bell"},{"not_picked":["Mark of Pain","Philosopher\u0027s Stone"],"picked":"Busted Crown"}],"items_purged_floors":[11,30,39],"is_endless":false,"potions_floor_spawned":[7,8,14,20,27,31,33,36,47,48],"ascension_level":4}