{"gold_per_floor":[116,116,140,215,3,42,42,42,42,82,105,105,120,144,144,242,242,265,265,286,286,47,85,106,146,215,229,253,267,305,320,320,409,409,428,553,6,65,85,85,100,100,124,140,183,183,218,218,218,218,218],"floor_reached":52,"playtime":2510,"items_purged":["Strike_R"],"score":2064,"play_id":"6c8a2c72-c740-460f-a9ae-be7bf2f83403","local_time":"20191005200303","is_ascension_mode":true,"campfire_choices":[{"data":"Whirlwind","floor":7.0,"key":"SMITH"},{"data":"Clothesline","floor":12.0,"key":"SMITH"},{"data":"Pommel Strike","floor":15.0,"key":"SMITH"},{"data":"Feed","floor":32.0,"key":"SMITH"},{"data":"Double Tap","floor":40.0,"key":"SMITH"},{"data":"Burning Pact","floor":42,"key":"SMITH"},{"data":"Impervious","floor":46,"key":"SMITH"},{"data":"Bash","floor":49,"key":"SMITH"}],"neow_cost":"NONE","seed_source_timestamp":26525085977500,"circlet_count":0,"master_deck":["AscendersBane","Strike_R","Strike_R","Strike_R","Strike_R","Defend_R","Defend_R","Defend_R","Bash+1","Pommel Strike+1","Whirlwind+1","Shrug It Off","Thunderclap","Clothesline+1","Battle Trance+1","Double Tap+1","Impervious+1","Corruption+1","Feed+1","Burning Pact+1","Shrug It Off","Bloodletting+1","Battle Trance+1","Reaper","Armaments+1","True Grit+1","Feel No Pain+1","Spot Weakness+1","Shrug It Off+1","Shrug It Off+1","Anger+1","Demon Form+1"],"special_seed":0,"relics":["Burning Blood","NeowsBlessing","Golden Idol","Chemical X","Incense Burner","Self Forming Clay","Frozen Egg 2","Mercury Hourglass","Coffee Dripper","Akabeko","Shuriken","Toxic Egg 2","Letter Opener","Sozu","Nunchaku","Magic Flower","Ginger","Boot","Bag of Marbles","Blood Vial"],"potions_floor_usage":[51],"damage_taken":[{"damage":0.0,"enemies":"Jaw Worm","floor":1.0,"turns":1.0},{"damage":0.0,"enemies":"Cultist","floor":3.0,"turns":1.0},{"damage":0.0,"enemies":"Gremlin Nob","floor":6.0,"turns":1.0},{"damage":7.0,"enemies":"Lagavulin","floor":10.0,"turns":4.0},{"damage":0.0,"enemies":"Small Slimes","floor":11.0,"turns":1.0},{"damage":1.0,"enemies":"Red Slaver","floor":13.0,"turns":2.0},{"damage":0.0,"enemies":"Large Slime","floor":14.0,"turns":5.0},{"damage":46.0,"enemies":"The Guardian","floor":16.0,"turns":10.0},{"damage":1.0,"enemies":"Chosen","floor":18.0,"turns":3.0},{"damage":0.0,"enemies":"2 Thieves","floor":20.0,"turns":1.0},{"damage":18.0,"enemies":"Book of Stabbing","floor":23.0,"turns":5.0},{"damage":10.0,"enemies":"Cultist and Chosen","floor":24.0,"turns":4.0},{"damage":3.0,"enemies":"Slavers","floor":25.0,"turns":2.0},{"damage":6.0,"enemies":"Centurion and Healer","floor":27.0,"turns":5.0},{"damage":0.0,"enemies":"3 Cultists","floor":28.0,"turns":1.0},{"damage":11.0,"enemies":"Snake Plant","floor":29.0,"turns":2.0},{"damage":18.0,"enemies":"Book of Stabbing","floor":30.0,"turns":4.0},{"damage":0.0,"enemies":"Chosen and Byrds","floor":31.0,"turns":3.0},{"damage":21.0,"enemies":"Champ","floor":33.0,"turns":9.0},{"damage":10.0,"enemies":"3 Shapes","floor":35.0,"turns":7.0},{"damage":6.0,"enemies":"Mind Bloom Boss Battle","floor":36.0,"turns":5.0},{"damage":45.0,"enemies":"2 Orb Walkers","floor":38.0,"turns":5.0},{"damage":26.0,"enemies":"3 Darklings","floor":39.0,"turns":5.0},{"damage":0,"enemies":"Maw","floor":41,"turns":7},{"damage":9,"enemies":"Sphere and 2 Shapes","floor":44,"turns":4},{"damage":0,"enemies":"Nemesis","floor":45,"turns":7},{"damage":11,"enemies":"Giant Head","floor":47,"turns":5},{"damage":45,"enemies":"Donu and Deca","floor":50,"turns":6},{"damage":33,"enemies":"Awakened One","floor":51,"turns":10}],"seed_played":"1384891675018857161","potions_obtained":[{"floor":1.0,"key":"Fire Potion"},{"floor":6.0,"key":"ElixirPotion"},{"floor":11.0,"key":"ElixirPotion"},{"floor":14.0,"key":"Ancient Potion"},{"floor":20.0,"key":"Weak Potion"},{"floor":23.0,"key":"Swift Potion"},{"floor":25.0,"key":"Block Potion"},{"floor":29.0,"key":"Dexterity Potion"},{"floor":31.0,"key":"Block Potion"},{"floor":33.0,"key":"Block Potion"}],"is_trial":false,"path_per_floor":["M","?","M","?","$","E","R","T","T","E","M","R","M","M","R","B",null,"M","?","M","?","$","E","M","E","T","M","M","M","E","M","R","B",null,"M","?","$","?","M","R","M","R","T","M","E","R","E","?","R","B","B",null],"character_chosen":"IRONCLAD","items_purchased":["Shrug It Off","Chemical X","Feed","Burning Pact","Feel No Pain+1","Spot Weakness+1","Shrug It Off+1","Magic Flower"],"campfire_rested":0,"item_purchase_floors":[5,5,22,22,37,37,37,37],"current_hp_per_floor":[74,68,68,57,57,63,63,63,63,62,68,68,68,68,68,28,58,63,63,68,68,68,59,55,61,61,64,70,65,56,62,62,47,72,77,84,84,80,77,77,84,84,84,88,88,88,86,86,86,75,92],"gold":218,"neow_bonus":"THREE_ENEMY_KILL","is_prod":false,"is_daily":false,"chose_seed":false,"campfire_upgraded":8,"win_rate":0,"timestamp":1570320183,"path_taken":["M","?","M","?","?","E","R","?","T","E","M","R","M","M","R","BOSS","M","?","?","?","$","E","M","E","T","M","?","M","E","M","R","BOSS","M","?","$","?","M","R","M","R","T","M","E","R","E","?","R","BOSS","BOSS"],"build_version":"2019-10-04","purchased_purges":1,"victory":true,"max_hp_per_floor":[75,68,68,68,68,68,68,68,68,68,68,68,68,68,68,68,68,68,68,68,68,68,71,71,74,74,77,77,77,80,80,80,80,80,84,84,84,84,84,84,84,84,84,88,88,88,88,88,88,88,92],"card_choices":[{"not_picked":["Intimidate","Headbutt"],"picked":"Pommel Strike","floor":1.0},{"not_picked":["Headbutt","Second Wind"],"picked":"Whirlwind","floor":3.0},{"not_picked":["Havoc","Searing Blow"],"picked":"Thunderclap","floor":6.0},{"not_picked":["Heavy Blade","Dual Wield","Bloodletting"],"picked":"SKIP","floor":10.0},{"not_picked":["Perfected Strike","Hemokinesis"],"picked":"Clothesline","floor":11.0},{"not_picked":["Iron Wave","Reckless Charge","Pummel"],"picked":"SKIP","floor":13.0},{"not_picked":["Body Slam","Disarm"],"picked":"Battle Trance","floor":14.0},{"not_picked":["Brutality+1","Barricade+1"],"picked":"Double Tap","floor":16.0},{"not_picked":["Perfected Strike","Sword Boomerang","Cleave+1"],"picked":"SKIP","floor":18.0},{"not_picked":["Thunderclap","Heavy Blade"],"picked":"Corruption+1","floor":20.0},{"not_picked":["Rage","Searing Blow+1","Anger"],"picked":"SKIP","floor":23.0},{"not_picked":["Evolve+1","Whirlwind","Impervious"],"picked":"SKIP","floor":24.0},{"not_picked":["Combust+1","Battle Trance"],"picked":"Shrug It Off","floor":25.0},{"not_picked":["Heavy Blade","Havoc+1","Corruption+1"],"picked":"SKIP","floor":27.0},{"not_picked":["Entrench+1","Twin Strike+1"],"picked":"Bloodletting+1","floor":28.0},{"not_picked":["Twin Strike","Thunderclap","Pummel"],"picked":"SKIP","floor":29.0},{"not_picked":["Bloodletting+1","Dual Wield+1","Twin Strike"],"picked":"SKIP","floor":30.0},{"not_picked":["Cleave+1","Dual Wield+1"],"picked":"Battle Trance+1","floor":31.0},{"not_picked":["Barricade+1","Feed"],"picked":"Reaper","floor":33.0},{"not_picked":["Corruption+1","Wild Strike+1"],"picked":"Armaments+1","floor":35.0},{"not_picked":["Fire Breathing+1","Body Slam"],"picked":"True Grit+1","floor":36.0},{"not_picked":["Perfected Strike","Power Through+1"],"picked":"Shrug It Off+1","floor":38.0},{"not_picked":["Combust+1","Spot Weakness+1","Body Slam"],"picked":"SKIP","floor":39.0},{"not_picked":["Flex+1","Pommel Strike"],"picked":"Anger+1","floor":41},{"not_picked":["Uppercut","Fire Breathing+1","Flex+1"],"picked":"SKIP","floor":44},{"not_picked":["Flex+1","Uppercut"],"picked":"Demon Form+1","floor":45},{"not_picked":["Armaments+1","Pommel Strike","Wild Strike"],"picked":"SKIP","floor":47}],"player_experience":1230997,"relics_obtained":[{"floor":6.0,"key":"Incense Burner"},{"floor":8.0,"key":"Self Forming Clay"},{"floor":9.0,"key":"Frozen Egg 2"},{"floor":10.0,"key":"Mercury Hourglass"},{"floor":23.0,"key":"Akabeko"},{"floor":25.0,"key":"Shuriken"},{"floor":26.0,"key":"Toxic Egg 2"},{"floor":30.0,"key":"Letter Opener"},{"floor":36.0,"key":"Nunchaku"},{"floor":38.0,"key":"Ginger"},{"floor":43,"key":"Boot"},{"floor":45,"key":"Bag of Marbles"},{"floor":47,"key":"Blood Vial"}],"event_choices":[{"damage_healed":0.0,"max_hp_gain":0.0,"max_hp_loss":7.0,"gold_gain":0.0,"event_name":"Golden Idol","player_choice":"Lose Max HP","floor":2.0,"gold_loss":0.0,"damage_taken":0.0,"relics_obtained":["Golden Idol"]},{"damage_healed":0.0,"max_hp_gain":0.0,"max_hp_loss":0.0,"gold_gain":75.0,"event_name":"World of Goop","player_choice":"Gather Gold","floor":4.0,"gold_loss":0.0,"damage_taken":11.0},{"damage_healed":0.0,"max_hp_gain":0.0,"max_hp_loss":0.0,"gold_gain":0.0,"event_name":"Match and Keep!","player_choice":"1 cards matched","floor":19.0,"gold_loss":0.0,"damage_taken":0.0,"cards_obtained":["Impervious"]},{"damage_healed":0.0,"max_hp_gain":0.0,"max_hp_loss":0.0,"gold_gain":0.0,"event_name":"Upgrade Shrine","player_choice":"Upgraded","floor":21.0,"gold_loss":0.0,"damage_taken":0.0,"cards_upgraded":["Battle Trance"]},{"damage_healed":0.0,"max_hp_gain":0.0,"max_hp_loss":0.0,"gold_gain":0.0,"event_name":"MindBloom","player_choice":"Fight","floor":36.0,"gold_loss":0.0,"damage_taken":0.0},{"damage_healed":0.0,"max_hp_gain":0.0,"max_hp_loss":0.0,"gold_gain":0.0,"event_name":"Mysterious Sphere","player_choice":"Fight","floor":38.0,"gold_loss":0.0,"damage_taken":0.0},{"cards_removed":["Defend_R"],"damage_healed":0,"gold_gain":0,"player_choice":"Removed Skill","damage_taken":0,"max_hp_gain":0,"max_hp_loss":0,"event_name":"Falling","floor":48,"gold_loss":0}],"is_beta":true,"boss_relics":[{"not_picked":["Black Blood","Mark of Pain"],"picked":"Coffee Dripper"},{"not_picked":["Runic Cube","Astrolabe"],"picked":"Sozu"}],"items_purged_floors":[22],"is_endless":false,"potions_floor_spawned":[1,6,11,14,20,23,25,29,31,33,35,36,38,47],"ascension_level":20}