{"gold_per_floor":[209,209,228,228,244,244,255,255,255,255,56,75,90,107,107,209,259,274,113,129,51,51,51,62,80,80,99,99,2,2,16,16,112,112,129,54,64,64,81,81],"floor_reached":40,"playtime":2424,"items_purged":["Normality"],"score":458,"play_id":"0a858c01-4d65-42f7-8f08-3ae9fec8155e","local_time":"20190629133058","is_ascension_mode":true,"campfire_choices":[{"data":"Neutralize","floor":6.0,"key":"SMITH"},{"floor":8.0,"key":"REST"},{"floor":10.0,"key":"RECALL"},{"floor":15.0,"key":"REST"},{"floor":23,"key":"REST"},{"floor":28,"key":"REST"},{"floor":32,"key":"REST"}],"neow_cost":"NONE","seed_source_timestamp":0,"circlet_count":0,"master_deck":["Defend_G+1","Defend_G+1","Defend_G+1","Defend_G+1","Defend_G+1","Strike_G+1","Strike_G+1","Strike_G+1","Strike_G+1","Survivor","Neutralize+1","Flying Knee","Infinite Blades+1","Unload","Sucker Punch","Mind Blast","Expertise","Accuracy","Malaise","Blade Dance","Leg Sweep+1","Infinite Blades","Flash of Steel","Escape Plan","Accuracy","Blade Dance+1","Infinite Blades","Purity","Malaise","Distraction+1","Tools of the Trade","Cloak And Dagger"],"special_seed":0,"relics":["Ring of the Snake","Ginger","Tiny House","Bronze Scales","Philosopher\u0027s Stone"],"potions_floor_usage":[27,33],"damage_taken":[{"damage":11.0,"enemies":"Small Slimes","floor":1.0,"turns":4.0},{"damage":0.0,"enemies":"Cultist","floor":3.0,"turns":4.0},{"damage":4.0,"enemies":"2 Louse","floor":5.0,"turns":3.0},{"damage":19.0,"enemies":"Gremlin Gang","floor":7.0,"turns":5.0},{"damage":23.0,"enemies":"Exordium Thugs","floor":12.0,"turns":6.0},{"damage":16.0,"enemies":"3 Louse","floor":13.0,"turns":3.0},{"damage":1.0,"enemies":"2 Fungi Beasts","floor":14.0,"turns":3.0},{"damage":37.0,"enemies":"Hexaghost","floor":16.0,"turns":12.0},{"damage":27.0,"enemies":"Spheric Guardian","floor":18.0,"turns":5.0},{"damage":28,"enemies":"3 Byrds","floor":20,"turns":6},{"damage":18,"enemies":"Snake Plant","floor":24,"turns":5},{"damage":17,"enemies":"Centurion and Healer","floor":25,"turns":7},{"damage":17,"enemies":"Sentry and Sphere","floor":27,"turns":6},{"damage":18,"enemies":"Snake Plant","floor":31,"turns":4},{"damage":49,"enemies":"Champ","floor":33,"turns":12},{"damage":7,"enemies":"Orb Walker","floor":35,"turns":4},{"damage":51,"enemies":"3 Darklings","floor":37,"turns":6},{"damage":12,"enemies":"4 Shapes","floor":39,"turns":4},{"damage":15,"enemies":"Nemesis","floor":40,"turns":2}],"seed_played":"-5837397327163386514","potions_obtained":[{"floor":2.0,"key":"AttackPotion"},{"floor":2.0,"key":"Weak Potion"},{"floor":2.0,"key":"SteroidPotion"},{"floor":12.0,"key":"EssenceOfSteel"},{"floor":17.0,"key":"SteroidPotion"},{"floor":24,"key":"Regen Potion"},{"floor":31,"key":"PowerPotion"},{"floor":33,"key":"Swift Potion"},{"floor":37,"key":"Regen Potion"}],"is_trial":false,"path_per_floor":["M","?","M","?","M","R","M","R","T","R","$","M","M","M","R","B",null,"M","$","M","$","?","R","M","M","T","M","R","$","?","M","R","B",null,"M","$","M","T","M","E"],"character_chosen":"THE_SILENT","items_purchased":["Mind Blast","Fruit Juice","Infinite Blades","Flash of Steel","Accuracy","FairyPotion"],"campfire_rested":5,"item_purchase_floors":[11,11,19,19,21,29],"current_hp_per_floor":[59,59,59,59,55,55,36,57,57,57,62,39,23,22,44,7,80,53,53,25,25,25,49,31,14,14,6,30,30,30,12,36,8,80,73,73,22,22,10,0],"gold":81,"neow_bonus":"HUNDRED_GOLD","is_prod":false,"is_daily":false,"chose_seed":false,"campfire_upgraded":1,"win_rate":0,"timestamp":1561829458,"path_taken":["M","?","?","?","M","R","?","R","T","R","?","M","M","M","R","BOSS","M","$","M","$","?","R","M","M","T","M","R","$","?","?","R","BOSS","M","?","?","?","M","E"],"build_version":"2019-01-23","purchased_purges":1,"victory":false,"max_hp_per_floor":[70,70,70,70,70,70,70,70,70,70,75,75,75,75,75,75,80,80,80,80,80,80,80,80,80,80,80,80,80,80,80,80,80,80,80,80,80,80,80,80],"card_choices":[{"not_picked":["Underhanded Strike","Acrobatics"],"picked":"Flying Knee","floor":1.0},{"not_picked":["Accuracy","Dodge and Roll"],"picked":"Infinite Blades","floor":3.0},{"not_picked":["Outmaneuver","Blade Dance"],"picked":"Sucker Punch","floor":5.0},{"not_picked":["Underhanded Strike","Acrobatics","Noxious Fumes"],"picked":"SKIP","floor":7.0},{"not_picked":["Deflect","Quick Slash","Backstab"],"picked":"SKIP","floor":12.0},{"not_picked":["Acrobatics","Skewer"],"picked":"Expertise","floor":13.0},{"not_picked":["Eviscerate","Acrobatics"],"picked":"Accuracy","floor":14.0},{"not_picked":["Glass Knife","Night Terror"],"picked":"Malaise","floor":16.0},{"not_picked":["Dagger Throw","Deflect"],"picked":"Blade Dance","floor":17.0},{"not_picked":["Deflect+1","Bouncing Flask+1"],"picked":"Leg Sweep+1","floor":18.0},{"not_picked":["Blur","Skewer+1"],"picked":"Escape Plan","floor":20},{"not_picked":["Quick Slash","Slice","Distraction"],"picked":"SKIP","floor":24},{"not_picked":["Flying Knee","Dagger Throw"],"picked":"Blade Dance+1","floor":25},{"not_picked":["Crippling Poison","Riddle With Holes+1"],"picked":"Infinite Blades","floor":27},{"not_picked":["Flying Knee","Masterful Stab"],"picked":"Distraction+1","floor":31},{"not_picked":["Bullet Time","Malaise"],"picked":"Tools of the Trade","floor":33},{"not_picked":["Bane+1","Sucker Punch+1","Deflect"],"picked":"SKIP","floor":35},{"not_picked":["Deflect","Sucker Punch+1"],"picked":"Cloak And Dagger","floor":37},{"not_picked":["Calculated Gamble+1","Expertise","Reflex+1"],"picked":"SKIP","floor":39}],"player_experience":139002,"relics_obtained":[{"floor":9.0,"key":"Ginger"},{"floor":26,"key":"Bronze Scales"}],"event_choices":[{"damage_healed":0.0,"max_hp_gain":0.0,"max_hp_loss":0.0,"gold_gain":0.0,"event_name":"Lab","player_choice":"Got Potions","floor":2.0,"gold_loss":0.0,"damage_taken":0.0},{"damage_healed":0.0,"max_hp_gain":0.0,"max_hp_loss":0.0,"gold_gain":0.0,"cards_transformed":["Strike_G"],"event_name":"Transmorgrifier","player_choice":"Transformed","floor":4.0,"gold_loss":0.0,"damage_taken":0.0,"cards_obtained":["Unload"]},{"damage_healed":0,"gold_gain":0,"player_choice":"Simplicity","damage_taken":0,"max_hp_gain":0,"max_hp_loss":0,"event_name":"Back to Basics","floor":22,"gold_loss":0,"cards_upgraded":["Defend_G","Defend_G","Defend_G","Defend_G","Defend_G","Strike_G","Strike_G","Strike_G","Strike_G"]},{"damage_healed":0,"gold_gain":0,"player_choice":"3 cards matched","damage_taken":0,"max_hp_gain":0,"max_hp_loss":0,"event_name":"Match and Keep!","floor":30,"gold_loss":0,"cards_obtained":["Normality","Purity","Malaise"]}],"is_beta":false,"boss_relics":[{"not_picked":["HoveringKite","White Beast Statue"],"picked":"Tiny House"},{"not_picked":["Velvet Choker","Pandora\u0027s Box"],"picked":"Philosopher\u0027s Stone"}],"items_purged_floors":[36],"is_endless":false,"potions_floor_spawned":[12,24,31,33,37,39],"killed_by":"Nemesis","ascension_level":4}