{"gold_per_floor":[116,127,52,71,82,82,107,107,107,136,101,101,9,9,9,88,88,103,51,62,81,96,96,109,136,161,172,172,185,24,24,24,24],"floor_reached":33,"playtime":1479,"items_purged":["Strike_R","Strike_R"],"score":540,"play_id":"8a9de5fe-b8e2-43c3-9ff3-5ee9dbeef196","local_time":"20190830230409","is_ascension_mode":true,"campfire_choices":[{"data":"Bash","floor":6.0,"key":"SMITH"},{"data":"Whirlwind","floor":8.0,"key":"SMITH"},{"data":"Spot Weakness","floor":12.0,"key":"SMITH"},{"data":"Thunderclap","floor":15.0,"key":"SMITH"},{"floor":23.0,"key":"REST"},{"floor":28.0,"key":"REST"},{"floor":32.0,"key":"REST"}],"neow_cost":"TEN_PERCENT_HP_LOSS","seed_source_timestamp":0,"circlet_count":0,"master_deck":["AscendersBane","Strike_R","Defend_R","Defend_R","Defend_R","Defend_R","Bash+1","Spot Weakness+1","Whirlwind+1","Battle Trance","Reaper","Thunderclap+1","Good Instincts+1","Dual Wield+1","Offering+1","Clothesline","Armaments+1","Pommel Strike+1","Battle Trance+1","Shockwave+1","Headbutt","Impervious+1","Shrug It Off+1","Flex+1"],"special_seed":0,"relics":["Burning Blood","Smiling Mask","Toxic Egg 2","Nunchaku","Fusion Hammer","Regal Pillow","Boot"],"potions_floor_usage":[],"damage_taken":[{"damage":11.0,"enemies":"Cultist","floor":1.0,"turns":4.0},{"damage":1.0,"enemies":"2 Louse","floor":2.0,"turns":3.0},{"damage":0.0,"enemies":"Small Slimes","floor":4.0,"turns":4.0},{"damage":0.0,"enemies":"Gremlin Gang","floor":5.0,"turns":2.0},{"damage":45.0,"enemies":"Lagavulin","floor":7.0,"turns":7.0},{"damage":20.0,"enemies":"3 Sentries","floor":10.0,"turns":3.0},{"damage":72.0,"enemies":"Slime Boss","floor":16.0,"turns":9.0},{"damage":23.0,"enemies":"2 Thieves","floor":18.0,"turns":3.0},{"damage":7.0,"enemies":"3 Byrds","floor":20.0,"turns":3.0},{"damage":23.0,"enemies":"Snecko","floor":21.0,"turns":5.0},{"damage":10.0,"enemies":"Centurion and Healer","floor":22.0,"turns":6.0},{"damage":15.0,"enemies":"Snake Plant","floor":24.0,"turns":3.0},{"damage":49.0,"enemies":"Book of Stabbing","floor":25.0,"turns":6.0},{"damage":28.0,"enemies":"Sentry and Sphere","floor":27.0,"turns":5.0},{"damage":21.0,"enemies":"Cultist and Chosen","floor":29.0,"turns":5.0},{"damage":124,"enemies":"Automaton","floor":33,"turns":8}],"seed_played":"4871922189160142731","potions_obtained":[{"floor":4.0,"key":"Explosive Potion"},{"floor":5.0,"key":"Block Potion"},{"floor":21.0,"key":"Fire Potion"},{"floor":22.0,"key":"Ancient Potion"},{"floor":24.0,"key":"BloodPotion"},{"floor":25.0,"key":"GamblersBrew"}],"is_trial":false,"path_per_floor":["M","M","$","M","M","R","E","R","T","E","?","R","$","?","R","B",null,"M","$","M","M","M","R","M","E","T","M","R","M","$","?","R","B"],"character_chosen":"IRONCLAD","items_purchased":["Good Instincts+1","Armaments+1","Shrug It Off+1","Flex+1"],"campfire_rested":3,"item_purchase_floors":[13,19,30,30],"current_hp_per_floor":[63,68,68,68,68,68,29,29,29,27,44,44,44,44,44,16,55,50,50,67,66,68,68,59,45,45,23,58,55,55,55,68,0],"gold":24,"neow_bonus":"REMOVE_TWO","is_prod":false,"is_daily":false,"chose_seed":false,"campfire_upgraded":4,"win_rate":0,"timestamp":1567220649,"path_taken":["M","M","$","?","M","R","E","R","T","E","?","R","$","?","R","BOSS","M","$","M","M","?","R","?","E","T","M","R","M","$","?","R","BOSS"],"build_version":"2019-07-17","purchased_purges":2,"victory":false,"max_hp_per_floor":[68,68,68,68,68,68,68,68,68,68,68,68,68,68,68,68,68,68,68,68,68,68,68,68,68,68,68,68,68,68,68,68,68],"card_choices":[{"not_picked":["Shrug It Off","Searing Blow"],"picked":"Spot Weakness","floor":1.0},{"not_picked":["Spot Weakness","Searing Blow"],"picked":"Whirlwind","floor":2.0},{"not_picked":["Ghostly Armor","Havoc","Clash"],"picked":"SKIP","floor":4.0},{"not_picked":["Cleave","Rupture"],"picked":"Battle Trance","floor":5.0},{"not_picked":["Cleave","Havoc"],"picked":"Reaper","floor":7.0},{"not_picked":["Anger","Battle Trance+1"],"picked":"Thunderclap","floor":10.0},{"not_picked":["Barricade","Fiend Fire"],"picked":"Offering+1","floor":16.0},{"not_picked":["Sentinel+1","Metallicize"],"picked":"Clothesline","floor":18.0},{"not_picked":["Rampage","Body Slam+1"],"picked":"Pommel Strike+1","floor":20.0},{"not_picked":["Combust","Twin Strike","Armaments+1"],"picked":"SKIP","floor":21.0},{"not_picked":["Heavy Blade","Hemokinesis"],"picked":"Battle Trance+1","floor":22.0},{"not_picked":["Clash","Flex+1","Dropkick"],"picked":"SKIP","floor":24.0},{"not_picked":["Wild Strike","Sword Boomerang"],"picked":"Shockwave+1","floor":25.0},{"not_picked":["Power Through+1","Body Slam"],"picked":"Headbutt","floor":27.0},{"not_picked":["Clothesline","Wild Strike+1"],"picked":"Impervious+1","floor":29.0}],"player_experience":934385,"relics_obtained":[{"floor":7.0,"key":"Smiling Mask"},{"floor":9.0,"key":"Toxic Egg 2"},{"floor":10.0,"key":"Nunchaku"},{"floor":25.0,"key":"Regal Pillow"},{"floor":26.0,"key":"Boot"}],"event_choices":[{"damage_healed":17.0,"max_hp_gain":0.0,"max_hp_loss":0.0,"gold_gain":0.0,"event_name":"The Cleric","player_choice":"Healed","floor":11.0,"gold_loss":35.0,"damage_taken":0.0},{"damage_healed":0.0,"max_hp_gain":0.0,"max_hp_loss":0.0,"gold_gain":0.0,"event_name":"Match and Keep!","player_choice":"1 cards matched","floor":14.0,"gold_loss":0.0,"damage_taken":0.0,"cards_obtained":["Dual Wield"]}],"is_beta":false,"boss_relics":[{"not_picked":["Coffee Dripper","Snecko Eye"],"picked":"Fusion Hammer"}],"items_purged_floors":[3,30],"is_endless":false,"potions_floor_spawned":[4,5,21,22,24,25],"killed_by":"Automaton","ascension_level":19}