{"gold_per_floor":[116,128,141,156,170,170,199,199,199,226,244,244,279,293,293,366,366,386,386,386,397,432,432,458,473,473,487,487,200,200,200],"floor_reached":31,"playtime":2014,"items_purged":["Strike_R"],"score":526,"play_id":"3d228fb4-7c1e-4b25-ac7f-ecc6e2d2dd3b","local_time":"20191023185430","is_ascension_mode":true,"campfire_choices":[{"data":"Perfected Strike","floor":6.0,"key":"SMITH"},{"data":"Disarm","floor":8.0,"key":"SMITH"},{"data":"Feel No Pain","floor":12.0,"key":"SMITH"},{"data":"Corruption","floor":15.0,"key":"SMITH"},{"data":"Pommel Strike","floor":23,"key":"SMITH"},{"data":"Pommel Strike","floor":28,"key":"SMITH"}],"neow_cost":"NONE","seed_source_timestamp":1151389217443589,"circlet_count":0,"master_deck":["AscendersBane","Strike_R","Strike_R","Strike_R","Defend_R","Defend_R","Defend_R","Defend_R","Bash+1","Pommel Strike+1","Feel No Pain+1","Pommel Strike+1","Perfected Strike+1","Disarm+1","Seeing Red","Corruption+1","Ghostly Armor","Infernal Blade","Demon Form","Rampage","Battle Trance","True Grit","Headbutt+1","Shrug It Off+1"],"special_seed":0,"relics":["Burning Blood","Meat on the Bone","Darkstone Periapt","Ornamental Fan","Lantern","Black Star","Oddly Smooth Stone","Red Mask","Matryoshka","Self Forming Clay","PreservedInsect","Bottled Tornado","PrismaticShard"],"potions_floor_usage":[24,27],"damage_taken":[{"damage":1.0,"enemies":"Cultist","floor":1.0,"turns":3.0},{"damage":7.0,"enemies":"2 Louse","floor":2.0,"turns":3.0},{"damage":4.0,"enemies":"Jaw Worm","floor":3.0,"turns":4.0},{"damage":24.0,"enemies":"Exordium Wildlife","floor":4.0,"turns":5.0},{"damage":6.0,"enemies":"Lots of Slimes","floor":5.0,"turns":5.0},{"damage":10.0,"enemies":"3 Sentries","floor":7.0,"turns":7.0},{"damage":3.0,"enemies":"Gremlin Nob","floor":10.0,"turns":3.0},{"damage":11.0,"enemies":"Looter","floor":11.0,"turns":3.0},{"damage":16.0,"enemies":"3 Sentries","floor":13.0,"turns":5.0},{"damage":4.0,"enemies":"3 Louse","floor":14.0,"turns":4.0},{"damage":45.0,"enemies":"The Guardian","floor":16.0,"turns":11.0},{"damage":5.0,"enemies":"Chosen","floor":18.0,"turns":6.0},{"damage":10,"enemies":"Shell Parasite","floor":21,"turns":5},{"damage":57,"enemies":"Masked Bandits","floor":22,"turns":6},{"damage":13,"enemies":"Book of Stabbing","floor":24,"turns":5},{"damage":28,"enemies":"Sentry and Sphere","floor":25,"turns":8},{"damage":7,"enemies":"Centurion and Healer","floor":27,"turns":6},{"damage":39,"enemies":"Slavers","floor":31,"turns":3}],"seed_played":"7522106007722364515","potions_obtained":[{"floor":2.0,"key":"AttackPotion"},{"floor":3.0,"key":"Fire Potion"},{"floor":5.0,"key":"FearPotion"},{"floor":7.0,"key":"Ancient Potion"},{"floor":11.0,"key":"Fire Potion"},{"floor":18.0,"key":"GamblersBrew"},{"floor":24,"key":"SkillPotion"}],"is_trial":false,"path_per_floor":["M","M","M","M","M","R","E","R","T","E","M","R","E","M","R","B",null,"M","?","?","M","?","R","E","M","T","M","R","$","?","E"],"character_chosen":"IRONCLAD","items_purchased":["PrismaticShard"],"campfire_rested":0,"item_purchase_floors":[29],"current_hp_per_floor":[73,72,74,56,56,56,52,52,52,55,50,50,52,54,54,27,63,64,70,76,72,33,33,38,28,28,39,39,39,39,0],"gold":200,"neow_bonus":"UPGRADE_CARD","is_prod":false,"is_daily":false,"chose_seed":false,"campfire_upgraded":6,"win_rate":0,"timestamp":1571849670,"path_taken":["M","M","M","M","M","R","E","R","T","E","M","R","E","?","R","BOSS","M","?","?","M","?","R","E","M","T","?","R","?","?","E"],"build_version":"2019-07-17","purchased_purges":1,"victory":false,"max_hp_per_floor":[75,75,75,75,75,75,75,75,75,75,75,75,75,75,75,75,75,75,81,87,87,87,87,87,87,87,87,87,87,87,87],"card_choices":[{"not_picked":["Heavy Blade","Rampage"],"picked":"Pommel Strike","floor":1.0},{"not_picked":["Havoc","Hemokinesis","Armaments"],"picked":"SKIP","floor":2.0},{"not_picked":["Pommel Strike","Twin Strike"],"picked":"Feel No Pain","floor":3.0},{"not_picked":["Dropkick","Perfected Strike"],"picked":"Pommel Strike","floor":4.0},{"not_picked":["Berserk","Iron Wave"],"picked":"Perfected Strike","floor":5.0},{"not_picked":["Dropkick","Dual Wield"],"picked":"Disarm","floor":7.0},{"not_picked":["Twin Strike","Sentinel"],"picked":"Seeing Red","floor":10.0},{"not_picked":["Flex","Disarm"],"picked":"Corruption","floor":11.0},{"not_picked":["Hemokinesis","Clothesline"],"picked":"Ghostly Armor","floor":13.0},{"not_picked":["Cleave","Evolve"],"picked":"Infernal Blade","floor":14.0},{"not_picked":["Reaper","Juggernaut"],"picked":"Demon Form","floor":16.0},{"not_picked":["Second Wind","Anger","Flex"],"picked":"SKIP","floor":18.0},{"not_picked":["Body Slam","Headbutt"],"picked":"Battle Trance","floor":21},{"not_picked":["Shockwave","Impervious"],"picked":"True Grit","floor":24},{"not_picked":["Twin Strike","Havoc"],"picked":"Headbutt+1","floor":25},{"not_picked":["Rupture","Havoc"],"picked":"Shrug It Off+1","floor":27}],"player_experience":522941,"relics_obtained":[{"floor":7.0,"key":"Meat on the Bone"},{"floor":9.0,"key":"Darkstone Periapt"},{"floor":10.0,"key":"Ornamental Fan"},{"floor":13.0,"key":"Lantern"},{"floor":22,"key":"Red Mask"},{"floor":24,"key":"Matryoshka"},{"floor":24,"key":"Self Forming Clay"},{"floor":26,"key":"PreservedInsect"},{"floor":26,"key":"Bottled Tornado"}],"event_choices":[{"damage_healed":0.0,"max_hp_gain":0.0,"max_hp_loss":0.0,"gold_gain":0.0,"event_name":"The Mausoleum","player_choice":"Opened","floor":19.0,"gold_loss":0.0,"damage_taken":0.0,"relics_obtained":["Oddly Smooth Stone"],"cards_obtained":["Writhe"]},{"damage_healed":0.0,"max_hp_gain":0.0,"max_hp_loss":0.0,"gold_gain":0.0,"cards_transformed":["Writhe","Strike_R"],"event_name":"Drug Dealer","player_choice":"Became Test Subject","floor":20.0,"gold_loss":0.0,"damage_taken":0.0,"cards_obtained":["Decay","Rampage"]},{"damage_healed":0,"gold_gain":0,"player_choice":"Fought Bandits","damage_taken":0,"max_hp_gain":0,"max_hp_loss":0,"event_name":"Masked Bandits","floor":22,"gold_loss":0},{"cards_removed":["Decay"],"damage_healed":0,"gold_gain":0,"player_choice":"Elegance","damage_taken":0,"max_hp_gain":0,"max_hp_loss":0,"event_name":"Back to Basics","floor":30,"gold_loss":0}],"is_beta":false,"boss_relics":[{"not_picked":["Mark of Pain","Velvet Choker"],"picked":"Black Star"}],"items_purged_floors":[29],"is_endless":false,"potions_floor_spawned":[2,3,5,7,11,18,24],"killed_by":"Slavers","ascension_level":18}