{"gold_per_floor":[119,119,44,55,68,98,98,46,46,74,84,84],"floor_reached":12,"playtime":724,"items_purged":["Strike_R"],"score":97,"play_id":"f767a8a1-6554-47f9-8d24-079962a563fc","local_time":"20190920190255","is_ascension_mode":true,"campfire_choices":[{"data":"Entrench","floor":7,"key":"SMITH"}],"neow_cost":"NONE","seed_source_timestamp":671262490040700,"circlet_count":0,"master_deck":["Strike_R","Strike_R","Strike_R","Strike_R","Defend_R","Defend_R","Defend_R","Defend_R","Bash","Body Slam+1","Entrench+1","Armaments","Reaper"],"relics":["Burning Blood","Champion Belt","Mercury Hourglass","Pear"],"potions_floor_usage":[10,10],"damage_taken":[{"damage":8,"enemies":"Small Slimes","floor":1,"turns":4},{"damage":0,"enemies":"Cultist","floor":4,"turns":4},{"damage":1,"enemies":"Jaw Worm","floor":5,"turns":4},{"damage":55,"enemies":"Gremlin Nob","floor":6,"turns":6},{"damage":26,"enemies":"3 Sentries","floor":10,"turns":6},{"damage":13,"enemies":"2 Fungi Beasts","floor":11,"turns":3},{"damage":14,"enemies":"Gremlin Nob","floor":12,"turns":2}],"seed_played":"3457380572662042279","potions_obtained":[{"floor":5,"key":"Poison Potion"},{"floor":6,"key":"Explosive Potion"},{"floor":11,"key":"EssenceOfSteel"}],"is_trial":false,"path_per_floor":["M","?","$","M","M","E","R","$","T","E","M","E"],"character_chosen":"IRONCLAD","items_purchased":["Armaments"],"campfire_rested":0,"item_purchase_floors":[8],"current_hp_per_floor":[78,78,78,80,80,31,31,31,31,21,14,0],"gold":84,"neow_bonus":"THREE_CARDS","is_prod":false,"is_daily":false,"chose_seed":false,"campfire_upgraded":1,"win_rate":0,"timestamp":1569020575,"path_taken":["M","?","?","M","M","E","R","?","T","E","M","E"],"build_version":"2019-07-17","purchased_purges":1,"victory":false,"max_hp_per_floor":[80,80,80,80,80,80,80,80,80,90,90,90],"card_choices":[{"not_picked":["Pommel Strike","Warcry"],"picked":"Body Slam","floor":0},{"not_picked":["Headbutt","Uppercut","Power Through"],"picked":"SKIP","floor":1},{"not_picked":["Armaments","Inflame"],"picked":"Entrench","floor":4},{"not_picked":["Twin Strike","Feel No Pain","Sword Boomerang"],"picked":"SKIP","floor":5},{"not_picked":["Pommel Strike","Evolve","Heavy Blade"],"picked":"SKIP","floor":6},{"not_picked":["Rupture","Fire Breathing","Intimidate"],"picked":"SKIP","floor":10},{"not_picked":["Perfected Strike","Intimidate"],"picked":"Reaper","floor":11}],"player_experience":42954,"relics_obtained":[{"floor":6,"key":"Champion Belt"},{"floor":9,"key":"Mercury Hourglass"},{"floor":10,"key":"Pear"}],"event_choices":[{"damage_healed":0,"gold_gain":0,"player_choice":"Upgraded","damage_taken":0,"max_hp_gain":0,"max_hp_loss":0,"event_name":"Upgrade Shrine","floor":2,"gold_loss":0,"cards_upgraded":["Body Slam"]}],"is_beta":false,"boss_relics":[],"items_purged_floors":[3],"is_endless":false,"potions_floor_spawned":[5,6,11],"killed_by":"Gremlin Nob","ascension_level":2}