{"gold_per_floor":[109,120,132,148,158,158,190,190,190,209,219,231,231,264,264,365,365,365,188,188,188,188,188,188,188,188,40,40,0,0,0,0,0,0,0,0,0,0,0,0,0,0,0,0,0,0,0,0,0,0],"floor_reached":50,"playtime":3404,"items_purged":["Strike_R"],"score":591,"play_id":"bc0a6c80-a50d-46dc-9b98-97c36d979d76","local_time":"20190904002007","is_ascension_mode":false,"campfire_choices":[{"floor":6,"key":"REST"},{"data":"Armaments","floor":8,"key":"SMITH"},{"floor":15,"key":"REST"},{"data":"Demon Form","floor":23,"key":"SMITH"},{"floor":32,"key":"REST"},{"floor":44,"key":"RECALL"},{"data":"Flame Barrier","floor":49,"key":"SMITH"}],"neow_cost":"NONE","seed_source_timestamp":8685790212899,"circlet_count":0,"master_deck":["Strike_R","Strike_R","Strike_R","Defend_R","Defend_R","Defend_R","Defend_R","Bash","Pommel Strike","Armaments+1","Twin Strike","Shrug It Off","Feed","Spot Weakness","Clothesline","Cleave","Impervious","Demon Form+1","Immolate","Cleave","Uppercut","Metallicize","Headbutt","True Grit+1","Corruption","Reaper","Flame Barrier+1","Impervious","Finesse","Body Slam","Juggernaut","Heavy Blade+1","Warcry+1","Headbutt","Entrench+1","Perfected Strike+1","Exhume"],"relics":["Burning Blood","Regal Pillow","Dodecahedron","Question Card","PreservedInsect","Ectoplasm","Pantograph","Potion Belt","Bag of Preparation","Snecko Eye","Omamori","Red Mask"],"potions_floor_usage":[4,7,14,16,28,37,42,45,50,50,50,50],"damage_taken":[{"damage":1,"enemies":"Cultist","floor":1,"turns":3},{"damage":8,"enemies":"Jaw Worm","floor":2,"turns":3},{"damage":0,"enemies":"Small Slimes","floor":3,"turns":4},{"damage":28,"enemies":"Gremlin Gang","floor":4,"turns":6},{"damage":18,"enemies":"Exordium Thugs","floor":5,"turns":9},{"damage":32,"enemies":"Gremlin Nob","floor":7,"turns":5},{"damage":7,"enemies":"3 Louse","floor":10,"turns":5},{"damage":16,"enemies":"Large Slime","floor":11,"turns":6},{"damage":5,"enemies":"Looter","floor":12,"turns":3},{"damage":30,"enemies":"Lagavulin","floor":14,"turns":7},{"damage":57,"enemies":"Slime Boss","floor":16,"turns":16},{"damage":3,"enemies":"Shell Parasite","floor":18,"turns":5},{"damage":8,"enemies":"3 Byrds","floor":20,"turns":8},{"damage":7,"enemies":"Cultist and Chosen","floor":21,"turns":6},{"damage":21,"enemies":"Centurion and Healer","floor":22,"turns":8},{"damage":32,"enemies":"Book of Stabbing","floor":24,"turns":5},{"damage":26,"enemies":"Sentry and Sphere","floor":25,"turns":6},{"damage":18,"enemies":"Cultist and Chosen","floor":28,"turns":5},{"damage":17,"enemies":"Centurion and Healer","floor":31,"turns":6},{"damage":56,"enemies":"Champ","floor":33,"turns":13},{"damage":0,"enemies":"3 Darklings","floor":35,"turns":3},{"damage":5,"enemies":"3 Shapes","floor":37,"turns":3},{"damage":0,"enemies":"3 Darklings","floor":38,"turns":4},{"damage":0,"enemies":"Sphere and 2 Shapes","floor":39,"turns":4},{"damage":0,"enemies":"Maw","floor":40,"turns":7},{"damage":2,"enemies":"Nemesis","floor":41,"turns":5},{"damage":31,"enemies":"Writhing Mass","floor":42,"turns":6},{"damage":6,"enemies":"Spire Growth","floor":45,"turns":5},{"damage":30,"enemies":"Sphere and 2 Shapes","floor":48,"turns":6},{"damage":152,"enemies":"Awakened One","floor":50,"turns":13}],"seed_played":"-6512400522276025933","potions_obtained":[{"floor":3,"key":"Energy Potion"},{"floor":5,"key":"LiquidBronze"},{"floor":7,"key":"FearPotion"},{"floor":10,"key":"GamblersBrew"},{"floor":14,"key":"EssenceOfSteel"},{"floor":16,"key":"SpeedPotion"},{"floor":20,"key":"Poison Potion"},{"floor":21,"key":"AttackPotion"},{"floor":31,"key":"Regen Potion"},{"floor":35,"key":"SteroidPotion"},{"floor":38,"key":"SteroidPotion"},{"floor":40,"key":"EssenceOfSteel"},{"floor":42,"key":"Explosive Potion"}],"is_trial":false,"path_per_floor":["M","M","M","M","M","R","E","R","T","M","M","M","?","E","R","B",null,"M","$","M","M","M","R","E","M","T","$","M","?","?","M","R","B",null,"M","$","M","M","M","M","E","M","T","R","M","?","?","M","R","B"],"character_chosen":"IRONCLAD","items_purchased":["Uppercut","Metallicize","Bag of Preparation"],"campfire_rested":3,"item_purchase_floors":[19,19,27],"current_hp_per_floor":[80,78,80,58,46,80,54,54,54,56,50,54,54,34,77,29,97,97,97,98,97,85,85,59,39,39,39,35,35,35,27,73,65,106,106,106,109,109,109,112,112,90,90,90,90,90,90,84,84,0],"gold":0,"neow_bonus":"RANDOM_COMMON_RELIC","is_prod":false,"is_daily":false,"chose_seed":false,"campfire_upgraded":3,"win_rate":0,"timestamp":1567570807,"path_taken":["M","M","?","M","?","R","E","R","T","M","M","M","?","E","R","BOSS","M","$","M","?","M","R","E","?","T","?","M","?","?","M","R","BOSS","M","?","?","M","M","M","E","M","T","R","M","?","?","M","R","BOSS"],"build_version":"2019-07-17","purchased_purges":1,"victory":false,"max_hp_per_floor":[80,80,80,80,80,80,80,80,80,83,87,90,90,94,94,97,97,97,97,100,100,103,103,103,103,103,103,103,103,103,106,106,106,106,106,106,109,109,109,112,112,112,112,112,112,106,106,109,109,109],"card_choices":[{"not_picked":["Twin Strike","Bloodletting"],"picked":"Pommel Strike","floor":1},{"not_picked":["Headbutt","Pummel"],"picked":"Armaments","floor":2},{"not_picked":["Pommel Strike","Flex"],"picked":"Twin Strike","floor":3},{"not_picked":["Heavy Blade","Iron Wave"],"picked":"Shrug It Off","floor":4},{"not_picked":["Wild Strike","Armaments"],"picked":"Feed","floor":5},{"not_picked":["Burning Pact","Fire Breathing"],"picked":"Spot Weakness","floor":7},{"not_picked":["Entrench","Anger","Pommel Strike"],"picked":"Clothesline","floor":10},{"not_picked":["Thunderclap","Armaments","Pommel Strike"],"picked":"Cleave","floor":11},{"not_picked":["Sword Boomerang","Pommel Strike","Entrench"],"picked":"Impervious","floor":12},{"not_picked":["Clothesline","Sword Boomerang","Flex"],"picked":"Demon Form","floor":14},{"not_picked":["Demon Form","Exhume","Dark Embrace"],"picked":"Immolate","floor":16},{"not_picked":["Reckless Charge","Pommel Strike","Body Slam"],"picked":"Cleave","floor":18},{"not_picked":["Thunderclap","Anger+1","Evolve"],"picked":"Headbutt","floor":20},{"not_picked":["Shrug It Off","Inflame","Fire Breathing"],"picked":"True Grit+1","floor":21},{"not_picked":["Infernal Blade+1","Dropkick","Whirlwind"],"picked":"Corruption","floor":22},{"not_picked":["Evolve","Iron Wave","Fire Breathing+1"],"picked":"Reaper","floor":24},{"not_picked":["Blood for Blood","Hemokinesis","Thunderclap+1","Armaments"],"picked":"SKIP","floor":25},{"not_picked":["Flex","Carnage","Heavy Blade"],"picked":"Flame Barrier","floor":28},{"not_picked":["Wild Strike+1","Blood for Blood+1","Combust"],"picked":"Body Slam","floor":31},{"not_picked":["Berserk","Fiend Fire","Double Tap"],"picked":"Juggernaut","floor":33},{"not_picked":["True Grit","Bloodletting+1","Sword Boomerang+1"],"picked":"Heavy Blade+1","floor":35},{"not_picked":["Rampage+1","Dual Wield","Flex+1","Metallicize+1"],"picked":"SKIP","floor":37},{"not_picked":["Pummel","Power Through+1","Blood for Blood","Iron Wave+1"],"picked":"SKIP","floor":38},{"not_picked":["Flex+1","Wild Strike+1","Sword Boomerang"],"picked":"Warcry+1","floor":39},{"not_picked":["Exhume","Clash","Thunderclap+1"],"picked":"Headbutt","floor":40},{"not_picked":["Wild Strike+1","Whirlwind","Heavy Blade"],"picked":"Entrench+1","floor":41},{"not_picked":["Armaments","Clash+1","Second Wind+1","Sever Soul+1"],"picked":"SKIP","floor":42},{"not_picked":["Havoc+1","Twin Strike","Headbutt"],"picked":"Perfected Strike+1","floor":45},{"not_picked":["True Grit","Pommel Strike+1","Intimidate"],"picked":"Exhume","floor":48}],"player_experience":67352,"relics_obtained":[{"floor":7,"key":"Dodecahedron"},{"floor":9,"key":"Question Card"},{"floor":14,"key":"PreservedInsect"},{"floor":24,"key":"Pantograph"},{"floor":26,"key":"Potion Belt"},{"floor":41,"key":"Omamori"}],"event_choices":[{"cards_removed":["Strike_R"],"damage_healed":0,"gold_gain":0,"player_choice":"Purged","damage_taken":0,"max_hp_gain":0,"max_hp_loss":0,"event_name":"Purifier","floor":13,"gold_loss":0},{"damage_healed":0,"gold_gain":0,"player_choice":"Paid Fearfully","damage_taken":0,"max_hp_gain":0,"max_hp_loss":0,"event_name":"Masked Bandits","floor":29,"gold_loss":40},{"damage_healed":0,"gold_gain":0,"player_choice":"2 cards matched","damage_taken":0,"max_hp_gain":0,"max_hp_loss":0,"event_name":"Match and Keep!","floor":30,"gold_loss":0,"cards_obtained":["Impervious","Finesse"]},{"damage_healed":0,"gold_gain":0,"player_choice":"Max HP","damage_taken":0,"max_hp_gain":0,"max_hp_loss":6,"event_name":"Winding Halls","floor":46,"gold_loss":0},{"damage_healed":0,"gold_gain":0,"player_choice":"Paid","damage_taken":0,"relics_obtained":["Red Mask"],"max_hp_gain":0,"max_hp_loss":0,"event_name":"Tomb of Lord Red Mask","floor":47,"gold_loss":0}],"is_beta":false,"boss_relics":[{"not_picked":["Eternal Feather","Orrery"],"picked":"Ectoplasm"},{"not_picked":["Cursed Key","Tiny House"],"picked":"Snecko Eye"}],"items_purged_floors":[19],"is_endless":false,"potions_floor_spawned":[3,5,7,10,14,16,20,21,31,35,38,40,42],"killed_by":"Awakened One","ascension_level":0}