{"gold_per_floor":[110,33,47,58,58,88,88,113,113,130,5,5,22,42,42,147,147,163,177,177,188,26,55,67,89,101,113,139,180,192,224,236,345,357,386,17,17,27,40,40],"floor_reached":40,"playtime":2749,"items_purged":["Pain","Strike_P"],"score":613,"play_id":"fb68c39d-1b06-4d1b-a812-16173cc42371","local_time":"20190929194148","is_ascension_mode":true,"campfire_choices":[{"data":"MentalFortress","floor":7.0,"key":"SMITH"},{"data":"Consecrate","floor":12.0,"key":"SMITH"},{"data":"CutThroughFate","floor":15.0,"key":"SMITH"},{"data":"Consecrate","floor":24.0,"key":"SMITH"},{"data":"Evaluate","floor":27,"key":"SMITH"},{"data":"SashWhip","floor":30,"key":"SMITH"},{"data":"Establishment","floor":32,"key":"SMITH"}],"neow_cost":"NONE","seed_source_timestamp":0,"circlet_count":0,"master_deck":["Strike_P","Strike_P","Strike_P","Defend_P","Defend_P","Defend_P","Eruption+1","Vigilance","DeceiveReality","MentalFortress+1","EmptyBody","Consecrate+1","CutThroughFate+1","Crescendo","EmptyFist","Evaluate+1","Sanctity","Establishment+1","JustLucky+1","BowlingBash+1","Consecrate+1","Blind","Protect","InnerPeace","SashWhip+1","Consecrate","FollowUp","Ragnarok+1","Consecrate+1","Tantrum","Impatience","MasterReality","Meditate+1"],"special_seed":0,"relics":["PureWater","Bottled Tornado","Eternal Feather","Yang","SlaversCollar","WarpedTongs","MawBank","Shuriken","Sozu","OrangePellets"],"potions_floor_usage":[39,39],"damage_taken":[{"damage":1.0,"enemies":"Small Slimes","floor":1.0,"turns":4.0},{"damage":0.0,"enemies":"2 Louse","floor":3.0,"turns":2.0},{"damage":0.0,"enemies":"Cultist","floor":4.0,"turns":2.0},{"damage":23.0,"enemies":"3 Sentries","floor":6.0,"turns":12.0},{"damage":30.0,"enemies":"Lagavulin","floor":8.0,"turns":8.0},{"damage":0.0,"enemies":"Lots of Slimes","floor":10.0,"turns":3.0},{"damage":5.0,"enemies":"Large Slime","floor":13.0,"turns":6.0},{"damage":6.0,"enemies":"Red Slaver","floor":14.0,"turns":2.0},{"damage":0.0,"enemies":"Slime Boss","floor":16.0,"turns":4.0},{"damage":6.0,"enemies":"Spheric Guardian","floor":18.0,"turns":5.0},{"damage":6.0,"enemies":"3 Byrds","floor":19.0,"turns":7.0},{"damage":12.0,"enemies":"Snake Plant","floor":21.0,"turns":3.0},{"damage":20.0,"enemies":"Slavers","floor":23.0,"turns":4.0},{"damage":1.0,"enemies":"3 Cultists","floor":25.0,"turns":4.0},{"damage":12,"enemies":"Shelled Parasite and Fungi","floor":28,"turns":9},{"damage":4,"enemies":"Book of Stabbing","floor":29,"turns":6},{"damage":24,"enemies":"Snake Plant","floor":31,"turns":5},{"damage":19,"enemies":"Champ","floor":33,"turns":12},{"damage":8,"enemies":"3 Darklings","floor":35,"turns":3},{"damage":12,"enemies":"3 Shapes","floor":38,"turns":5},{"damage":11,"enemies":"Jaw Worm Horde","floor":39,"turns":3},{"damage":84,"enemies":"Reptomancer","floor":40,"turns":3}],"seed_played":"-3197106886904225526","potions_obtained":[{"floor":4.0,"key":"StancePotion"},{"floor":6.0,"key":"Block Potion"},{"floor":10.0,"key":"PowerPotion"},{"floor":16.0,"key":"Ambrosia"},{"floor":18.0,"key":"SteroidPotion"},{"floor":19.0,"key":"SpeedPotion"},{"floor":25.0,"key":"AttackPotion"},{"floor":28,"key":"Fire Potion"},{"floor":29,"key":"FairyPotion"}],"is_trial":false,"path_per_floor":["M","$","M","M","?","E","R","E","T","M","$","R","M","M","R","B",null,"M","M","?","M","$","E","R","M","T","R","M","E","R","M","R","B",null,"M","$","?","M","M","E"],"character_chosen":"WATCHER","items_purchased":["MentalFortress","EmptyFist","Evaluate","Blind","OrangePellets","Tantrum","Impatience"],"campfire_rested":0,"item_purchase_floors":[2,11,11,22,36,36,36],"current_hp_per_floor":[71,71,71,71,71,48,48,18,18,18,18,27,22,16,25,25,72,66,60,60,48,48,28,40,39,39,54,42,38,53,29,44,25,72,64,64,64,52,41,0],"gold":40,"neow_bonus":"UPGRADE_CARD","is_prod":false,"is_daily":false,"chose_seed":false,"campfire_upgraded":7,"win_rate":0,"timestamp":1569800508,"path_taken":["M","$","M","M","?","E","R","E","T","M","$","R","M","M","R","BOSS","M","M","?","?","$","E","R","M","T","R","M","E","R","M","R","BOSS","M","?","?","M","M","E"],"build_version":"2019-09-27","purchased_purges":2,"victory":false,"max_hp_per_floor":[72,72,72,72,72,72,72,72,72,72,72,72,72,72,72,72,72,72,72,72,72,72,72,72,72,72,72,72,72,72,72,72,72,72,72,72,72,72,72,72],"card_choices":[{"not_picked":["FlyingSleeves","Protect"],"picked":"DeceiveReality","floor":1.0},{"not_picked":["Evaluate","Collect"],"picked":"EmptyBody","floor":3.0},{"not_picked":["Prostrate","PathToVictory","EmptyBody"],"picked":"SKIP","floor":4.0},{"not_picked":["Fasting","Indignation"],"picked":"Consecrate","floor":6.0},{"not_picked":["JustLucky","Omniscience"],"picked":"CutThroughFate","floor":8.0},{"not_picked":["JustLucky","Swivel"],"picked":"Crescendo","floor":10.0},{"not_picked":["Evaluate","Consecrate"],"picked":"Sanctity","floor":13.0},{"not_picked":["BowlingBash","ThirdEye","Prostrate"],"picked":"SKIP","floor":14.0},{"not_picked":["Blasphemy","Wish"],"picked":"Establishment","floor":16.0},{"not_picked":["Sanctity+1","CutThroughFate+1"],"picked":"JustLucky+1","floor":18.0},{"not_picked":["CutThroughFate","MasterReality"],"picked":"BowlingBash+1","floor":19.0},{"not_picked":["Establishment","Weave"],"picked":"Consecrate","floor":21.0},{"not_picked":["Crescendo","ThirdEye"],"picked":"Protect","floor":23.0},{"not_picked":["DeceiveReality","WindmillStrike"],"picked":"InnerPeace","floor":25.0},{"not_picked":["Wireheading","Prostrate+1"],"picked":"SashWhip","floor":28},{"not_picked":["Scrawl","Swivel"],"picked":"Consecrate","floor":29},{"not_picked":["Vengeance+1","Worship"],"picked":"FollowUp","floor":31},{"not_picked":["Nirvana","SignatureMove"],"picked":"Ragnarok","floor":33},{"not_picked":["Halt+1","EmptyBody"],"picked":"Consecrate+1","floor":35},{"not_picked":["Wireheading+1","EmptyFist+1"],"picked":"MasterReality","floor":38},{"not_picked":["SashWhip","Weave+1"],"picked":"Meditate+1","floor":39}],"player_experience":1169533,"relics_obtained":[{"floor":6.0,"key":"Bottled Tornado"},{"floor":8.0,"key":"Eternal Feather"},{"floor":9.0,"key":"Yang"},{"floor":23.0,"key":"MawBank"},{"floor":29,"key":"Shuriken"}],"event_choices":[{"cards_removed":["Defend_P"],"damage_healed":0.0,"max_hp_gain":0.0,"max_hp_loss":0.0,"gold_gain":0.0,"event_name":"Living Wall","player_choice":"Forget","floor":5.0,"gold_loss":0.0,"damage_taken":0.0},{"damage_healed":0.0,"max_hp_gain":0.0,"max_hp_loss":0.0,"gold_gain":0.0,"event_name":"Accursed Blacksmith","player_choice":"Rummage","floor":20.0,"gold_loss":0.0,"damage_taken":0.0,"relics_obtained":["WarpedTongs"],"cards_obtained":["Pain"]},{"damage_healed":0,"gold_gain":0,"player_choice":"Upgraded","damage_taken":0,"max_hp_gain":0,"max_hp_loss":0,"event_name":"Upgrade Shrine","floor":37,"gold_loss":0,"cards_upgraded":["Ragnarok"]}],"is_beta":true,"boss_relics":[{"not_picked":["SacredBark","Fusion Hammer"],"picked":"SlaversCollar"},{"not_picked":["Runic Dome","HolyWater"],"picked":"Sozu"}],"items_purged_floors":[22,36],"is_endless":false,"potions_floor_spawned":[4,6,10,16,18,19,25,28,29,38],"killed_by":"Reptomancer","ascension_level":4}