{"gold_per_floor":[116,129,139,152,165,165,180,180,203,222,237,267,267,278,278,381,381,401,419,419,430,116,116,151,151,151,169,169,169,180,198,198,294,294,304,318,318,335,335],"floor_reached":39,"playtime":3151,"items_purged":[],"score":411,"play_id":"eadd920a-f3c2-4520-a4e3-bbdac5268f90","local_time":"20190920134448","is_ascension_mode":false,"campfire_choices":[{"data":"Machine Learning","floor":6,"key":"SMITH"},{"data":"Self Repair","floor":13,"key":"SMITH"},{"data":"Storm","floor":15,"key":"SMITH"},{"data":"Creative AI","floor":23,"key":"SMITH"},{"floor":25,"key":"REST"},{"floor":28,"key":"REST"},{"floor":32,"key":"REST"}],"neow_cost":"NONE","seed_source_timestamp":649745342508300,"circlet_count":0,"master_deck":["Defend_B","Defend_B","Defend_B","Defend_B+1","Zap","Dualcast","Static Discharge","Conserve Battery","Lockon+1","Machine Learning+1","Glacier+1","Static Discharge","Storm+1","Self Repair+1","Glacier","Creative AI+1","Streamline+1","Conserve Battery","Capacitor","Writhe","Steam+1","White Noise","Electrodynamics","Parasite"],"relics":["Cracked Core","Whetstone","Centennial Puzzle","Empty Cage","Membership Card","Bottled Tornado","Lantern","Dodecahedron","War Paint","Snecko Eye"],"potions_floor_usage":[16,33],"damage_taken":[{"damage":0,"enemies":"Small Slimes","floor":1,"turns":3},{"damage":3,"enemies":"2 Louse","floor":2,"turns":4},{"damage":1,"enemies":"Jaw Worm","floor":3,"turns":4},{"damage":2,"enemies":"3 Louse","floor":4,"turns":3},{"damage":3,"enemies":"Looter","floor":5,"turns":2},{"damage":2,"enemies":"Blue Slaver","floor":7,"turns":4},{"damage":8,"enemies":"Red Slaver","floor":10,"turns":3},{"damage":1,"enemies":"Large Slime","floor":11,"turns":4},{"damage":22,"enemies":"Gremlin Nob","floor":12,"turns":3},{"damage":5,"enemies":"Looter","floor":14,"turns":3},{"damage":17,"enemies":"The Guardian","floor":16,"turns":10},{"damage":10,"enemies":"3 Byrds","floor":18,"turns":2},{"damage":5,"enemies":"Chosen","floor":19,"turns":4},{"damage":13,"enemies":"Sentry and Sphere","floor":21,"turns":10},{"damage":72,"enemies":"Gremlin Leader","floor":24,"turns":6},{"damage":15,"enemies":"Chosen and Byrds","floor":27,"turns":3},{"damage":28,"enemies":"Snake Plant","floor":30,"turns":5},{"damage":30,"enemies":"Centurion and Healer","floor":31,"turns":6},{"damage":42,"enemies":"Champ","floor":33,"turns":7},{"damage":25,"enemies":"3 Shapes","floor":35,"turns":3},{"damage":16,"enemies":"3 Darklings","floor":36,"turns":6},{"damage":4,"enemies":"Writhing Mass","floor":38,"turns":3},{"damage":73,"enemies":"2 Orb Walkers","floor":39,"turns":3}],"seed_played":"-1397163143742134904","potions_obtained":[{"floor":1,"key":"SteroidPotion"},{"floor":2,"key":"Strength Potion"},{"floor":3,"key":"Poison Potion"},{"floor":10,"key":"LiquidBronze"},{"floor":14,"key":"PowerPotion"},{"floor":16,"key":"AttackPotion"},{"floor":19,"key":"Fire Potion"},{"floor":21,"key":"FocusPotion"},{"floor":24,"key":"EssenceOfSteel"},{"floor":38,"key":"Dexterity Potion"}],"is_trial":false,"path_per_floor":["M","M","M","M","M","R","M","?","T","M","M","E","R","M","R","B",null,"M","M","?","M","$","R","E","R","T","M","R","?","M","M","R","B",null,"M","M","?","M","?"],"character_chosen":"DEFECT","items_purchased":["Membership Card","Bottled Tornado"],"campfire_rested":3,"item_purchase_floors":[22,22],"current_hp_per_floor":[82,79,78,76,73,73,71,76,76,68,67,45,45,50,50,33,87,77,82,82,79,79,79,17,43,43,38,64,64,46,26,52,10,87,72,66,66,62,0],"gold":335,"neow_bonus":"TEN_PERCENT_HP_BONUS","is_prod":false,"is_daily":false,"chose_seed":false,"campfire_upgraded":4,"win_rate":0,"timestamp":1569001488,"path_taken":["M","M","M","M","M","R","M","?","T","M","M","E","R","M","R","BOSS","M","M","?","M","$","R","E","R","T","M","R","?","M","M","R","BOSS","M","M","?","M","?"],"build_version":"2019-07-17","purchased_purges":0,"victory":false,"max_hp_per_floor":[82,82,82,82,82,82,82,87,87,87,87,87,87,87,87,87,87,87,87,87,87,87,87,87,87,87,87,87,87,87,87,87,87,87,87,87,87,87,87],"card_choices":[{"not_picked":["Rebound","Coolheaded"],"picked":"Static Discharge","floor":1},{"not_picked":["Steam Power","Go for the Eyes"],"picked":"Conserve Battery","floor":2},{"not_picked":["Hologram","Compile Driver"],"picked":"Lockon","floor":3},{"not_picked":["Redo","Sweeping Beam"],"picked":"Machine Learning","floor":4},{"not_picked":["Barrage","Redo"],"picked":"Glacier","floor":5},{"not_picked":["Steam","Stack","Cold Snap"],"picked":"SKIP","floor":7},{"not_picked":["Stack","Storm"],"picked":"Static Discharge","floor":10},{"not_picked":["Gash","Redo"],"picked":"Storm","floor":11},{"not_picked":["Defragment","Steam"],"picked":"Self Repair","floor":12},{"not_picked":["Undo","Ball Lightning"],"picked":"Glacier","floor":14},{"not_picked":["Rainbow","Thunder Strike"],"picked":"Creative AI","floor":16},{"not_picked":["Undo","Rebound+1"],"picked":"Streamline+1","floor":18},{"not_picked":["Consume+1","Conserve Battery","Ball Lightning+1"],"picked":"SKIP","floor":19},{"not_picked":["Beam Cell","Stack","Redo"],"picked":"SKIP","floor":21},{"not_picked":["Hologram","Darkness+1","Hello World+1"],"picked":"SKIP","floor":24},{"not_picked":["Rainbow","Fusion"],"picked":"Capacitor","floor":27},{"not_picked":["FTL+1","Compile Driver"],"picked":"Steam+1","floor":30},{"not_picked":["Coolheaded","Chaos"],"picked":"White Noise","floor":31},{"not_picked":["Seek","Creative AI"],"picked":"Electrodynamics","floor":33},{"not_picked":["Genetic Algorithm","Compile Driver+1","Redo+1"],"picked":"SKIP","floor":35},{"not_picked":["Beam Cell","Coolheaded+1","Scrape+1"],"picked":"SKIP","floor":36},{"not_picked":["Sweeping Beam+1","Skim","Lockon+1"],"picked":"SKIP","floor":38}],"player_experience":34705,"relics_obtained":[{"floor":9,"key":"Whetstone"},{"floor":12,"key":"Centennial Puzzle"},{"floor":24,"key":"Lantern"},{"floor":26,"key":"Dodecahedron"}],"event_choices":[{"damage_healed":0,"gold_gain":0,"player_choice":"Donut","damage_taken":0,"max_hp_gain":5,"max_hp_loss":0,"event_name":"Big Fish","floor":8,"gold_loss":0},{"damage_healed":0,"gold_gain":0,"cards_transformed":["Strike_B","Strike_B"],"player_choice":"Became Test Subject","damage_taken":0,"max_hp_gain":0,"max_hp_loss":0,"event_name":"Drug Dealer","floor":20,"gold_loss":0,"cards_obtained":["Sweeping Beam","Conserve Battery"]},{"damage_healed":0,"gold_gain":0,"player_choice":"Opened","damage_taken":0,"relics_obtained":["War Paint"],"max_hp_gain":0,"max_hp_loss":0,"event_name":"The Mausoleum","floor":29,"gold_loss":0,"cards_obtained":["Writhe"]},{"cards_removed":["Sweeping Beam"],"damage_healed":0,"gold_gain":0,"player_choice":"Removed Attack","damage_taken":0,"max_hp_gain":0,"max_hp_loss":0,"event_name":"Falling","floor":37,"gold_loss":0},{"damage_healed":0,"gold_gain":0,"player_choice":"Fight","damage_taken":0,"max_hp_gain":0,"max_hp_loss":0,"event_name":"Mysterious Sphere","floor":39,"gold_loss":0}],"is_beta":false,"boss_relics":[{"not_picked":["Busted Crown","Velvet Choker"],"picked":"Empty Cage"},{"not_picked":["Tiny House","Fusion Hammer"],"picked":"Snecko Eye"}],"items_purged_floors":[],"is_endless":false,"potions_floor_spawned":[1,2,3,10,14,16,19,21,24,30,38],"killed_by":"2 Orb Walkers","ascension_level":0}