{"gold_per_floor":[217,229,57,71,82,82,114,114,114,114,144,74,106,31,31,134,134,144,156,156,168,179,207,207,25,25,25,40,58,86,105,105,105],"floor_reached":33,"playtime":2905,"items_purged":["Strike_G","Strike_G"],"score":332,"play_id":"e560d091-6334-40bb-afd4-72b032adc515","local_time":"20190902135353","is_ascension_mode":false,"campfire_choices":[{"data":"Infinite Blades","floor":6,"key":"SMITH"},{"data":"Neutralize","floor":10,"key":"SMITH"},{"floor":15,"key":"REST"},{"data":"Catalyst","floor":24,"key":"SMITH"},{"floor":27,"key":"RECALL"},{"floor":32,"key":"REST"}],"neow_cost":"NONE","seed_source_timestamp":269459637300,"circlet_count":0,"master_deck":["Strike_G","Strike_G","Strike_G","Defend_G","Defend_G","Defend_G","Defend_G","Defend_G","Survivor","Neutralize+1","Prepared","Poisoned Stab","Footwork+1","Poisoned Stab","Backflip","Infinite Blades+1","Deadly Poison","Escape Plan","Leg Sweep","Malaise","Corpse Explosion","Skewer","Catalyst+1","Flying Knee","Tactician","Noxious Fumes+1","Poisoned Stab","Deadly Poison+1","Outmaneuver","Bane"],"relics":["Ring of the Snake","Ninja Scroll","Matryoshka","Pear","Meat on the Bone","Runic Pyramid","Frozen Egg 2","Regal Pillow","Strawberry"],"potions_floor_usage":[22,23,30,33],"damage_taken":[{"damage":0,"enemies":"Small Slimes","floor":1,"turns":3},{"damage":0,"enemies":"Cultist","floor":2,"turns":4},{"damage":0,"enemies":"2 Louse","floor":4,"turns":3},{"damage":0,"enemies":"Red Slaver","floor":5,"turns":4},{"damage":17,"enemies":"Lagavulin","floor":7,"turns":6},{"damage":2,"enemies":"3 Sentries","floor":11,"turns":10},{"damage":21,"enemies":"Gremlin Nob","floor":13,"turns":6},{"damage":20,"enemies":"The Guardian","floor":16,"turns":11},{"damage":0,"enemies":"Shell Parasite","floor":18,"turns":7},{"damage":0,"enemies":"Chosen","floor":19,"turns":5},{"damage":8,"enemies":"Centurion and Healer","floor":21,"turns":4},{"damage":3,"enemies":"Chosen and Byrds","floor":22,"turns":7},{"damage":5,"enemies":"Book of Stabbing","floor":23,"turns":7},{"damage":12,"enemies":"Sentry and Sphere","floor":28,"turns":5},{"damage":16,"enemies":"Centurion and Healer","floor":29,"turns":4},{"damage":35,"enemies":"Slavers","floor":30,"turns":7},{"damage":16,"enemies":"Snake Plant","floor":31,"turns":4},{"damage":74,"enemies":"Collector","floor":33,"turns":6}],"seed_played":"8664325080246591389","potions_obtained":[{"floor":2,"key":"Poison Potion"},{"floor":13,"key":"Ancient Potion"},{"floor":16,"key":"Block Potion"},{"floor":18,"key":"AttackPotion"},{"floor":20,"key":"SkillPotion"},{"floor":29,"key":"SteroidPotion"}],"is_trial":false,"path_per_floor":["M","M","$","M","M","R","E","?","T","R","E","$","E","$","R","B",null,"M","M","?","M","M","E","R","$","T","R","M","M","E","M","R","B"],"character_chosen":"THE_SILENT","items_purchased":["Footwork","Poisoned Stab","Backflip","Leg Sweep","Noxious Fumes+1","Poisoned Stab"],"campfire_rested":2,"item_purchase_floors":[3,3,3,12,25,25],"current_hp_per_floor":[70,70,70,70,70,70,53,53,53,53,61,61,40,40,64,44,80,80,80,80,72,69,64,64,64,64,64,52,48,32,28,69,0],"gold":105,"neow_bonus":"HUNDRED_GOLD","is_prod":false,"is_daily":false,"chose_seed":false,"campfire_upgraded":3,"win_rate":0,"timestamp":1567446833,"path_taken":["M","M","$","M","M","R","E","?","T","R","E","$","E","?","R","BOSS","M","M","?","M","M","E","R","$","T","R","M","M","E","?","R","BOSS"],"build_version":"2019-07-17","purchased_purges":2,"victory":false,"max_hp_per_floor":[70,70,70,70,70,70,70,70,70,70,80,80,80,80,80,80,80,80,80,80,80,80,80,80,80,80,80,80,80,87,87,87,87],"card_choices":[{"not_picked":["Acrobatics","Catalyst"],"picked":"Prepared","floor":1},{"not_picked":["Slice","Backflip"],"picked":"Poisoned Stab","floor":2},{"not_picked":["Dagger Throw","All Out Attack"],"picked":"Infinite Blades","floor":4},{"not_picked":["Leg Sweep","Prepared"],"picked":"Deadly Poison","floor":5},{"not_picked":["Doppelganger","Slice","Poisoned Stab"],"picked":"SKIP","floor":7},{"not_picked":["Prepared","Outmaneuver"],"picked":"Escape Plan","floor":11},{"not_picked":["Reflex","Flying Knee"],"picked":"Malaise","floor":13},{"not_picked":["A Thousand Cuts","Unload"],"picked":"Corpse Explosion","floor":16},{"not_picked":["Blade Dance","Deflect"],"picked":"Skewer","floor":18},{"not_picked":["Flying Knee+1","PiercingWail"],"picked":"Catalyst","floor":19},{"not_picked":["PiercingWail","Tactician"],"picked":"Flying Knee","floor":21},{"not_picked":["Dagger Throw","Prepared"],"picked":"Tactician","floor":22},{"not_picked":["Eviscerate","Flechettes","Calculated Gamble"],"picked":"SKIP","floor":23},{"not_picked":["Prepared","Choke","Slice"],"picked":"SKIP","floor":28},{"not_picked":["Doppelganger","Underhanded Strike"],"picked":"Deadly Poison+1","floor":29},{"not_picked":["Malaise","Riddle With Holes+1"],"picked":"Outmaneuver","floor":30},{"not_picked":["Dagger Spray","Dagger Throw"],"picked":"Bane","floor":31}],"player_experience":55562,"relics_obtained":[{"floor":7,"key":"Ninja Scroll"},{"floor":9,"key":"Matryoshka"},{"floor":11,"key":"Pear"},{"floor":13,"key":"Meat on the Bone"},{"floor":23,"key":"Frozen Egg 2"},{"floor":26,"key":"Regal Pillow"},{"floor":30,"key":"Strawberry"}],"event_choices":[{"damage_healed":0,"gold_gain":0,"player_choice":"Forge","damage_taken":0,"max_hp_gain":0,"max_hp_loss":0,"event_name":"Accursed Blacksmith","floor":8,"gold_loss":0,"cards_upgraded":["Footwork"]},{"damage_healed":0,"gold_gain":0,"player_choice":"Got Potions","damage_taken":0,"max_hp_gain":0,"max_hp_loss":0,"event_name":"Lab","floor":20,"gold_loss":0}],"is_beta":false,"boss_relics":[{"not_picked":["Sozu","White Beast Statue"],"picked":"Runic Pyramid"}],"items_purged_floors":[14,25],"is_endless":false,"potions_floor_spawned":[2,13,16,18,19,21,29],"killed_by":"Collector","ascension_level":0}