{"gold_per_floor":[112,112,287,114,129,159,234,234,257,272,272,305,305,324,324,428,428,444,65,76,87,87,122,139,139,213,248,248,258,258,268,268,268],"floor_reached":33,"playtime":3471,"items_purged":["Doubt","Strike_B"],"score":352,"play_id":"25f2ef58-b87f-452a-b3c7-c2c3bdcfe0e8","local_time":"20191005225916","is_ascension_mode":true,"campfire_choices":[{"data":"Zap","floor":8,"key":"SMITH"},{"floor":13,"key":"REST"},{"data":"Scrape","floor":15,"key":"SMITH"},{"floor":25,"key":"REST"},{"data":"Gash","floor":28,"key":"SMITH"},{"data":"Gash","floor":30,"key":"SMITH"},{"floor":32,"key":"REST"}],"neow_cost":"NONE","seed_source_timestamp":74757989893800,"circlet_count":0,"master_deck":["Strike_B","Strike_B","Defend_B","Defend_B","Defend_B+1","Defend_B","Zap+1","Scrape+1","Steam","Gash+1","Steam","Reboot","Hologram","Thinking Ahead+1","Good Instincts","Hologram","Chill","Gash+1","Steam+1"],"relics":["Cracked Core","Frozen Egg 2","Centennial Puzzle","PreservedInsect","Question Card","White Beast Statue","War Paint","Dodecahedron","Mercury Hourglass"],"potions_floor_usage":[16,20,23,23,27,31],"damage_taken":[{"damage":1,"enemies":"Cultist","floor":1,"turns":3},{"damage":0,"enemies":"Jaw Worm","floor":5,"turns":3},{"damage":26,"enemies":"Lagavulin","floor":6,"turns":8},{"damage":2,"enemies":"2 Louse","floor":10,"turns":2},{"damage":10,"enemies":"Gremlin Nob","floor":12,"turns":3},{"damage":0,"enemies":"Exordium Wildlife","floor":14,"turns":4},{"damage":10,"enemies":"Hexaghost","floor":16,"turns":9},{"damage":20,"enemies":"2 Thieves","floor":18,"turns":5},{"damage":7,"enemies":"Shell Parasite","floor":20,"turns":7},{"damage":16,"enemies":"Centurion and Healer","floor":21,"turns":13},{"damage":20,"enemies":"Gremlin Leader","floor":23,"turns":8},{"damage":9,"enemies":"Sentry and Sphere","floor":24,"turns":7},{"damage":0,"enemies":"Slavers","floor":27,"turns":6},{"damage":0,"enemies":"3 Cultists","floor":29,"turns":6},{"damage":2,"enemies":"Centurion and Healer","floor":31,"turns":6},{"damage":59,"enemies":"Champ","floor":33,"turns":13}],"seed_played":"6121132069891231426","potions_obtained":[{"floor":1,"key":"Swift Potion"},{"floor":12,"key":"Strength Potion"},{"floor":18,"key":"Energy Potion"},{"floor":20,"key":"SpeedPotion"},{"floor":21,"key":"GamblersBrew"},{"floor":23,"key":"Weak Potion"},{"floor":24,"key":"GamblersBrew"},{"floor":27,"key":"EssenceOfSteel"},{"floor":31,"key":"FearPotion"}],"is_trial":false,"path_per_floor":["M","?","?","$","M","E","?","R","T","M","?","E","R","M","R","B",null,"M","$","M","M","?","E","M","R","T","E","R","M","R","M","R","B"],"character_chosen":"DEFECT","items_purchased":["Scrape","Steam","Thinking Ahead","Good Instincts"],"campfire_rested":3,"item_purchase_floors":[4,4,19,19],"current_hp_per_floor":[81,74,74,74,74,48,37,37,37,35,17,7,31,31,31,21,82,62,62,55,39,39,19,10,34,34,34,34,34,34,32,56,0],"gold":268,"neow_bonus":"TEN_PERCENT_HP_BONUS","is_prod":false,"is_daily":false,"chose_seed":false,"campfire_upgraded":4,"win_rate":0,"timestamp":1570330756,"path_taken":["M","?","?","$","M","E","?","R","T","M","?","E","R","?","R","BOSS","M","$","?","M","?","E","M","R","T","E","R","M","R","M","R","BOSS"],"build_version":"2019-07-17","purchased_purges":2,"victory":false,"max_hp_per_floor":[82,82,82,82,82,82,82,82,82,82,82,82,82,82,82,82,82,82,82,82,82,82,82,82,82,82,82,82,82,82,82,82,82],"card_choices":[{"not_picked":["Compile Driver","Go for the Eyes","Streamline"],"picked":"SKIP","floor":1},{"not_picked":["Conserve Battery","All For One"],"picked":"Gash","floor":5},{"not_picked":["Stack","Doom and Gloom","Darkness"],"picked":"SKIP","floor":6},{"not_picked":["Sweeping Beam","Force Field","Stack"],"picked":"SKIP","floor":10},{"not_picked":["White Noise","Compile Driver","Beam Cell"],"picked":"SKIP","floor":12},{"not_picked":["Reprogram","Compile Driver","Cold Snap"],"picked":"Steam","floor":14},{"not_picked":["Fission","Electrodynamics+1","Biased Cognition+1"],"picked":"Reboot","floor":16},{"not_picked":["Storm+1","Streamline","Steam Power"],"picked":"Hologram","floor":18},{"not_picked":["Compile Driver","Beam Cell","Streamline"],"picked":"Hologram","floor":20},{"not_picked":["Recycle","Coolheaded","Turbo","Ball Lightning+1"],"picked":"SKIP","floor":21},{"not_picked":["Compile Driver","Steam","Beam Cell"],"picked":"Chill","floor":23},{"not_picked":["Biased Cognition+1","Double Energy","Cold Snap"],"picked":"Gash","floor":24},{"not_picked":["Streamline+1","Hologram+1","Force Field"],"picked":"Steam+1","floor":27},{"not_picked":["Sweeping Beam","Barrage","Amplify","Turbo+1"],"picked":"SKIP","floor":29},{"not_picked":["Redo","Chaos+1","Stack","Tempest"],"picked":"SKIP","floor":31}],"player_experience":85201,"relics_obtained":[{"floor":6,"key":"Frozen Egg 2"},{"floor":9,"key":"Centennial Puzzle"},{"floor":12,"key":"Question Card"},{"floor":23,"key":"War Paint"},{"floor":26,"key":"Dodecahedron"},{"floor":27,"key":"Mercury Hourglass"}],"event_choices":[{"cards_removed":["Strike_B"],"damage_healed":0,"gold_gain":0,"player_choice":"Card Removal","damage_taken":7,"max_hp_gain":0,"max_hp_loss":0,"event_name":"Golden Wing","floor":2,"gold_loss":0},{"damage_healed":0,"gold_gain":175,"player_choice":"AGREE","damage_taken":0,"max_hp_gain":0,"max_hp_loss":0,"event_name":"Liars Game","floor":3,"gold_loss":0,"cards_obtained":["Doubt"]},{"damage_healed":0,"gold_gain":75,"player_choice":"Gather Gold","damage_taken":11,"max_hp_gain":0,"max_hp_loss":0,"event_name":"World of Goop","floor":7,"gold_loss":0},{"damage_healed":0,"gold_gain":0,"player_choice":"Success","damage_taken":18,"relics_obtained":["PreservedInsect"],"max_hp_gain":0,"max_hp_loss":0,"event_name":"Scrap Ooze","floor":11,"gold_loss":0},{"cards_removed":["Dualcast"],"damage_healed":0,"gold_gain":0,"player_choice":"Purged","damage_taken":0,"max_hp_gain":0,"max_hp_loss":0,"event_name":"Purifier","floor":22,"gold_loss":0}],"is_beta":false,"boss_relics":[{"not_picked":["Runic Dome","Lizard Tail"],"picked":"White Beast Statue"}],"items_purged_floors":[4,19],"is_endless":false,"potions_floor_spawned":[1,12,18,20,21,23,24,27,29,31],"killed_by":"Champ","ascension_level":2}