{"gold_per_floor":[117,117,135,85,85,113,113,141,141,141,175,175,189,36,36,113,113,128,158,178,190,11,11,45,45,118,138,138,138,171,182,182,256,256,271,282,282,294,308,308,333,333,333,362,362,376,401,419,419,419],"floor_reached":51,"playtime":3770,"items_purged":["Strike_B"],"score":1597,"play_id":"af054eca-6af6-43e0-8a18-17d1d6c95c27","local_time":"20190808165232","is_ascension_mode":true,"campfire_choices":[{"data":"Zap","floor":7,"key":"SMITH"},{"data":"Sunder","floor":10,"key":"SMITH"},{"data":"Defragment","floor":15,"key":"SMITH"},{"data":"Go for the Eyes","floor":23,"key":"SMITH"},{"floor":28,"key":"REST"},{"data":"Capacitor","floor":32,"key":"SMITH"},{"floor":40,"key":"REST"},{"data":"Recycle","floor":45,"key":"SMITH"},{"floor":49,"key":"REST"}],"neow_cost":"NONE","seed_source_timestamp":317208633882200,"circlet_count":0,"master_deck":["AscendersBane","Zap+1","Dualcast","Conserve Battery","Glacier","Cold Snap","Sunder+1","Doom and Gloom","Defragment","Defragment","Defragment+1","Echo Form","Amplify+1","Consume+1","Cold Snap+1","Loop+1","Compile Driver","Redo+1","Go for the Eyes+1","BootSequence","Master of Strategy","Seek","Recycle+1","Hologram","Heatsinks","Meteor Strike","Capacitor+1","Capacitor+1","Conserve Battery+1","Chill","Coolheaded+1","White Noise"],"relics":["Cracked Core","NeowsBlessing","FossilizedHelix","Prayer Wheel","Letter Opener","Thread and Needle","Blue Candle","Astrolabe","Red Mask","Regal Pillow","Bottled Lightning","Bag of Marbles","Velvet Choker","Omamori","Shuriken","Shovel","Potion Belt"],"potions_floor_usage":[11,16,21,30,39,44,47,50,50],"damage_taken":[{"damage":0,"enemies":"Small Slimes","floor":1,"turns":1},{"damage":0,"enemies":"Jaw Worm","floor":3,"turns":1},{"damage":0,"enemies":"Gremlin Nob","floor":6,"turns":1},{"damage":7,"enemies":"Lagavulin","floor":8,"turns":11},{"damage":5,"enemies":"Gremlin Nob","floor":11,"turns":4},{"damage":0,"enemies":"2 Louse","floor":13,"turns":2},{"damage":0,"enemies":"The Guardian","floor":16,"turns":9},{"damage":1,"enemies":"Shell Parasite","floor":18,"turns":8},{"damage":17,"enemies":"Masked Bandits","floor":19,"turns":4},{"damage":18,"enemies":"2 Thieves","floor":20,"turns":5},{"damage":0,"enemies":"Cultist and Chosen","floor":21,"turns":4},{"damage":0,"enemies":"Slavers","floor":24,"turns":7},{"damage":5,"enemies":"Snake Plant","floor":27,"turns":5},{"damage":26,"enemies":"Gremlin Leader","floor":30,"turns":8},{"damage":0,"enemies":"Chosen and Byrds","floor":31,"turns":5},{"damage":0,"enemies":"Champ","floor":33,"turns":11},{"damage":0,"enemies":"Orb Walker","floor":35,"turns":6},{"damage":0,"enemies":"3 Shapes","floor":36,"turns":5},{"damage":10,"enemies":"Jaw Worm Horde","floor":38,"turns":7},{"damage":35,"enemies":"4 Shapes","floor":39,"turns":7},{"damage":0,"enemies":"Giant Head","floor":41,"turns":13},{"damage":23,"enemies":"Reptomancer","floor":44,"turns":9},{"damage":0,"enemies":"Writhing Mass","floor":46,"turns":9},{"damage":0,"enemies":"Nemesis","floor":47,"turns":9},{"damage":4,"enemies":"Sphere and 2 Shapes","floor":48,"turns":4},{"damage":40,"enemies":"Donu and Deca","floor":50,"turns":14}],"seed_played":"-3859080395046879205","potions_obtained":[{"floor":1,"key":"PowerPotion"},{"floor":13,"key":"PowerPotion"},{"floor":21,"key":"Fruit Juice"},{"floor":24,"key":"Block Potion"},{"floor":27,"key":"FocusPotion"},{"floor":30,"key":"SpeedPotion"},{"floor":38,"key":"SkillPotion"},{"floor":41,"key":"AttackPotion"},{"floor":44,"key":"Strength Potion"},{"floor":46,"key":"SkillPotion"},{"floor":48,"key":"FocusPotion"}],"is_trial":false,"path_per_floor":["M","?","M","?","?","E","R","E","T","R","E","?","M","$","R","B",null,"M","?","M","M","$","R","E","?","T","M","R","?","E","M","R","B",null,"M","M","?","M","M","R","E","?","T","E","R","M","E","M","R","B",null],"character_chosen":"DEFECT","items_purchased":["Defragment","Master of Strategy"],"campfire_rested":3,"item_purchase_floors":[14,22],"current_hp_per_floor":[68,68,68,68,68,68,68,61,61,61,56,53,53,53,53,53,70,69,52,34,39,39,39,39,39,39,34,73,73,47,47,47,47,72,72,72,72,62,27,64,64,64,64,41,41,41,41,37,74,34],"gold":419,"neow_bonus":"THREE_ENEMY_KILL","is_prod":false,"is_daily":false,"chose_seed":false,"campfire_upgraded":6,"win_rate":0,"timestamp":1565297552,"path_taken":["M","?","M","?","?","E","R","E","T","R","E","?","M","$","R","BOSS","M","?","M","M","$","R","E","?","T","M","R","?","E","M","R","BOSS","M","M","?","M","M","R","E","?","T","E","R","M","E","?","R","BOSS"],"build_version":"2019-07-17","purchased_purges":1,"victory":true,"max_hp_per_floor":[75,75,75,75,75,75,75,75,75,75,75,75,75,75,75,75,75,75,75,75,80,80,80,80,80,80,80,80,80,80,80,80,80,80,80,80,76,76,76,76,76,76,76,76,76,76,76,76,76,76],"card_choices":[{"not_picked":["FTL","Hologram"],"picked":"Conserve Battery","floor":1},{"not_picked":["Reprogram","Consume"],"picked":"Glacier","floor":3},{"not_picked":["Stack","Steam"],"picked":"Cold Snap","floor":6},{"not_picked":["Amplify","Coolheaded"],"picked":"Sunder","floor":8},{"not_picked":["Redo","Stack"],"picked":"Doom and Gloom","floor":11},{"not_picked":["Auto Shields","Chill"],"picked":"Defragment","floor":13},{"not_picked":["Barrage","Beam Cell"],"picked":"Defragment","floor":13},{"not_picked":["Creative AI","Fission"],"picked":"Echo Form","floor":16},{"not_picked":["Sunder","Leap"],"picked":"Loop+1","floor":18},{"not_picked":["Sweeping Beam","Fusion","Cold Snap"],"picked":"SKIP","floor":18},{"not_picked":["Doom and Gloom","Coolheaded"],"picked":"Compile Driver","floor":19},{"not_picked":["Aggregate","Lockon"],"picked":"Redo+1","floor":20},{"not_picked":["Auto Shields","BootSequence"],"picked":"Go for the Eyes","floor":20},{"not_picked":["Streamline","Leap"],"picked":"BootSequence","floor":21},{"not_picked":["Coolheaded","Fusion","Rebound"],"picked":"SKIP","floor":21},{"not_picked":["Go for the Eyes","Stack","Sweeping Beam"],"picked":"SKIP","floor":24},{"not_picked":["FTL","Leap"],"picked":"Recycle","floor":27},{"not_picked":["Gash","Streamline"],"picked":"Hologram","floor":27},{"not_picked":["Loop+1","All For One"],"picked":"Capacitor","floor":30},{"not_picked":["Leap","Turbo","Gash"],"picked":"SKIP","floor":31},{"not_picked":["Darkness","Coolheaded","Redo"],"picked":"SKIP","floor":31},{"not_picked":["Steam+1","Sweeping Beam"],"picked":"Capacitor+1","floor":35},{"not_picked":["Hologram","Stack","Cold Snap"],"picked":"SKIP","floor":35},{"not_picked":["Go for the Eyes","Reinforced Body","Core Surge"],"picked":"SKIP","floor":36},{"not_picked":["Barrage","Compile Driver+1","Conserve Battery"],"picked":"SKIP","floor":36},{"not_picked":["Leap","Sunder+1","Go for the Eyes"],"picked":"SKIP","floor":38},{"not_picked":["Static Discharge","Steam","Leap"],"picked":"SKIP","floor":38},{"not_picked":["Sweeping Beam","Turbo","Gash"],"picked":"SKIP","floor":39},{"not_picked":["Beam Cell","Consume+1","Lockon"],"picked":"SKIP","floor":39},{"not_picked":["Hologram+1","Rainbow","Leap"],"picked":"SKIP","floor":41},{"not_picked":["Auto Shields+1","BootSequence"],"picked":"Conserve Battery+1","floor":44},{"not_picked":["Cold Snap","Rainbow"],"picked":"Chill","floor":46},{"not_picked":["Hologram","Beam Cell+1","Leap"],"picked":"SKIP","floor":46},{"not_picked":["Hologram","Cold Snap"],"picked":"Coolheaded+1","floor":47},{"not_picked":["Undo","Go for the Eyes+1"],"picked":"White Noise","floor":48},{"not_picked":["Capacitor","Self Repair","Leap"],"picked":"SKIP","floor":48}],"player_experience":673413,"relics_obtained":[{"floor":6,"key":"FossilizedHelix"},{"floor":8,"key":"Prayer Wheel"},{"floor":9,"key":"Letter Opener"},{"floor":11,"key":"Thread and Needle"},{"floor":19,"key":"Red Mask"},{"floor":24,"key":"Regal Pillow"},{"floor":26,"key":"Bottled Lightning"},{"floor":30,"key":"Bag of Marbles"},{"floor":41,"key":"Omamori"},{"floor":43,"key":"Shuriken"},{"floor":44,"key":"Shovel"},{"floor":47,"key":"Potion Belt"}],"event_choices":[{"damage_healed":0,"gold_gain":0,"player_choice":"Ignored","damage_taken":0,"max_hp_gain":0,"max_hp_loss":0,"event_name":"Liars Game","floor":2,"gold_loss":0},{"cards_removed":["Strike_B"],"damage_healed":0,"gold_gain":0,"player_choice":"Card Removal","damage_taken":0,"max_hp_gain":0,"max_hp_loss":0,"event_name":"The Cleric","floor":4,"gold_loss":50},{"cards_removed":["Strike_B"],"damage_healed":0,"gold_gain":0,"player_choice":"Forget","damage_taken":0,"max_hp_gain":0,"max_hp_loss":0,"event_name":"Living Wall","floor":5,"gold_loss":0},{"damage_healed":0,"gold_gain":0,"player_choice":"Success","damage_taken":3,"relics_obtained":["Blue Candle"],"max_hp_gain":0,"max_hp_loss":0,"event_name":"Scrap Ooze","floor":12,"gold_loss":0},{"damage_healed":0,"gold_gain":0,"player_choice":"Fought Bandits","damage_taken":0,"max_hp_gain":0,"max_hp_loss":0,"event_name":"Masked Bandits","floor":19,"gold_loss":0},{"damage_healed":0,"gold_gain":0,"player_choice":"Read","damage_taken":0,"max_hp_gain":0,"max_hp_loss":0,"event_name":"The Library","floor":25,"gold_loss":0,"cards_obtained":["Seek"]},{"damage_healed":0,"gold_gain":0,"cards_transformed":["Defend_B","Defend_B"],"player_choice":"Became Test Subject","damage_taken":0,"max_hp_gain":0,"max_hp_loss":0,"event_name":"Drug Dealer","floor":29,"gold_loss":0,"cards_obtained":["Heatsinks","Meteor Strike"]},{"damage_healed":0,"gold_gain":0,"player_choice":"Max HP","damage_taken":0,"max_hp_gain":0,"max_hp_loss":4,"event_name":"Winding Halls","floor":37,"gold_loss":0},{"damage_healed":0,"gold_gain":0,"player_choice":"0 cards matched","damage_taken":0,"max_hp_gain":0,"max_hp_loss":0,"event_name":"Match and Keep!","floor":42,"gold_loss":0,"cards_obtained":[]}],"is_beta":false,"boss_relics":[{"not_picked":["Tiny House","Ectoplasm"],"picked":"Astrolabe"},{"not_picked":["Black Star","Fusion Hammer"],"picked":"Velvet Choker"}],"items_purged_floors":[14],"is_endless":false,"potions_floor_spawned":[1,13,21,24,27,30,38,41,44,46,48],"ascension_level":13}