{"gold_per_floor":[118,34,34,53,66,66,95,107,137,167,167,151,151],"floor_reached":13,"playtime":533,"items_purged":[],"score":138,"play_id":"7165f443-883f-4e16-b629-9cb951f738b4","local_time":"20190722153931","is_ascension_mode":true,"campfire_choices":[{"data":"Sunder","floor":6,"key":"SMITH"},{"data":"Steam","floor":11,"key":"SMITH"}],"neow_cost":"PERCENT_DAMAGE","seed_source_timestamp":90214901923900,"circlet_count":0,"master_deck":["Strike_B","Strike_B","Defend_B","Defend_B","Defend_B","Zap","Dualcast","Chaos","Sunder+1","Conserve Battery","Steam+1","Defragment","Capacitor","Redo","Skim"],"relics":["Cracked Core","Centennial Puzzle","Tiny Chest","Darkstone Periapt"],"potions_floor_usage":[10,10,12],"damage_taken":[{"damage":0,"enemies":"2 Louse","floor":1,"turns":4},{"damage":0,"enemies":"Cultist","floor":4,"turns":3},{"damage":0,"enemies":"Small Slimes","floor":5,"turns":3},{"damage":32,"enemies":"Gremlin Nob","floor":7,"turns":4},{"damage":2,"enemies":"3 Louse","floor":8,"turns":3},{"damage":1,"enemies":"Lagavulin","floor":10,"turns":6},{"damage":0,"enemies":"Exordium Thugs","floor":12,"turns":4},{"damage":17,"enemies":"Large Slime","floor":13,"turns":6}],"seed_played":"-4322060010489590497","potions_obtained":[{"floor":1,"key":"EssenceOfSteel"},{"floor":7,"key":"FocusPotion"},{"floor":8,"key":"Energy Potion"},{"floor":10,"key":"Block Potion"}],"is_trial":false,"path_per_floor":["M","$","?","M","M","R","E","M","T","E","R","M","M"],"character_chosen":"DEFECT","items_purchased":["Sunder","Conserve Battery"],"campfire_rested":0,"item_purchase_floors":[2,2],"current_hp_per_floor":[50,50,50,50,50,50,18,16,16,15,15,15,0],"gold":151,"neow_bonus":"REMOVE_TWO","is_prod":false,"is_daily":false,"chose_seed":false,"campfire_upgraded":2,"win_rate":0,"timestamp":1563824371,"path_taken":["M","$","?","M","M","R","E","M","T","E","R","M","?"],"build_version":"2019-07-17","purchased_purges":0,"victory":false,"max_hp_per_floor":[75,75,75,75,75,75,75,75,75,75,75,75,75],"card_choices":[{"not_picked":["Chill","FTL"],"picked":"Chaos","floor":1},{"not_picked":["Auto Shields","Heatsinks","Gash"],"picked":"SKIP","floor":4},{"not_picked":["Sweeping Beam","Tempest"],"picked":"Steam","floor":5},{"not_picked":["Amplify","Glacier"],"picked":"Defragment","floor":7},{"not_picked":["Stack","Skim"],"picked":"Capacitor","floor":8},{"not_picked":["Steam","Fusion"],"picked":"Redo","floor":10},{"not_picked":["Hello World","Hologram"],"picked":"Skim","floor":12}],"player_experience":492850,"relics_obtained":[{"floor":7,"key":"Centennial Puzzle"},{"floor":9,"key":"Tiny Chest"},{"floor":10,"key":"Darkstone Periapt"}],"event_choices":[{"cards_removed":["Defend_B"],"damage_healed":0,"gold_gain":0,"player_choice":"Purged","damage_taken":0,"max_hp_gain":0,"max_hp_loss":0,"event_name":"Purifier","floor":3,"gold_loss":0}],"is_beta":false,"boss_relics":[],"items_purged_floors":[],"is_endless":false,"potions_floor_spawned":[1,7,8,10],"killed_by":"Large Slime","ascension_level":9}