{"gold_per_floor":[112,41,57,68,83,113,113,142,217,200,150,225,256,302,302,400,400,412,412,337,205,222,253,253,281,308,328,359,374,405,284,284,388,388,408,423,423,229,279,309,309,339,362,394,404,404,422,17,17,17],"floor_reached":51,"playtime":3466,"items_purged":["Defend_B","Strike_B","Defend_B","Defend_B"],"score":1074,"play_id":"7f5d11d6-ee91-4cd5-8a02-3559257e7444","local_time":"20190712163917","is_ascension_mode":true,"campfire_choices":[{"data":"Defragment","floor":7,"key":"SMITH"},{"data":"Self Repair","floor":15,"key":"SMITH"},{"data":"Fission","floor":24,"key":"SMITH"},{"data":"Capacitor","floor":32,"key":"SMITH"},{"floor":41,"key":"REST"},{"floor":46,"key":"REST"},{"floor":49,"key":"REST"}],"neow_cost":"NONE","seed_source_timestamp":7933208191800,"circlet_count":0,"master_deck":["Strike_B","Strike_B","Defend_B","Zap+1","Dualcast","Leap","Consume","Defragment+1","Coolheaded","Cold Snap","Self Repair+1","Coolheaded+1","Ball Lightning","Thunder Strike","Ball Lightning","Heatsinks","Capacitor+1","Defragment","Fission+1","Sweeping Beam+1","Defragment+1","Sunder","Electrodynamics+1","Defragment+1","Echo Form+1","Blizzard","Coolheaded+1","Core Surge","Redo+1","Tempest","Capacitor+1"],"relics":["FrozenCore","DataDisk","Thread and Needle","Pear","Regal Pillow","Smiling Mask","Shuriken","Bag of Preparation","Dream Catcher","Kunai","Frozen Egg 2","Fusion Hammer","Lantern","StoneCalendar","War Paint","Darkstone Periapt","Potion Belt","Ice Cream","Calipers"],"potions_floor_usage":[6,8,16,16,25,28,28,29,39,39,47],"damage_taken":[{"damage":2,"enemies":"Jaw Worm","floor":1,"turns":3},{"damage":1,"enemies":"Small Slimes","floor":3,"turns":3},{"damage":1,"enemies":"Cultist","floor":4,"turns":3},{"damage":2,"enemies":"Red Slaver","floor":5,"turns":5},{"damage":3,"enemies":"Lagavulin","floor":6,"turns":8},{"damage":6,"enemies":"Gremlin Nob","floor":8,"turns":4},{"damage":0,"enemies":"Exordium Thugs","floor":10,"turns":5},{"damage":4,"enemies":"3 Sentries","floor":13,"turns":10},{"damage":16,"enemies":"Hexaghost","floor":16,"turns":11},{"damage":0,"enemies":"Chosen","floor":18,"turns":5},{"damage":3,"enemies":"2 Thieves","floor":20,"turns":5},{"damage":2,"enemies":"Cultist and Chosen","floor":22,"turns":7},{"damage":0,"enemies":"Book of Stabbing","floor":23,"turns":8},{"damage":0,"enemies":"Gremlin Leader","floor":25,"turns":9},{"damage":1,"enemies":"Sentry and Sphere","floor":27,"turns":5},{"damage":60,"enemies":"Slavers","floor":28,"turns":8},{"damage":6,"enemies":"Snake Plant","floor":29,"turns":4},{"damage":14,"enemies":"Gremlin Leader","floor":30,"turns":7},{"damage":0,"enemies":"Automaton","floor":33,"turns":9},{"damage":5,"enemies":"3 Shapes","floor":35,"turns":4},{"damage":0,"enemies":"3 Darklings","floor":36,"turns":5},{"damage":18,"enemies":"2 Orb Walkers","floor":39,"turns":6},{"damage":0,"enemies":"Giant Head","floor":40,"turns":6},{"damage":62,"enemies":"Nemesis","floor":42,"turns":7},{"damage":0,"enemies":"Giant Head","floor":44,"turns":6},{"damage":14,"enemies":"Sphere and 2 Shapes","floor":45,"turns":3},{"damage":10,"enemies":"Spire Growth","floor":47,"turns":4},{"damage":3,"enemies":"Time Eater","floor":50,"turns":7}],"seed_played":"43785561013617020","potions_obtained":[{"floor":0,"key":"SteroidPotion"},{"floor":0,"key":"Block Potion"},{"floor":0,"key":"Fire Potion"},{"floor":3,"key":"Dexterity Potion"},{"floor":8,"key":"Swift Potion"},{"floor":13,"key":"Poison Potion"},{"floor":16,"key":"Weak Potion"},{"floor":23,"key":"Regen Potion"},{"floor":27,"key":"GamblersBrew"},{"floor":28,"key":"Energy Potion"},{"floor":29,"key":"Fire Potion"},{"floor":30,"key":"Weak Potion"},{"floor":35,"key":"Regen Potion"},{"floor":42,"key":"FearPotion"},{"floor":45,"key":"SkillPotion"}],"is_trial":false,"path_per_floor":["M","$","M","M","M","E","R","E","T","M","?","?","E","T","R","B",null,"M","?","M","$","M","E","R","E","T","M","E","M","E","$","R","B",null,"M","M","?","$","?","E","R","E","T","E","M","R","M","$","R","B",null],"character_chosen":"DEFECT","items_purchased":["Consume","Defragment","Defragment+1","Lantern","Calipers","Capacitor+1"],"campfire_rested":3,"item_purchase_floors":[2,21,31,38,48,48],"current_hp_per_floor":[73,73,72,71,69,66,66,60,70,77,77,66,69,69,69,63,85,85,85,85,85,85,85,85,85,85,85,45,49,45,45,45,55,85,80,80,80,80,72,82,85,43,43,43,29,69,69,69,85,85],"gold":17,"neow_bonus":"THREE_SMALL_POTIONS","is_prod":false,"is_daily":false,"chose_seed":false,"campfire_upgraded":4,"win_rate":0,"timestamp":1562963957,"path_taken":["M","$","M","M","M","E","R","E","T","M","?","?","E","?","R","BOSS","M","?","?","$","M","E","R","E","T","M","E","M","E","?","R","BOSS","M","M","?","?","?","E","R","E","T","E","M","R","M","$","R","BOSS"],"build_version":"2019-07-05","purchased_purges":4,"victory":true,"max_hp_per_floor":[75,75,75,75,75,75,75,75,85,85,85,85,85,85,85,85,85,85,85,85,85,85,85,85,85,85,85,85,85,85,85,85,85,85,85,85,85,85,85,85,85,85,85,85,85,85,85,85,85,85],"card_choices":[{"not_picked":["White Noise","Streamline"],"picked":"Leap","floor":1},{"not_picked":["BootSequence","Ball Lightning"],"picked":"Defragment","floor":3},{"not_picked":["Aggregate","Barrage"],"picked":"Coolheaded","floor":4},{"not_picked":["Steam Power","Steam"],"picked":"Cold Snap","floor":5},{"not_picked":["Undo","Leap"],"picked":"Self Repair","floor":6},{"not_picked":["Reboot","Scrape"],"picked":"Coolheaded","floor":8},{"not_picked":["Gash","Double Energy","Lockon"],"picked":"SKIP","floor":10},{"not_picked":["Rainbow","Undo"],"picked":"Ball Lightning","floor":13},{"not_picked":["Meteor Strike","Creative AI"],"picked":"Thunder Strike","floor":16},{"not_picked":["Scrape","Sweeping Beam"],"picked":"Ball Lightning","floor":18},{"not_picked":["Self Repair","Coolheaded"],"picked":"Capacitor","floor":20},{"not_picked":["Barrage","Rebound+1","Hologram+1"],"picked":"SKIP","floor":22},{"not_picked":["Ball Lightning","Hello World"],"picked":"Fission","floor":23},{"not_picked":["Streamline","Cold Snap","Skim"],"picked":"SKIP","floor":25},{"not_picked":["Steam","Barrage+1"],"picked":"Sweeping Beam+1","floor":27},{"not_picked":["Ball Lightning","Compile Driver"],"picked":"Defragment+1","floor":28},{"not_picked":["Streamline+1","Rainbow"],"picked":"Sunder","floor":29},{"not_picked":["Rainbow","Reinforced Body"],"picked":"Electrodynamics","floor":30},{"not_picked":["Meteor Strike","Fission"],"picked":"Echo Form+1","floor":33},{"not_picked":["Sunder+1","Hologram"],"picked":"Blizzard","floor":35},{"not_picked":["Steam+1","Turbo","Conserve Battery"],"picked":"SKIP","floor":36},{"not_picked":["Undo","Barrage+1","Stack+1"],"picked":"SKIP","floor":40},{"not_picked":["White Noise","Beam Cell+1"],"picked":"Coolheaded+1","floor":41},{"not_picked":["Hello World+1","Rebound+1"],"picked":"Core Surge","floor":42},{"not_picked":["Go for the Eyes+1","Blizzard","Sunder+1"],"picked":"SKIP","floor":44},{"not_picked":["Melter","Steam"],"picked":"Redo+1","floor":45},{"not_picked":["Recycle","Conserve Battery"],"picked":"Tempest","floor":46},{"not_picked":["Cold Snap+1","Fusion","Redo"],"picked":"SKIP","floor":47}],"player_experience":315218,"relics_obtained":[{"floor":6,"key":"DataDisk"},{"floor":8,"key":"Thread and Needle"},{"floor":9,"key":"Pear"},{"floor":13,"key":"Regal Pillow"},{"floor":14,"key":"Smiling Mask"},{"floor":23,"key":"Shuriken"},{"floor":25,"key":"Bag of Preparation"},{"floor":26,"key":"Dream Catcher"},{"floor":28,"key":"Kunai"},{"floor":30,"key":"Frozen Egg 2"},{"floor":39,"key":"StoneCalendar"},{"floor":40,"key":"War Paint"},{"floor":42,"key":"Darkstone Periapt"},{"floor":43,"key":"Potion Belt"},{"floor":44,"key":"Ice Cream"}],"event_choices":[{"cards_removed":["Strike_B"],"damage_healed":0,"gold_gain":0,"player_choice":"Card Removal","damage_taken":0,"max_hp_gain":0,"max_hp_loss":0,"event_name":"The Cleric","floor":11,"gold_loss":50},{"damage_healed":0,"gold_gain":75,"player_choice":"Gather Gold","damage_taken":11,"max_hp_gain":0,"max_hp_loss":0,"event_name":"World of Goop","floor":12,"gold_loss":0},{"damage_healed":0,"gold_gain":0,"player_choice":"1 cards matched","damage_taken":0,"max_hp_gain":0,"max_hp_loss":0,"event_name":"Match and Keep!","floor":19,"gold_loss":0,"cards_obtained":["Heatsinks"]},{"damage_healed":0,"gold_gain":0,"player_choice":"Ignored","damage_taken":0,"max_hp_gain":0,"max_hp_loss":0,"event_name":"SecretPortal","floor":37,"gold_loss":0},{"damage_healed":0,"gold_gain":0,"player_choice":"Fight","damage_taken":0,"max_hp_gain":0,"max_hp_loss":0,"event_name":"Mysterious Sphere","floor":39,"gold_loss":0}],"is_beta":false,"boss_relics":[{"not_picked":["Black Star","Astrolabe"],"picked":"FrozenCore"},{"not_picked":["Runic Dome","Sozu"],"picked":"Fusion Hammer"}],"items_purged_floors":[21,31,38,48],"is_endless":false,"potions_floor_spawned":[3,4,8,13,16,23,27,28,29,30,35,42,45],"ascension_level":2}