{"gold_per_floor":[116,135,12,12,26,26,60,78,78,96,96,96,112,123,123,123],"floor_reached":16,"playtime":831,"items_purged":[],"score":172,"play_id":"551667ac-86c9-45d1-8784-94a02068ca4c","local_time":"20190805082617","is_ascension_mode":true,"campfire_choices":[{"data":"Go for the Eyes","floor":6,"key":"SMITH"},{"floor":12,"key":"REST"},{"data":"Turbo","floor":15,"key":"SMITH"}],"neow_cost":"NONE","seed_source_timestamp":30572477667400,"circlet_count":0,"master_deck":["AscendersBane","Strike_B","Strike_B","Strike_B","Strike_B","Defend_B","Defend_B","Defend_B","Defend_B","Zap","Dualcast","Defragment+1","Stack","Doom and Gloom","Go for the Eyes+1","Compile Driver","Redo","Coolheaded","Echo Form","Turbo+1","BootSequence","Melter"],"relics":["Cracked Core","Potion Belt","Dream Catcher","Dodecahedron"],"potions_floor_usage":[8,10,16,16],"damage_taken":[{"damage":7,"enemies":"Small Slimes","floor":1,"turns":3},{"damage":1,"enemies":"Cultist","floor":2,"turns":4},{"damage":2,"enemies":"Jaw Worm","floor":5,"turns":4},{"damage":23,"enemies":"Lagavulin","floor":7,"turns":6},{"damage":10,"enemies":"Lots of Slimes","floor":8,"turns":2},{"damage":21,"enemies":"Exordium Thugs","floor":10,"turns":6},{"damage":2,"enemies":"2 Fungi Beasts","floor":13,"turns":3},{"damage":0,"enemies":"Blue Slaver","floor":14,"turns":3},{"damage":26,"enemies":"The Guardian","floor":16,"turns":4}],"seed_played":"7796666386012113669","potions_obtained":[{"floor":1,"key":"Swift Potion"},{"floor":2,"key":"PowerPotion"},{"floor":10,"key":"SteroidPotion"},{"floor":11,"key":"PowerPotion"},{"floor":11,"key":"Strength Potion"},{"floor":11,"key":"FearPotion"},{"floor":14,"key":"AttackPotion"}],"is_trial":false,"path_per_floor":["M","M","$","?","M","R","E","M","T","M","?","R","M","M","R","B"],"character_chosen":"DEFECT","items_purchased":["Doom and Gloom","Go for the Eyes"],"campfire_rested":1,"item_purchase_floors":[3,3],"current_hp_per_floor":[61,60,60,60,58,58,35,25,25,4,4,26,24,24,24,0],"gold":123,"neow_bonus":"RANDOM_COMMON_RELIC","is_prod":false,"is_daily":false,"chose_seed":false,"campfire_upgraded":2,"win_rate":0,"timestamp":1565007977,"path_taken":["M","M","$","?","M","R","E","M","T","?","?","R","?","M","R","BOSS"],"build_version":"2019-07-17","purchased_purges":0,"victory":false,"max_hp_per_floor":[75,75,75,75,75,75,75,75,75,75,75,75,75,75,75,75],"card_choices":[{"not_picked":["Coolheaded","Sweeping Beam"],"picked":"Defragment","floor":1},{"not_picked":["Turbo","Beam Cell"],"picked":"Stack","floor":2},{"not_picked":["Beam Cell","Steam"],"picked":"Compile Driver","floor":5},{"not_picked":["Cold Snap","Rainbow"],"picked":"Redo","floor":7},{"not_picked":["Streamline","Beam Cell"],"picked":"Coolheaded","floor":8},{"not_picked":["Redo","Leap"],"picked":"Echo Form","floor":10},{"not_picked":["Ball Lightning","Stack"],"picked":"Turbo","floor":12},{"not_picked":["Stack","Steam"],"picked":"BootSequence","floor":13},{"not_picked":["Gash","Rebound"],"picked":"Melter","floor":14}],"player_experience":658630,"relics_obtained":[{"floor":7,"key":"Dream Catcher"},{"floor":9,"key":"Dodecahedron"}],"event_choices":[{"damage_healed":0,"gold_gain":0,"player_choice":"Upgraded","damage_taken":0,"max_hp_gain":0,"max_hp_loss":0,"event_name":"Upgrade Shrine","floor":4,"gold_loss":0,"cards_upgraded":["Defragment"]},{"damage_healed":0,"gold_gain":0,"player_choice":"Got Potions","damage_taken":0,"max_hp_gain":0,"max_hp_loss":0,"event_name":"Lab","floor":11,"gold_loss":0}],"is_beta":false,"boss_relics":[],"items_purged_floors":[],"is_endless":false,"potions_floor_spawned":[1,2,10,13,14],"killed_by":"The Guardian","ascension_level":13}