{"gold_per_floor":[116,116,133,149,161,161,161,161,242,242,267,278,353,366,366,461,461,475,485,91,104,0,0,0,0,0,0],"floor_reached":27,"playtime":1136,"items_purged":["Strike_B"],"score":223,"play_id":"d91d12fd-4d20-4053-a43e-cb0baf7cc8ef","local_time":"20191006202004","is_ascension_mode":true,"campfire_choices":[{"data":"Gash","floor":6,"key":"SMITH"},{"data":"Gash","floor":8,"key":"SMITH"},{"data":"Zap","floor":10,"key":"SMITH"},{"floor":15,"key":"REST"},{"data":"Deep Breath","floor":23,"key":"SMITH"},{"data":"Self Repair","floor":25,"key":"SMITH"}],"neow_cost":"NONE","seed_source_timestamp":153956081204700,"circlet_count":0,"master_deck":["Strike_B","Strike_B","Defend_B","Defend_B","Defend_B","Defend_B","Zap+1","Dualcast","Gash+1","Gash+1","Scrape","Leap","Self Repair+1","Scrape","Deep Breath+1"],"relics":["Cracked Core","NeowsBlessing","Gremlin Horn","Odd Mushroom","Eternal Feather","Strawberry","Ornamental Fan"],"potions_floor_usage":[16,16,18],"damage_taken":[{"damage":0,"enemies":"Cultist","floor":1,"turns":1},{"damage":0,"enemies":"Small Slimes","floor":3,"turns":1},{"damage":0,"enemies":"Jaw Worm","floor":4,"turns":1},{"damage":7,"enemies":"Looter","floor":5,"turns":3},{"damage":18,"enemies":"The Mushroom Lair","floor":11,"turns":3},{"damage":8,"enemies":"Exordium Wildlife","floor":12,"turns":3},{"damage":2,"enemies":"2 Fungi Beasts","floor":14,"turns":3},{"damage":53,"enemies":"The Guardian","floor":16,"turns":8},{"damage":21,"enemies":"Shell Parasite","floor":18,"turns":5},{"damage":17,"enemies":"Spheric Guardian","floor":19,"turns":5},{"damage":31,"enemies":"Centurion and Healer","floor":21,"turns":5},{"damage":63,"enemies":"Snecko","floor":27,"turns":10}],"seed_played":"5774978957650551766","potions_obtained":[{"floor":12,"key":"Fire Potion"},{"floor":14,"key":"Explosive Potion"},{"floor":16,"key":"Weak Potion"},{"floor":21,"key":"Strength Potion"}],"is_trial":false,"path_per_floor":["M","?","M","M","M","R","?","R","T","R","?","M","?","M","R","B",null,"M","M","$","M","?","R","?","R","T","M"],"character_chosen":"DEFECT","items_purchased":["Scrape","Strawberry","Deep Breath"],"campfire_rested":1,"item_purchase_floors":[20,20,20],"current_hp_per_floor":[75,75,75,75,68,68,73,73,73,73,55,47,36,34,58,5,80,59,42,49,25,25,34,34,43,43,0],"gold":0,"neow_bonus":"THREE_ENEMY_KILL","is_prod":false,"is_daily":false,"chose_seed":false,"campfire_upgraded":5,"win_rate":0,"timestamp":1570407604,"path_taken":["M","?","M","?","M","R","?","R","T","R","?","M","?","M","R","BOSS","M","M","$","M","?","R","?","R","T","M"],"build_version":"2019-07-17","purchased_purges":1,"victory":false,"max_hp_per_floor":[75,75,75,75,75,75,80,80,80,80,80,80,80,80,80,80,80,80,80,87,87,87,87,87,87,87,87],"card_choices":[{"not_picked":["Sweeping Beam","Redo"],"picked":"Gash","floor":1},{"not_picked":["Redo","Streamline"],"picked":"Gash","floor":3},{"not_picked":["Sunder","Stack","Ball Lightning"],"picked":"SKIP","floor":4},{"not_picked":["Melter","Capacitor","Sweeping Beam"],"picked":"SKIP","floor":5},{"not_picked":["Streamline","Beam Cell","Double Energy"],"picked":"SKIP","floor":12},{"not_picked":["Leap","Cold Snap"],"picked":"Scrape","floor":14},{"not_picked":["Hello World+1","Fusion+1"],"picked":"Leap","floor":18},{"not_picked":["Double Energy+1","Barrage"],"picked":"Self Repair","floor":19},{"not_picked":["Stack","Defragment+1","Barrage"],"picked":"SKIP","floor":21}],"player_experience":105731,"relics_obtained":[{"floor":9,"key":"Gremlin Horn"},{"floor":11,"key":"Odd Mushroom"},{"floor":26,"key":"Ornamental Fan"}],"event_choices":[{"cards_removed":["Strike_B"],"damage_healed":0,"gold_gain":0,"player_choice":"Offered Basic","damage_taken":0,"max_hp_gain":0,"max_hp_loss":0,"event_name":"Bonfire Elementals","floor":2,"gold_loss":0},{"damage_healed":0,"gold_gain":0,"player_choice":"Donut","damage_taken":0,"max_hp_gain":5,"max_hp_loss":0,"event_name":"Big Fish","floor":7,"gold_loss":0},{"damage_healed":0,"gold_gain":0,"player_choice":"Fought Mushrooms","damage_taken":0,"max_hp_gain":0,"max_hp_loss":0,"event_name":"Mushrooms","floor":11,"gold_loss":0},{"damage_healed":0,"gold_gain":75,"player_choice":"Gather Gold","damage_taken":11,"max_hp_gain":0,"max_hp_loss":0,"event_name":"World of Goop","floor":13,"gold_loss":0},{"damage_healed":0,"gold_gain":0,"player_choice":"Paid Fearfully","damage_taken":0,"max_hp_gain":0,"max_hp_loss":0,"event_name":"Masked Bandits","floor":22,"gold_loss":104},{"damage_healed":0,"gold_gain":0,"player_choice":"0 cards matched","damage_taken":0,"max_hp_gain":0,"max_hp_loss":0,"event_name":"Match and Keep!","floor":24,"gold_loss":0,"cards_obtained":[]}],"is_beta":false,"boss_relics":[{"not_picked":["Snecko Eye","Velvet Choker"],"picked":"Eternal Feather"}],"items_purged_floors":[20],"is_endless":false,"potions_floor_spawned":[12,14,16,21],"killed_by":"Snecko","ascension_level":2}