{"gold_per_floor":[112,128,144,26,26,55,55,85,85,95,35,49,67,67,67,144,144,157,157,176,176,196,196,229,229,299,299,299],"floor_reached":28,"playtime":1091,"items_purged":["Strike_R"],"score":484,"play_id":"d4e0495e-ca07-4125-b71b-c539203c0d6e","local_time":"20190831181407","is_ascension_mode":true,"campfire_choices":[{"data":"Inflame","floor":7.0,"key":"SMITH"},{"floor":15.0,"key":"REST"},{"floor":23.0,"key":"REST"},{"floor":27,"key":"REST"}],"neow_cost":"NONE","seed_source_timestamp":0,"circlet_count":0,"master_deck":["AscendersBane","Strike_R","Strike_R","Strike_R","Strike_R","Defend_R","Defend_R","Defend_R","Defend_R","Bash","True Grit","Thunderclap","Headbutt","Inflame+1","Uppercut+1","Feel No Pain","Corruption","Fiend Fire","True Grit","Demon Form","Second Wind","True Grit","Warcry","Ghostly","Ghostly","Ghostly"],"special_seed":0,"relics":["Burning Blood","Boot","Blood Vial","The Courier","Ancient Tea Set","Paper Frog","White Beast Statue","WarpedTongs","Juzu Bracelet","Ornamental Fan"],"potions_floor_usage":[24],"damage_taken":[{"damage":2.0,"enemies":"Cultist","floor":1.0,"turns":4.0},{"damage":12.0,"enemies":"Jaw Worm","floor":2.0,"turns":4.0},{"damage":2.0,"enemies":"2 Louse","floor":3.0,"turns":3.0},{"damage":32.0,"enemies":"Gremlin Nob","floor":6.0,"turns":4.0},{"damage":23.0,"enemies":"Lagavulin","floor":8.0,"turns":7.0},{"damage":7.0,"enemies":"Looter","floor":10.0,"turns":4.0},{"damage":7.0,"enemies":"3 Louse","floor":12.0,"turns":5.0},{"damage":24.0,"enemies":"Exordium Thugs","floor":13.0,"turns":7.0},{"damage":19.0,"enemies":"Slime Boss","floor":16.0,"turns":10.0},{"damage":2.0,"enemies":"Chosen","floor":18.0,"turns":5.0},{"damage":29.0,"enemies":"Shell Parasite","floor":20.0,"turns":9.0},{"damage":21.0,"enemies":"Snecko","floor":22.0,"turns":6.0},{"damage":57,"enemies":"Book of Stabbing","floor":24,"turns":6},{"damage":21,"enemies":"Snake Plant","floor":28,"turns":2}],"seed_played":"5777636242628810983","potions_obtained":[{"floor":3.0,"key":"FairyPotion"},{"floor":6.0,"key":"Block Potion"},{"floor":12.0,"key":"Ancient Potion"},{"floor":16.0,"key":"Swift Potion"},{"floor":18.0,"key":"Swift Potion"},{"floor":20.0,"key":"Strength Potion"},{"floor":22.0,"key":"FearPotion"},{"floor":24,"key":"FearPotion"}],"is_trial":false,"path_per_floor":["M","M","M","$","?","E","R","E","T","M","$","M","M","T","R","B",null,"M","?","M","?","M","R","E","?","T","R","M"],"character_chosen":"IRONCLAD","items_purchased":["Inflame","Uppercut"],"campfire_rested":3,"item_purchase_floors":[4,4],"current_hp_per_floor":[72,66,70,70,70,44,44,29,29,30,30,31,15,15,37,26,63,69,69,48,48,35,57,8,8,8,19,0],"gold":299,"neow_bonus":"RANDOM_COMMON_RELIC","is_prod":false,"is_daily":false,"chose_seed":false,"campfire_upgraded":1,"win_rate":0,"timestamp":1567289647,"path_taken":["M","M","?","$","?","E","R","E","T","?","?","M","M","?","R","BOSS","M","?","?","?","M","R","E","?","T","R","M"],"build_version":"2019-07-17","purchased_purges":1,"victory":false,"max_hp_per_floor":[75,75,75,75,75,75,75,75,75,75,75,75,75,75,75,75,75,75,75,75,75,75,75,75,37,37,37,37],"card_choices":[{"not_picked":["Twin Strike","Perfected Strike"],"picked":"True Grit","floor":1.0},{"not_picked":["Cleave","Heavy Blade"],"picked":"Thunderclap","floor":2.0},{"not_picked":["Twin Strike","Sword Boomerang"],"picked":"Headbutt","floor":3.0},{"not_picked":["Sentinel","Fire Breathing","Twin Strike"],"picked":"SKIP","floor":6.0},{"not_picked":["Uppercut","Clash"],"picked":"Feel No Pain","floor":8.0},{"not_picked":["Rage","Wild Strike"],"picked":"Corruption","floor":10.0},{"not_picked":["Heavy Blade","Armaments"],"picked":"Fiend Fire","floor":12.0},{"not_picked":["Corruption","Rampage"],"picked":"True Grit","floor":13.0},{"not_picked":["Limit Break","Offering"],"picked":"Demon Form","floor":16.0},{"not_picked":["Perfected Strike","Inflame"],"picked":"Second Wind","floor":18.0},{"not_picked":["Rampage","Perfected Strike","Uppercut"],"picked":"SKIP","floor":20.0},{"not_picked":["Corruption","Rampage+1"],"picked":"True Grit","floor":22.0},{"not_picked":["Twin Strike+1","Uppercut"],"picked":"Warcry","floor":24}],"player_experience":939099,"relics_obtained":[{"floor":6.0,"key":"Blood Vial"},{"floor":8.0,"key":"The Courier"},{"floor":9.0,"key":"Ancient Tea Set"},{"floor":14.0,"key":"Paper Frog"},{"floor":24,"key":"Juzu Bracelet"},{"floor":26,"key":"Ornamental Fan"}],"event_choices":[{"damage_healed":0.0,"max_hp_gain":0.0,"max_hp_loss":0.0,"gold_gain":0.0,"event_name":"Upgrade Shrine","player_choice":"Upgraded","floor":5.0,"gold_loss":0.0,"damage_taken":0.0,"cards_upgraded":["Uppercut"]},{"damage_healed":0.0,"max_hp_gain":0.0,"max_hp_loss":0.0,"gold_gain":0.0,"event_name":"Accursed Blacksmith","player_choice":"Rummage","floor":19.0,"gold_loss":0.0,"damage_taken":0.0,"relics_obtained":["WarpedTongs"],"cards_obtained":["Pain"]},{"cards_removed":["Pain"],"damage_healed":0.0,"max_hp_gain":0.0,"max_hp_loss":0.0,"gold_gain":0.0,"event_name":"Back to Basics","player_choice":"Elegance","floor":21.0,"gold_loss":0.0,"damage_taken":0.0},{"damage_healed":0,"gold_gain":0,"player_choice":"Became a Ghost","damage_taken":0,"max_hp_gain":0,"max_hp_loss":38,"event_name":"Ghosts","floor":25,"gold_loss":0,"cards_obtained":["Ghostly","Ghostly","Ghostly"]}],"is_beta":false,"boss_relics":[{"not_picked":["Calling Bell","Busted Crown"],"picked":"White Beast Statue"}],"items_purged_floors":[11],"is_endless":false,"potions_floor_spawned":[3,6,12,16,18,20,22,24],"killed_by":"Snake Plant","ascension_level":19}