{"gold_per_floor":[210,190,207,132,52,52,77,77,77,112,123,123,123,140,140,214,214,230,230,245,77,77,109,121,164,199,211],"floor_reached":27,"playtime":795,"items_purged":["Strike_P"],"score":647,"play_id":"93a3b0e1-b9d2-4c77-ac69-5433cf365621","local_time":"20191022215134","is_ascension_mode":true,"campfire_choices":[{"data":"Eruption","floor":6.0,"key":"SMITH"},{"data":"LikeWater","floor":8.0,"key":"SMITH"},{"data":"FlyingSleeves","floor":12.0,"key":"SMITH"},{"data":"FollowUp","floor":15.0,"key":"SMITH"},{"floor":24.0,"key":"REST"}],"neow_cost":"NONE","seed_source_timestamp":345678576653500,"circlet_count":0,"master_deck":["AscendersBane","Strike_P+1","Defend_P+1","Defend_P+1","Defend_P+1","Defend_P+1","Eruption+1","Vigilance","FlyingSleeves+1","Tantrum+1","LikeWater+1","DeusExMachina","FollowUp+1","ClearTheMind","Judgement","Protect","JustLucky","RitualDagger","Wireheading","Consecrate"],"special_seed":0,"relics":["PureWater","Lantern","Pen Nib","PreservedInsect","Empty Cage","Membership Card","MawBank","Du-Vu Doll","Dream Catcher"],"potions_floor_usage":[25,25],"damage_taken":[{"damage":2.0,"enemies":"Jaw Worm","floor":1.0,"turns":3.0},{"damage":0.0,"enemies":"Cultist","floor":3.0,"turns":3.0},{"damage":0.0,"enemies":"Lagavulin","floor":7.0,"turns":3.0},{"damage":13.0,"enemies":"3 Sentries","floor":10.0,"turns":10.0},{"damage":9.0,"enemies":"Small Slimes","floor":11.0,"turns":4.0},{"damage":3.0,"enemies":"Blue Slaver","floor":14.0,"turns":3.0},{"damage":0.0,"enemies":"Slime Boss","floor":16.0,"turns":5.0},{"damage":0.0,"enemies":"Spheric Guardian","floor":18.0,"turns":1.0},{"damage":1.0,"enemies":"3 Byrds","floor":20.0,"turns":4.0},{"damage":38.0,"enemies":"Gremlin Leader","floor":23.0,"turns":6.0},{"damage":10,"enemies":"Slavers","floor":25,"turns":4},{"damage":22,"enemies":"Snake Plant","floor":27,"turns":2}],"seed_played":"-5661782981349694651","potions_obtained":[{"floor":1.0,"key":"FearPotion"},{"floor":2.0,"key":"Swift Potion"},{"floor":10.0,"key":"EssenceOfSteel"},{"floor":11.0,"key":"SpeedPotion"},{"floor":23.0,"key":"Explosive Potion"}],"is_trial":false,"path_per_floor":["M","?","M","$","$","R","E","R","T","E","M","R","?","M","R","B",null,"M","?","M","$","?","E","R","E","T","M"],"character_chosen":"WATCHER","items_purchased":["LikeWater","Membership Card"],"campfire_rested":1,"item_purchase_floors":[5,21],"current_hp_per_floor":[59,59,59,59,59,59,59,59,59,46,37,37,17,14,14,14,55,55,55,54,54,48,10,30,20,20,0],"gold":211,"neow_bonus":"HUNDRED_GOLD","is_prod":false,"is_daily":false,"chose_seed":false,"campfire_upgraded":4,"win_rate":0,"timestamp":1571795494,"path_taken":["M","?","M","?","$","R","E","R","T","E","?","R","?","M","R","BOSS","M","?","M","$","?","E","R","E","T","M"],"build_version":"2019-10-22","purchased_purges":1,"victory":false,"max_hp_per_floor":[68,68,68,68,68,68,68,68,68,68,68,68,68,68,68,68,68,68,68,68,68,68,68,68,68,68,68],"card_choices":[{"not_picked":["Pray","Prostrate"],"picked":"FlyingSleeves","floor":1.0},{"not_picked":["Perseverance","Study"],"picked":"Tantrum","floor":3.0},{"not_picked":["FlurryOfBlows","SashWhip"],"picked":"DeusExMachina","floor":7.0},{"not_picked":["Fasting2","Worship","EmptyFist"],"picked":"SKIP","floor":10.0},{"not_picked":["PathToVictory","Crescendo"],"picked":"FollowUp","floor":11.0},{"not_picked":["Perseverance","Crescendo"],"picked":"ClearTheMind","floor":14.0},{"not_picked":["Wish","DeusExMachina"],"picked":"Judgement","floor":16.0},{"not_picked":["Halt","Prostrate"],"picked":"Protect","floor":18.0},{"not_picked":["SignatureMove","Vengeance"],"picked":"JustLucky","floor":20.0},{"not_picked":["Alpha","CrushJoints"],"picked":"Wireheading","floor":23.0},{"not_picked":["PathToVictory","ThirdEye"],"picked":"Consecrate","floor":25}],"player_experience":1376427,"relics_obtained":[{"floor":7.0,"key":"Lantern"},{"floor":9.0,"key":"Pen Nib"},{"floor":10.0,"key":"PreservedInsect"},{"floor":23.0,"key":"MawBank"},{"floor":25,"key":"Du-Vu Doll"},{"floor":26,"key":"Dream Catcher"}],"event_choices":[{"damage_healed":0.0,"max_hp_gain":0.0,"max_hp_loss":0.0,"gold_gain":0.0,"event_name":"The Woman in Blue","player_choice":"Bought 1 Potion","floor":2.0,"gold_loss":0.0,"damage_taken":0.0},{"damage_healed":0.0,"max_hp_gain":0.0,"max_hp_loss":0.0,"gold_gain":0.0,"event_name":"Shining Light","player_choice":"Entered Light","floor":13.0,"gold_loss":0.0,"damage_taken":20.0,"cards_upgraded":["Tantrum","Strike_P"]},{"damage_healed":0.0,"max_hp_gain":0.0,"max_hp_loss":0.0,"gold_gain":0.0,"event_name":"Back to Basics","player_choice":"Simplicity","floor":19.0,"gold_loss":0.0,"damage_taken":0.0,"cards_upgraded":["Defend_P","Defend_P","Defend_P","Defend_P"]},{"damage_healed":0.0,"max_hp_gain":0.0,"max_hp_loss":0.0,"gold_gain":0.0,"event_name":"Nest","player_choice":"Joined the Cult","floor":22.0,"gold_loss":0.0,"damage_taken":6.0,"cards_obtained":["RitualDagger"]}],"is_beta":true,"boss_relics":[{"not_picked":["Black Star","Busted Crown"],"picked":"Empty Cage"}],"items_purged_floors":[4],"is_endless":false,"potions_floor_spawned":[1,10,11,23],"killed_by":"Snake Plant","ascension_level":19}