{"gold_per_floor":[211,228,178,19,0,35,35,62,362,362,362,362,423,438,438,538,538,550,112,127,27,0,33,33,48,48,83,98,98,113,128,128,227,227,245,262,26,126,126,126,155,205,251,265,265,294,294,16,16,16],"floor_reached":51,"playtime":3272,"items_purged":["Strike_P","Strike_P","SignatureMove"],"score":991,"play_id":"b4cb19a5-16fa-4285-86db-fb67b1051e86","local_time":"20190930133712","is_ascension_mode":true,"campfire_choices":[{"data":"1","floor":7.0,"key":"LIFT"},{"data":"2","floor":10.0,"key":"LIFT"},{"data":"3","floor":12.0,"key":"LIFT"},{"data":"Eruption","floor":15.0,"key":"SMITH"},{"data":"EmptyMind","floor":24.0,"key":"SMITH"},{"floor":29.0,"key":"REST"},{"floor":32.0,"key":"REST"},{"data":"Alpha","floor":40.0,"key":"SMITH"},{"floor":45.0,"key":"REST"},{"data":"Wallop","floor":49,"key":"SMITH"}],"neow_cost":"NONE","seed_source_timestamp":0,"circlet_count":0,"master_deck":["Eruption+1","Vigilance","JustLucky","Sanctity","ReachHeaven","ClearTheMind","EmptyMind+1","Alpha+1","Sanctity","FlowState+1","FlurryOfBlows","Protect+1","Tantrum","Establishment","EmptyBody+1","CrushJoints","Adaptation","FlurryOfBlows+1","ConjureBlade+1","ClearTheMind+1","Evaluate+1","Halt+1","CutThroughFate+1","Protect+1","WaveOfTheHand+1","Wireheading","Blasphemy+1","Master of Strategy+1","Wallop+1"],"special_seed":0,"relics":["PureWater","Girya","MealTicket","Old Coin","Tiny Chest","VioletLotus","Toxic Egg 2","GoldenEye","Shuriken","Orichalcum","Pandora\u0027s Box","Lizard Tail","Frozen Egg 2","Boot","Bag of Marbles","Prayer Wheel","Membership Card"],"potions_floor_usage":[50],"damage_taken":[{"damage":7.0,"enemies":"Jaw Worm","floor":1.0,"turns":3.0},{"damage":1.0,"enemies":"Small Slimes","floor":2.0,"turns":4.0},{"damage":32.0,"enemies":"Gremlin Nob","floor":6.0,"turns":3.0},{"damage":14.0,"enemies":"Lagavulin","floor":8.0,"turns":6.0},{"damage":6.0,"enemies":"3 Sentries","floor":13.0,"turns":4.0},{"damage":1.0,"enemies":"2 Louse","floor":14.0,"turns":2.0},{"damage":0.0,"enemies":"Slime Boss","floor":16.0,"turns":3.0},{"damage":26.0,"enemies":"2 Thieves","floor":18.0,"turns":3.0},{"damage":0.0,"enemies":"Chosen","floor":20.0,"turns":3.0},{"damage":40.0,"enemies":"Slavers","floor":23.0,"turns":7.0},{"damage":12.0,"enemies":"Snecko","floor":25.0,"turns":6.0},{"damage":14.0,"enemies":"Gremlin Leader","floor":27.0,"turns":4.0},{"damage":2.0,"enemies":"Centurion and Healer","floor":28.0,"turns":4.0},{"damage":11.0,"enemies":"Shelled Parasite and Fungi","floor":30.0,"turns":2.0},{"damage":0.0,"enemies":"Chosen and Byrds","floor":31.0,"turns":3.0},{"damage":28.0,"enemies":"Champ","floor":33.0,"turns":8.0},{"damage":0.0,"enemies":"3 Shapes","floor":35.0,"turns":8.0},{"damage":6.0,"enemies":"Orb Walker","floor":36.0,"turns":3.0},{"damage":0.0,"enemies":"Mind Bloom Boss Battle","floor":38.0,"turns":4.0},{"damage":26.0,"enemies":"Nemesis","floor":41.0,"turns":9.0},{"damage":18.0,"enemies":"Spire Growth","floor":44.0,"turns":4.0},{"damage":0.0,"enemies":"Giant Head","floor":46.0,"turns":7.0},{"damage":37,"enemies":"Awakened One","floor":50,"turns":11}],"seed_played":"3254606475586564676","potions_obtained":[{"floor":1.0,"key":"EssenceOfSteel"},{"floor":2.0,"key":"EssenceOfSteel"},{"floor":6.0,"key":"Weak Potion"},{"floor":18.0,"key":"EssenceOfSteel"},{"floor":23.0,"key":"Fire Potion"},{"floor":25.0,"key":"Dexterity Potion"},{"floor":27.0,"key":"Energy Potion"},{"floor":28.0,"key":"PowerPotion"},{"floor":35.0,"key":"SteroidPotion"},{"floor":44.0,"key":"Weak Potion"}],"is_trial":false,"path_per_floor":["M","M","?","$","?","E","R","E","T","R","?","R","E","M","R","B",null,"M","$","M","$","?","E","R","M","T","E","M","R","M","M","R","B",null,"M","M","$","?","?","R","E","T","T","M","R","E","?","$","R","B",null],"character_chosen":"WATCHER","items_purchased":["ReachHeaven","Toxic Egg 2","FlowState+1","FlurryOfBlows","WaveOfTheHand+1","Wireheading","Membership Card","Master of Strategy+1","Wallop"],"campfire_rested":3,"item_purchase_floors":[4,19,19,19,37,37,48,48,48],"current_hp_per_floor":[65,64,64,64,64,32,32,18,18,18,18,18,12,11,11,11,72,46,61,61,72,72,32,32,20,20,6,4,25,14,14,35,7,72,72,66,72,72,72,72,46,46,46,28,49,49,82,82,82,45],"gold":16,"neow_bonus":"HUNDRED_GOLD","is_prod":false,"is_daily":false,"chose_seed":false,"campfire_upgraded":4,"win_rate":0,"timestamp":1569865032,"path_taken":["M","M","?","$","?","E","R","E","T","R","?","R","E","?","R","BOSS","M","$","M","$","?","E","R","M","T","E","M","R","M","M","R","BOSS","M","M","$","?","?","R","E","?","T","?","R","E","?","$","R","BOSS"],"build_version":"2019-09-27","purchased_purges":3,"victory":true,"max_hp_per_floor":[72,72,72,72,72,72,72,72,72,72,72,72,72,72,72,72,72,72,72,72,72,72,72,72,72,72,72,72,72,72,72,72,72,72,72,72,72,72,72,72,72,72,72,72,72,72,82,82,82,82],"card_choices":[{"not_picked":["MasterReality","Prostrate"],"picked":"JustLucky","floor":1.0},{"not_picked":["Prostrate","Protect"],"picked":"Sanctity","floor":2.0},{"not_picked":["ForeignInfluence","Crescendo"],"picked":"SignatureMove","floor":6.0},{"not_picked":["FollowUp","CrushJoints"],"picked":"ClearTheMind","floor":8.0},{"not_picked":["Brilliance","BattleHymn"],"picked":"EmptyMind","floor":13.0},{"not_picked":["JustLucky","FollowUp","CutThroughFate"],"picked":"SKIP","floor":14.0},{"not_picked":["ReachHeaven","DevaForm"],"picked":"Alpha","floor":16.0},{"not_picked":["PathToVictory","Devotion+1"],"picked":"Sanctity","floor":18.0},{"not_picked":["Weave+1","BattleHymn"],"picked":"Protect+1","floor":20.0},{"not_picked":["WindmillStrike","FlyingSleeves+1"],"picked":"Tantrum","floor":23.0},{"not_picked":["FlyingSleeves","EmptyFist"],"picked":"Establishment","floor":25.0},{"not_picked":["WreathOfFlame+1","Protect+1"],"picked":"EmptyBody+1","floor":27.0},{"not_picked":["BowlingBash+1","Sanctity+1"],"picked":"CrushJoints","floor":28.0},{"not_picked":["WreathOfFlame+1","Prostrate+1"],"picked":"Adaptation","floor":30.0},{"not_picked":["MasterReality+1","Sanctity+1"],"picked":"FlurryOfBlows+1","floor":31.0},{"not_picked":["Vault","Wish+1"],"picked":"ConjureBlade+1","floor":33.0},{"not_picked":["WreathOfFlame+1","EmptyFist"],"picked":"CutThroughFate+1","floor":35.0},{"not_picked":["MasterReality","FlyingSleeves+1"],"picked":"Protect+1","floor":36.0},{"not_picked":["JustLucky","Wireheading","PathToVictory+1"],"picked":"SKIP","floor":41.0},{"not_picked":["FlyingSleeves","Prostrate+1","SandsOfTime+1"],"picked":"SKIP","floor":44.0},{"not_picked":["CutThroughFate","EmptyBody+1"],"picked":"Blasphemy+1","floor":46.0}],"player_experience":1181275,"relics_obtained":[{"floor":6.0,"key":"Girya"},{"floor":8.0,"key":"MealTicket"},{"floor":9.0,"key":"Old Coin"},{"floor":13.0,"key":"Tiny Chest"},{"floor":23.0,"key":"GoldenEye"},{"floor":26.0,"key":"Shuriken"},{"floor":27.0,"key":"Orichalcum"},{"floor":38.0,"key":"Lizard Tail"},{"floor":41.0,"key":"Frozen Egg 2"},{"floor":42.0,"key":"Boot"},{"floor":43.0,"key":"Bag of Marbles"},{"floor":46.0,"key":"Prayer Wheel"}],"event_choices":[{"cards_removed":["Defend_P"],"damage_healed":0.0,"max_hp_gain":0.0,"max_hp_loss":0.0,"gold_gain":0.0,"event_name":"The Cleric","player_choice":"Card Removal","floor":3.0,"gold_loss":50.0,"damage_taken":0.0},{"damage_healed":0.0,"max_hp_gain":0.0,"max_hp_loss":0.0,"gold_gain":0.0,"event_name":"World of Goop","player_choice":"Left Gold","floor":5.0,"gold_loss":19.0,"damage_taken":0.0},{"damage_healed":0.0,"max_hp_gain":0.0,"max_hp_loss":0.0,"gold_gain":0.0,"event_name":"Dead Adventurer","player_choice":"Searched \u00270\u0027 times","floor":11.0,"gold_loss":0.0,"damage_taken":0.0},{"damage_healed":0.0,"max_hp_gain":0.0,"max_hp_loss":0.0,"gold_gain":0.0,"event_name":"Masked Bandits","player_choice":"Paid Fearfully","floor":22.0,"gold_loss":27.0,"damage_taken":0.0},{"damage_healed":0.0,"max_hp_gain":0.0,"max_hp_loss":0.0,"gold_gain":0.0,"event_name":"MindBloom","player_choice":"Fight","floor":38.0,"gold_loss":0.0,"damage_taken":0.0},{"cards_removed":["CarveReality"],"damage_healed":0.0,"max_hp_gain":0.0,"max_hp_loss":0.0,"gold_gain":0.0,"event_name":"Falling","player_choice":"Removed Attack","floor":39.0,"gold_loss":0.0,"damage_taken":0.0},{"cards_removed":["SignatureMove"],"damage_healed":23.0,"max_hp_gain":10.0,"max_hp_loss":0.0,"gold_gain":0.0,"event_name":"Bonfire Elementals","player_choice":"Offered Rare","floor":47.0,"gold_loss":0.0,"damage_taken":0.0}],"is_beta":true,"boss_relics":[{"not_picked":["Empty Cage","Tiny House"],"picked":"VioletLotus"},{"not_picked":["Calling Bell","SacredBark"],"picked":"Pandora\u0027s Box"}],"items_purged_floors":[19,21,37],"is_endless":false,"potions_floor_spawned":[1,2,6,18,23,25,27,28,35,44],"ascension_level":4}