{"gold_per_floor":[114,114,114,114,126,151,151,163,163,163,175,243,243,260,260,363,363,381,393,393,393,406,425,875,885,885,901,901,912,912,922,922,1017,1017,1030,1030,1030,602,622,622,634,645,645,645,658,63,79,98,98,98],"floor_reached":51,"playtime":4564,"items_purged":["Regret"],"score":655,"play_id":"d91c0533-cd29-480e-bdd9-2524b9827ce5","local_time":"20190918232026","is_ascension_mode":false,"campfire_choices":[{"floor":7,"key":"REST"},{"data":"Self Repair","floor":10,"key":"SMITH"},{"data":"Self Repair","floor":13,"key":"SMITH"},{"data":"Biased Cognition","floor":15,"key":"SMITH"},{"data":"Biased Cognition","floor":30,"key":"SMITH"},{"data":"Hello World","floor":32,"key":"SMITH"},{"data":"Loop","floor":40,"key":"SMITH"},{"data":"Static Discharge","floor":44,"key":"SMITH"},{"data":"Rainbow","floor":49,"key":"SMITH"}],"neow_cost":"NONE","seed_source_timestamp":510015707523300,"circlet_count":0,"master_deck":["Defend_B","Defend_B","Defend_B+1","Zap+1","Heatsinks+1","Self Repair+1","Self Repair+1","Ball Lightning","Sweeping Beam","Biased Cognition+1","Biased Cognition+1","Bite","Bite","Bite","Bite","Bite","Hello World","Static Discharge+1","Hello World+1","BootSequence","Amplify","Bandage Up","Panacea","Dramatic Entrance","Loop+1","Rainbow+1","White Noise"],"relics":["FrozenCore","Matryoshka","Happy Flower","Mummified Hand","Orichalcum","Kunai","Vajra","Gremlin Horn","Busted Crown","Toolbox","Bottled Flame","HandDrill","Sundial","Pen Nib"],"potions_floor_usage":[],"damage_taken":[{"damage":5,"enemies":"2 Louse","floor":1,"turns":3},{"damage":2,"enemies":"Small Slimes","floor":5,"turns":4},{"damage":43,"enemies":"Gremlin Nob","floor":6,"turns":5},{"damage":8,"enemies":"Cultist","floor":8,"turns":4},{"damage":7,"enemies":"Blue Slaver","floor":11,"turns":3},{"damage":4,"enemies":"Gremlin Gang","floor":14,"turns":3},{"damage":70,"enemies":"The Guardian","floor":16,"turns":14},{"damage":9,"enemies":"Shell Parasite","floor":18,"turns":5},{"damage":5,"enemies":"3 Byrds","floor":19,"turns":3},{"damage":9,"enemies":"Shelled Parasite and Fungi","floor":22,"turns":5},{"damage":5,"enemies":"Sentry and Sphere","floor":23,"turns":5},{"damage":1,"enemies":"Snake Plant","floor":25,"turns":4},{"damage":1,"enemies":"Centurion and Healer","floor":27,"turns":6},{"damage":6,"enemies":"Sentry and Sphere","floor":29,"turns":4},{"damage":7,"enemies":"Snecko","floor":31,"turns":7},{"damage":49,"enemies":"Collector","floor":33,"turns":9},{"damage":1,"enemies":"Orb Walker","floor":35,"turns":4},{"damage":27,"enemies":"3 Darklings","floor":39,"turns":4},{"damage":19,"enemies":"Sphere and 2 Shapes","floor":41,"turns":4},{"damage":2,"enemies":"Maw","floor":42,"turns":5},{"damage":21,"enemies":"4 Shapes","floor":45,"turns":3},{"damage":0,"enemies":"Jaw Worm Horde","floor":47,"turns":3},{"damage":12,"enemies":"Spire Growth","floor":48,"turns":5},{"damage":49,"enemies":"Time Eater","floor":50,"turns":7}],"seed_played":"-5487756387989154354","potions_obtained":[{"floor":1,"key":"Weak Potion"},{"floor":11,"key":"EntropicBrew"},{"floor":16,"key":"AttackPotion"},{"floor":19,"key":"Fire Potion"},{"floor":29,"key":"Block Potion"},{"floor":33,"key":"Dexterity Potion"},{"floor":45,"key":"Regen Potion"}],"is_trial":false,"path_per_floor":["M","?","?","?","M","E","R","M","T","R","M","T","R","M","R","B",null,"M","M","?","?","M","M","?","M","T","M","?","M","R","M","R","B",null,"M","?","?","$","M","R","M","M","T","R","M","$","M","M","R","B",null],"character_chosen":"DEFECT","items_purchased":["Loop","Rainbow","Toolbox","HandDrill","Sundial","Pen Nib"],"campfire_rested":1,"item_purchase_floors":[38,38,38,46,46,46],"current_hp_per_floor":[77,61,61,61,59,23,47,53,53,53,63,63,63,79,79,29,82,82,82,57,57,57,57,21,52,52,57,57,57,57,57,57,46,57,57,57,47,47,54,54,57,57,57,57,54,54,57,57,57,44],"gold":98,"neow_bonus":"TEN_PERCENT_HP_BONUS","is_prod":false,"is_daily":false,"chose_seed":false,"campfire_upgraded":8,"win_rate":0.0,"timestamp":1568863226,"path_taken":["M","?","?","?","M","E","R","M","T","R","M","?","R","M","R","BOSS","M","M","?","?","M","M","?","M","T","?","?","?","R","M","R","BOSS","M","?","?","$","M","R","M","M","T","R","M","$","M","M","R","BOSS"],"build_version":"2019-07-17","purchased_purges":1,"victory":true,"max_hp_per_floor":[82,82,82,82,82,82,82,82,82,82,82,82,82,82,82,82,82,82,82,57,57,57,57,57,57,57,57,57,57,57,57,57,57,57,57,57,57,57,57,57,57,57,57,57,57,57,57,57,57,57],"card_choices":[{"not_picked":["Auto Shields","Redo"],"picked":"Heatsinks","floor":1},{"not_picked":["Barrage","Hologram"],"picked":"Self Repair","floor":5},{"not_picked":["Beam Cell","Genetic Algorithm"],"picked":"Self Repair","floor":6},{"not_picked":["Gash","Tempest"],"picked":"Ball Lightning","floor":8},{"not_picked":["Ball Lightning","Conserve Battery"],"picked":"Sweeping Beam","floor":11},{"not_picked":["Skim","Barrage"],"picked":"Biased Cognition","floor":14},{"not_picked":["Fission","Multi-Cast"],"picked":"Biased Cognition","floor":16},{"not_picked":["Stack","Chaos","Go for the Eyes+1"],"picked":"SKIP","floor":18},{"not_picked":["Reprogram","Genetic Algorithm","Beam Cell"],"picked":"SKIP","floor":19},{"not_picked":["Ball Lightning+1","Consume","Auto Shields+1"],"picked":"SKIP","floor":22},{"not_picked":["Ball Lightning+1","Cold Snap"],"picked":"Static Discharge","floor":23},{"not_picked":["Coolheaded","Compile Driver"],"picked":"Hello World","floor":25},{"not_picked":["Glacier","Go for the Eyes"],"picked":"BootSequence","floor":27},{"not_picked":["Hologram","Sweeping Beam"],"picked":"Amplify","floor":29},{"not_picked":["Gash","Compile Driver","Scrape"],"picked":"SKIP","floor":31},{"not_picked":["Barrage"],"picked":"SKIP","floor":35},{"not_picked":[],"picked":"Bandage Up","floor":37},{"not_picked":[],"picked":"Panacea","floor":37},{"not_picked":[],"picked":"Dramatic Entrance","floor":37},{"not_picked":["Cold Snap"],"picked":"SKIP","floor":39},{"not_picked":["Sweeping Beam"],"picked":"SKIP","floor":41},{"not_picked":[],"picked":"White Noise","floor":42},{"not_picked":["Cold Snap"],"picked":"SKIP","floor":45},{"not_picked":["Streamline"],"picked":"SKIP","floor":47},{"not_picked":["Redo+1"],"picked":"SKIP","floor":48}],"player_experience":20641,"relics_obtained":[{"floor":6,"key":"Happy Flower"},{"floor":9,"key":"Mummified Hand"},{"floor":9,"key":"Orichalcum"},{"floor":12,"key":"Kunai"},{"floor":12,"key":"Vajra"},{"floor":26,"key":"Gremlin Horn"},{"floor":43,"key":"Bottled Flame"}],"event_choices":[{"damage_healed":0,"gold_gain":0,"player_choice":"Entered Light","damage_taken":16,"max_hp_gain":0,"max_hp_loss":0,"event_name":"Shining Light","floor":2,"gold_loss":0,"cards_upgraded":["Defend_B","Zap"]},{"damage_healed":0,"gold_gain":0,"player_choice":"Box","damage_taken":0,"relics_obtained":["Matryoshka"],"max_hp_gain":0,"max_hp_loss":0,"event_name":"Big Fish","floor":3,"gold_loss":0,"cards_obtained":["Regret"]},{"damage_healed":0,"gold_gain":0,"player_choice":"Grow","damage_taken":0,"max_hp_gain":0,"max_hp_loss":0,"event_name":"Living Wall","floor":4,"gold_loss":0,"cards_upgraded":["Heatsinks"]},{"damage_healed":0,"gold_gain":0,"player_choice":"Became a vampire","damage_taken":0,"max_hp_gain":0,"max_hp_loss":25,"event_name":"Vampires","floor":20,"gold_loss":0,"cards_obtained":["Bite","Bite","Bite","Bite","Bite"]},{"damage_healed":0,"gold_gain":0,"player_choice":"Read","damage_taken":0,"max_hp_gain":0,"max_hp_loss":0,"event_name":"The Library","floor":21,"gold_loss":0,"cards_obtained":["Hello World"]},{"damage_healed":0,"gold_gain":450,"player_choice":"GOLD GOLD GOLD GOLD GOLD ","damage_taken":36,"max_hp_gain":0,"max_hp_loss":0,"event_name":"Knowing Skull","floor":24,"potions_obtained":[],"gold_loss":0,"cards_obtained":[]},{"cards_removed":["Dualcast"],"damage_healed":0,"gold_gain":0,"player_choice":"Card Removal","damage_taken":0,"max_hp_gain":0,"max_hp_loss":0,"event_name":"Wheel of Change","floor":28,"gold_loss":0},{"cards_removed":["Defend_B"],"damage_healed":0,"gold_gain":0,"player_choice":"Removed Skill","damage_taken":0,"max_hp_gain":0,"max_hp_loss":0,"event_name":"Falling","floor":36,"gold_loss":0},{"damage_healed":0,"gold_gain":0,"player_choice":"Memory 3","damage_taken":10,"max_hp_gain":0,"max_hp_loss":0,"event_name":"SensoryStone","floor":37,"gold_loss":0}],"is_beta":false,"boss_relics":[{"not_picked":["Velvet Choker","Orrery"],"picked":"FrozenCore"},{"not_picked":["White Beast Statue","Eternal Feather"],"picked":"Busted Crown"}],"items_purged_floors":[38],"is_endless":false,"potions_floor_spawned":[1,11,16,19,22,27,29,33,39,41,45],"ascension_level":0}