{"gold_per_floor":[119,119,394,77,97,97,130,145,145,156,156],"floor_reached":11,"playtime":274,"items_purged":["Regret"],"score":127,"play_id":"fdae4cb8-e6c5-4044-bebc-c1d13befb3c7","local_time":"20191002223719","is_ascension_mode":true,"campfire_choices":[{"data":"Eruption","floor":6,"key":"SMITH"}],"neow_cost":"NONE","seed_source_timestamp":684523130249300,"circlet_count":0,"master_deck":["Strike_P","Strike_P+1","Strike_P","Strike_P","Defend_P","Defend_P","Defend_P+1","Defend_P","Eruption+1","Vigilance","CrushJoints","Wireheading","InnerPeace","CutThroughFate"],"relics":["PureWater","NeowsBlessing","Letter Opener","Dead Branch","Matryoshka"],"potions_floor_usage":[11],"damage_taken":[{"damage":0,"enemies":"2 Louse","floor":1,"turns":1},{"damage":0,"enemies":"Cultist","floor":5,"turns":1},{"damage":0,"enemies":"Gremlin Nob","floor":7,"turns":1},{"damage":7,"enemies":"Small Slimes","floor":8,"turns":3},{"damage":8,"enemies":"3 Louse","floor":10,"turns":3},{"damage":54,"enemies":"3 Sentries","floor":11,"turns":5}],"seed_played":"3721844109140435647","potions_obtained":[{"floor":5,"key":"LiquidBronze"},{"floor":8,"key":"GamblersBrew"},{"floor":10,"key":"DuplicationPotion"}],"is_trial":false,"path_per_floor":["M","?","?","$","M","R","E","M","T","M","E"],"character_chosen":"WATCHER","items_purchased":["Letter Opener"],"campfire_rested":0,"item_purchase_floors":[4],"current_hp_per_floor":[65,51,51,51,51,51,51,44,44,36,0],"gold":156,"neow_bonus":"THREE_ENEMY_KILL","is_prod":false,"is_daily":false,"chose_seed":false,"campfire_upgraded":1,"win_rate":0,"timestamp":1570070239,"path_taken":["M","?","?","$","M","R","E","M","T","M","E"],"build_version":"2019-10-02","purchased_purges":1,"victory":false,"max_hp_per_floor":[72,72,72,72,72,72,72,72,72,72,72],"card_choices":[{"not_picked":["ThirdEye","FlyingSleeves"],"picked":"CrushJoints","floor":1},{"not_picked":["CrushJoints","Halt"],"picked":"Wireheading","floor":5},{"not_picked":["Protect","Omniscience","Scrawl"],"picked":"SKIP","floor":7},{"not_picked":["CrushJoints","JustLucky"],"picked":"InnerPeace","floor":8},{"not_picked":["FollowUp","Indignation"],"picked":"CutThroughFate","floor":10}],"player_experience":1208272,"relics_obtained":[{"floor":7,"key":"Dead Branch"},{"floor":9,"key":"Matryoshka"}],"event_choices":[{"damage_healed":0,"gold_gain":0,"player_choice":"Entered Light","damage_taken":14,"max_hp_gain":0,"max_hp_loss":0,"event_name":"Shining Light","floor":2,"gold_loss":0,"cards_upgraded":["Strike_P","Defend_P"]},{"damage_healed":0,"gold_gain":275,"player_choice":"Desecrate","damage_taken":0,"max_hp_gain":0,"max_hp_loss":0,"event_name":"Golden Shrine","floor":3,"gold_loss":0,"cards_obtained":["Regret"]}],"is_beta":true,"boss_relics":[],"items_purged_floors":[4],"is_endless":false,"potions_floor_spawned":[5,8,10],"killed_by":"3 Sentries","ascension_level":6}