{"gold_per_floor":[110,126,126,146,157,190,209,209,209,238,255,255,255,270,270,270],"floor_reached":16,"playtime":1292,"items_purged":[],"score":125,"play_id":"a9e5a4f3-e739-4c3d-b6b4-6d978523f70f","local_time":"20190920192437","is_ascension_mode":true,"campfire_choices":[{"data":"Body Slam","floor":8,"key":"SMITH"},{"data":"Body Slam","floor":12,"key":"SMITH"},{"data":"Flame Barrier","floor":15,"key":"SMITH"}],"neow_cost":"NONE","seed_source_timestamp":671996287805700,"circlet_count":0,"master_deck":["Strike_R","Strike_R","Strike_R","Strike_R","Defend_R","Defend_R","Defend_R","Defend_R","Bash","Shrug It Off","Body Slam+1","Body Slam+1","Iron Wave","Flame Barrier+1"],"relics":["Burning Blood","Mummified Hand","Meat on the Bone","Pantograph"],"potions_floor_usage":[6],"damage_taken":[{"damage":1,"enemies":"Cultist","floor":1,"turns":3},{"damage":6,"enemies":"Jaw Worm","floor":2,"turns":5},{"damage":4,"enemies":"Small Slimes","floor":4,"turns":4},{"damage":27,"enemies":"Exordium Wildlife","floor":5,"turns":6},{"damage":8,"enemies":"Lagavulin","floor":6,"turns":7},{"damage":5,"enemies":"2 Fungi Beasts","floor":7,"turns":4},{"damage":41,"enemies":"3 Sentries","floor":10,"turns":9},{"damage":15,"enemies":"Exordium Thugs","floor":11,"turns":5},{"damage":13,"enemies":"Large Slime","floor":14,"turns":6},{"damage":74,"enemies":"Slime Boss","floor":16,"turns":12}],"seed_played":"1161274629162345602","potions_obtained":[{"floor":4,"key":"PowerPotion"},{"floor":6,"key":"Block Potion"},{"floor":10,"key":"Explosive Potion"},{"floor":11,"key":"Fire Potion"}],"is_trial":false,"path_per_floor":["M","M","?","M","M","E","M","R","T","E","M","R","?","M","R","B"],"character_chosen":"IRONCLAD","items_purchased":[],"campfire_rested":0,"item_purchase_floors":[],"current_hp_per_floor":[88,88,93,93,72,70,71,71,71,48,51,51,44,49,49,0],"gold":270,"neow_bonus":"TEN_PERCENT_HP_BONUS","is_prod":false,"is_daily":false,"chose_seed":false,"campfire_upgraded":3,"win_rate":0,"timestamp":1569021877,"path_taken":["M","M","?","M","M","E","M","R","T","E","M","R","?","M","R","BOSS"],"build_version":"2019-07-17","purchased_purges":0,"victory":false,"max_hp_per_floor":[88,88,93,93,93,93,93,93,93,93,93,93,93,93,93,93],"card_choices":[{"not_picked":["Sword Boomerang","Dual Wield","Pommel Strike"],"picked":"SKIP","floor":1},{"not_picked":["Anger","Shockwave"],"picked":"Shrug It Off","floor":2},{"not_picked":["Anger","Spot Weakness"],"picked":"Body Slam","floor":4},{"not_picked":["Reckless Charge","Thunderclap","Flex"],"picked":"SKIP","floor":5},{"not_picked":["Heavy Blade","Evolve"],"picked":"Body Slam","floor":6},{"not_picked":["Warcry","Disarm"],"picked":"Iron Wave","floor":7},{"not_picked":["Sword Boomerang","Armaments","Wild Strike"],"picked":"SKIP","floor":10},{"not_picked":["Dark Embrace","Perfected Strike","Intimidate"],"picked":"SKIP","floor":11},{"not_picked":["Heavy Blade","Wild Strike"],"picked":"Flame Barrier","floor":14}],"player_experience":43678,"relics_obtained":[{"floor":6,"key":"Mummified Hand"},{"floor":9,"key":"Meat on the Bone"},{"floor":10,"key":"Pantograph"}],"event_choices":[{"damage_healed":0,"gold_gain":0,"player_choice":"Donut","damage_taken":0,"max_hp_gain":5,"max_hp_loss":0,"event_name":"Big Fish","floor":3,"gold_loss":0},{"cards_removed":["Strike_R"],"damage_healed":0,"gold_gain":0,"player_choice":"Card Removal","damage_taken":7,"max_hp_gain":0,"max_hp_loss":0,"event_name":"Golden Wing","floor":13,"gold_loss":0}],"is_beta":false,"boss_relics":[],"items_purged_floors":[],"is_endless":false,"potions_floor_spawned":[4,6,10,11,14],"killed_by":"Slime Boss","ascension_level":2}