{"gold_per_floor":[114,114,134,59,59,92,92,109,109,129,129,164,164,179,179,179],"floor_reached":16,"playtime":527,"items_purged":["Strike_R"],"score":204,"play_id":"382e7d0e-1c09-42cb-a727-9b03acaa4b65","local_time":"20190117220209","is_ascension_mode":true,"campfire_choices":[{"floor":7,"key":"REST"},{"floor":11,"key":"REST"},{"floor":13,"key":"REST"},{"data":"Defend_R","floor":15,"key":"SMITH"}],"neow_cost":"NONE","seed_source_timestamp":438850025915901,"circlet_count":0,"master_deck":["AscendersBane","Strike_R","Strike_R","Strike_R","Strike_R","Defend_R","Defend_R","Defend_R","Defend_R+1","Bash+1"],"relics":["Burning Blood","Darkstone Periapt","Omamori","Mummified Hand","Pantograph"],"potions_floor_usage":[6,10],"damage_taken":[{"damage":12,"enemies":"Cultist","floor":1,"turns":4},{"damage":10,"enemies":"Small Slimes","floor":3,"turns":4},{"damage":40,"enemies":"3 Sentries","floor":6,"turns":10},{"damage":2,"enemies":"Jaw Worm","floor":8,"turns":3},{"damage":12,"enemies":"Looter","floor":10,"turns":3},{"damage":48,"enemies":"Gremlin Nob","floor":12,"turns":5},{"damage":26,"enemies":"Exordium Thugs","floor":14,"turns":7},{"damage":66,"enemies":"The Guardian","floor":16,"turns":11}],"seed_played":"-3596191514238950617","potions_obtained":[{"floor":1,"key":"AttackPotion"},{"floor":8,"key":"SteroidPotion"}],"is_trial":false,"path_per_floor":["M","?","M","$","T","E","R","M","T","M","R","E","R","M","R","B"],"character_chosen":"IRONCLAD","items_purchased":[],"campfire_rested":3,"item_purchase_floors":[],"current_hp_per_floor":[69,69,65,65,65,31,55,59,59,53,77,35,59,39,39,0],"gold":179,"neow_bonus":"TEN_PERCENT_HP_BONUS","is_prod":false,"is_daily":false,"chose_seed":false,"campfire_upgraded":1,"win_rate":0,"timestamp":1547758929,"path_taken":["M","?","M","$","?","E","R","M","T","M","R","E","R","M","R","BOSS"],"build_version":"2019-01-10","purchased_purges":1,"victory":false,"max_hp_per_floor":[82,82,82,82,82,82,82,82,82,82,82,82,82,82,82,82],"card_choices":[{"not_picked":["Dropkick","Clash","Flex"],"picked":"SKIP","floor":1},{"not_picked":["Feel No Pain","Wild Strike","Entrench"],"picked":"SKIP","floor":3},{"not_picked":["Flex","Clothesline","Dual Wield"],"picked":"SKIP","floor":6},{"not_picked":["Heavy Blade","Dual Wield","Sever Soul"],"picked":"SKIP","floor":8},{"not_picked":["Iron Wave","Rampage","Cleave"],"picked":"SKIP","floor":10},{"not_picked":["Dark Embrace","Hemokinesis","Iron Wave"],"picked":"SKIP","floor":12},{"not_picked":["Wild Strike","Sever Soul","Perfected Strike"],"picked":"SKIP","floor":14}],"player_experience":516578,"relics_obtained":[{"floor":5,"key":"Darkstone Periapt"},{"floor":6,"key":"Omamori"},{"floor":9,"key":"Mummified Hand"},{"floor":12,"key":"Pantograph"}],"event_choices":[{"damage_healed":0,"gold_gain":0,"player_choice":"Forge","damage_taken":0,"max_hp_gain":0,"max_hp_loss":0,"event_name":"Accursed Blacksmith","floor":2,"gold_loss":0,"cards_upgraded":["Bash"]}],"is_beta":false,"boss_relics":[],"items_purged_floors":[4],"is_endless":false,"potions_floor_spawned":[1,8],"killed_by":"The Guardian","ascension_level":17}