{"gold_per_floor":[16,26,26,38,38,63,63,98,123,123,157,170,245,27,27,130,130,153,78,46,72,72,72,72,72,98,98,105,55,94,193,193,292,292,302,328,351,375,382,382],"floor_reached":40,"playtime":2100,"items_purged":["Defend_P","Writhe"],"score":569,"play_id":"d1b6cf83-e2f0-4550-9aa4-071002cf9d53","local_time":"20190929114657","is_ascension_mode":true,"campfire_choices":[{"data":"Eruption","floor":7.0,"key":"SMITH"},{"floor":15.0,"key":"REST"},{"data":"Alpha","floor":23,"key":"SMITH"},{"data":"Wallop","floor":25,"key":"SMITH"},{"floor":32,"key":"REST"}],"neow_cost":"NO_GOLD","seed_source_timestamp":0,"circlet_count":0,"master_deck":["Defend_P+1","Defend_P","Defend_P","Eruption+1","Vigilance","SignatureMove","BattleHymn+1","Wallop+1","CutThroughFate","ReachHeaven","EmptyFist","Evaluate","FearNoEvil","Establishment","Alpha+1","Protect","Vault","EmptyMind","Evaluate","Crescendo","Wireheading","Swivel+1","Tantrum+1","EmptyBody+1","Secret Weapon"],"special_seed":0,"relics":["PureWater","Blood Vial","CeramicFish","Bag of Preparation","Smiling Mask","VioletLotus","MutagenicStrength","Oddly Smooth Stone","Vajra","MealTicket","Sozu"],"potions_floor_usage":[],"damage_taken":[{"damage":7.0,"enemies":"2 Louse","floor":1.0,"turns":4.0},{"damage":2.0,"enemies":"Cultist","floor":2.0,"turns":3.0},{"damage":3.0,"enemies":"Small Slimes","floor":4.0,"turns":2.0},{"damage":0.0,"enemies":"Gremlin Nob","floor":6.0,"turns":2.0},{"damage":12.0,"enemies":"Lagavulin","floor":8.0,"turns":5.0},{"damage":22.0,"enemies":"3 Sentries","floor":11.0,"turns":4.0},{"damage":2.0,"enemies":"2 Fungi Beasts","floor":12.0,"turns":3.0},{"damage":0.0,"enemies":"Slime Boss","floor":16.0,"turns":4.0},{"damage":17.0,"enemies":"3 Byrds","floor":18.0,"turns":4.0},{"damage":2.0,"enemies":"2 Thieves","floor":21.0,"turns":4.0},{"damage":27,"enemies":"Slavers","floor":30,"turns":4},{"damage":14,"enemies":"Automaton","floor":33,"turns":6},{"damage":5,"enemies":"Orb Walker","floor":35,"turns":4},{"damage":45,"enemies":"3 Darklings","floor":36,"turns":4},{"damage":15,"enemies":"4 Shapes","floor":37,"turns":5},{"damage":1,"enemies":"Transient","floor":38,"turns":5},{"damage":32,"enemies":"Reptomancer","floor":40,"turns":4}],"seed_played":"-2127311305513062171","potions_obtained":[{"floor":4.0,"key":"EssenceOfSteel"},{"floor":6.0,"key":"SpeedPotion"},{"floor":16.0,"key":"SpeedPotion"}],"is_trial":false,"path_per_floor":["M","M","?","M","?","E","R","E","T","?","E","M","?","$","R","B",null,"M","?","$","M","?","R","$","R","T","$","?","$","E","?","R","B",null,"M","M","M","M","?","E"],"character_chosen":"WATCHER","items_purchased":["Alpha","Protect","Evaluate"],"campfire_rested":2,"item_purchase_floors":[14,14,20],"current_hp_per_floor":[65,63,63,60,46,46,46,36,36,36,16,16,5,5,26,28,72,55,55,55,55,55,55,55,55,55,55,55,55,30,30,51,39,72,67,24,11,12,12,0],"gold":382,"neow_bonus":"TRANSFORM_TWO_CARDS","is_prod":false,"is_daily":false,"chose_seed":false,"campfire_upgraded":3,"win_rate":0,"timestamp":1569772017,"path_taken":["M","M","?","?","?","E","R","E","T","?","E","M","?","?","R","BOSS","M","?","$","M","?","R","?","R","T","$","?","$","E","?","R","BOSS","M","M","M","M","?","E"],"build_version":"2019-09-27","purchased_purges":2,"victory":false,"max_hp_per_floor":[72,72,72,72,72,72,72,72,72,72,72,72,72,72,72,72,72,72,72,72,72,72,72,72,72,72,72,72,72,72,72,72,72,72,72,72,72,72,72,72],"card_choices":[{"not_picked":["Halt","MasterReality"],"picked":"Wallop","floor":1.0},{"not_picked":["PathToVictory","Worship"],"picked":"CutThroughFate","floor":2.0},{"not_picked":["CutThroughFate","Collect"],"picked":"EmptyFist","floor":4.0},{"not_picked":["LessonLearned","Collect"],"picked":"Evaluate","floor":6.0},{"not_picked":["CutThroughFate","Meditate"],"picked":"FearNoEvil","floor":8.0},{"not_picked":["ClearTheMind","EmptyFist"],"picked":"Establishment","floor":11.0},{"not_picked":["ClearTheMind","Vengeance","Halt"],"picked":"SKIP","floor":12.0},{"not_picked":["SignatureMove","Wish"],"picked":"Vault","floor":16.0},{"not_picked":["BattleHymn","Crescendo"],"picked":"EmptyMind","floor":18.0},{"not_picked":["WheelKick","WreathOfFlame"],"picked":"Crescendo","floor":21.0},{"not_picked":["Scrawl","WheelKick"],"picked":"Wireheading","floor":30},{"not_picked":["CutThroughFate+1","EmptyFist+1","FollowUp"],"picked":"SKIP","floor":35},{"not_picked":["EmptyBody","Meditate"],"picked":"Swivel+1","floor":36},{"not_picked":["Weave+1","CarveReality"],"picked":"Tantrum+1","floor":37},{"not_picked":["Crescendo","Worship"],"picked":"EmptyBody+1","floor":38},{"not_picked":["Madness","Discovery"],"picked":"Secret Weapon","floor":39}],"player_experience":1157486,"relics_obtained":[{"floor":6.0,"key":"Blood Vial"},{"floor":8.0,"key":"CeramicFish"},{"floor":9.0,"key":"Bag of Preparation"},{"floor":11.0,"key":"Smiling Mask"},{"floor":26,"key":"Oddly Smooth Stone"},{"floor":30,"key":"MealTicket"}],"event_choices":[{"damage_healed":0.0,"max_hp_gain":0.0,"max_hp_loss":0.0,"gold_gain":0.0,"cards_transformed":["Strike_P"],"event_name":"Transmorgrifier","player_choice":"Transformed","floor":3.0,"gold_loss":0.0,"damage_taken":0.0,"cards_obtained":["ReachHeaven"]},{"damage_healed":0.0,"max_hp_gain":0.0,"max_hp_loss":0.0,"gold_gain":0.0,"event_name":"Shining Light","player_choice":"Entered Light","floor":5.0,"gold_loss":0.0,"damage_taken":14.0,"cards_upgraded":["BattleHymn","Defend_P"]},{"damage_healed":0.0,"max_hp_gain":0.0,"max_hp_loss":0.0,"gold_gain":0.0,"event_name":"Liars Game","player_choice":"Ignored","floor":10.0,"gold_loss":0.0,"damage_taken":0.0},{"damage_healed":0.0,"max_hp_gain":0.0,"max_hp_loss":0.0,"gold_gain":75.0,"event_name":"World of Goop","player_choice":"Gather Gold","floor":13.0,"gold_loss":0.0,"damage_taken":11.0},{"cards_removed":["Strike_P"],"damage_healed":0.0,"max_hp_gain":0.0,"max_hp_loss":0.0,"gold_gain":0.0,"event_name":"Beggar","player_choice":"Gave Gold","floor":19.0,"gold_loss":75.0,"damage_taken":0.0},{"damage_healed":0,"gold_gain":0,"player_choice":"Inject Mutagens","damage_taken":0,"relics_obtained":["MutagenicStrength"],"max_hp_gain":0,"max_hp_loss":0,"event_name":"Drug Dealer","floor":22,"gold_loss":0},{"damage_healed":0,"gold_gain":0,"player_choice":"Opened","damage_taken":0,"relics_obtained":["Vajra"],"max_hp_gain":0,"max_hp_loss":0,"event_name":"The Mausoleum","floor":28,"gold_loss":0,"cards_obtained":["Writhe"]},{"damage_healed":0,"gold_gain":99,"player_choice":"Stole From Cult","damage_taken":0,"max_hp_gain":0,"max_hp_loss":0,"event_name":"Nest","floor":31,"gold_loss":0},{"damage_healed":0,"gold_gain":0,"player_choice":"Memory 1","damage_taken":0,"max_hp_gain":0,"max_hp_loss":0,"event_name":"SensoryStone","floor":39,"gold_loss":0}],"is_beta":true,"boss_relics":[{"not_picked":["Runic Dome","HolyWater"],"picked":"VioletLotus"},{"not_picked":["Cursed Key","Empty Cage"],"picked":"Sozu"}],"items_purged_floors":[14,29],"is_endless":false,"potions_floor_spawned":[4,6,16,21,33,37,38],"killed_by":"Reptomancer","ascension_level":3}