{"gold_per_floor":[111,19,36,36,36,36,49,49,49,49,63,63,83,99,99,198,198,209,64,77,77,91,91,91,106,106,126,126,126,126,126],"floor_reached":31,"playtime":2123,"items_purged":["Decay"],"score":227,"play_id":"f3f1cda0-32da-40be-b3ad-961c9854f55c","local_time":"20190918183837","is_ascension_mode":false,"campfire_choices":[{"data":"Deadly Poison","floor":6,"key":"SMITH"},{"data":"Poisoned Stab","floor":8,"key":"SMITH"},{"data":"Flash of Steel","floor":10,"key":"SMITH"},{"data":"Bouncing Flask","floor":12,"key":"SMITH"},{"data":"Deadly Poison","floor":15,"key":"SMITH"},{"data":"Backflip","floor":23,"key":"SMITH"},{"data":"Survivor","floor":28,"key":"SMITH"},{"data":"Deflect","floor":30,"key":"SMITH"}],"neow_cost":"NONE","seed_source_timestamp":495572778706200,"circlet_count":0,"master_deck":["Strike_G","Strike_G","Strike_G","Strike_G","Defend_G","Defend_G","Defend_G","Defend_G","Defend_G","Survivor+1","Neutralize","Deadly Poison+1","Flash of Steel+1","Poisoned Stab+1","Iron Wave","Bouncing Flask+1","Deadly Poison+1","Envenom","Normality","Shame","Backflip+1","Crippling Poison","Poisoned Stab+1","Poisoned Stab+1","Deflect+1"],"relics":["Coffee Dripper","Molten Egg 2","Calling Bell","Gremlin Horn","Dream Catcher","Torii","Snake Skull","Paper Crane","Oddly Smooth Stone"],"potions_floor_usage":[25,27],"damage_taken":[{"damage":9,"enemies":"Jaw Worm","floor":1,"turns":4},{"damage":0,"enemies":"2 Louse","floor":3,"turns":3},{"damage":0,"enemies":"Cultist","floor":7,"turns":3},{"damage":0,"enemies":"Exordium Wildlife","floor":11,"turns":3},{"damage":0,"enemies":"Red Slaver","floor":13,"turns":3},{"damage":0,"enemies":"Large Slime","floor":14,"turns":5},{"damage":22,"enemies":"Slime Boss","floor":16,"turns":9},{"damage":9,"enemies":"Shell Parasite","floor":18,"turns":5},{"damage":0,"enemies":"Chosen","floor":20,"turns":4},{"damage":31,"enemies":"3 Cultists","floor":22,"turns":6},{"damage":9,"enemies":"Shelled Parasite and Fungi","floor":25,"turns":4},{"damage":3,"enemies":"Chosen and Byrds","floor":27,"turns":6},{"damage":29,"enemies":"Sentry and Sphere","floor":31,"turns":3}],"seed_played":"-8678144535274332624","potions_obtained":[{"floor":3,"key":"Weak Potion"},{"floor":11,"key":"Weak Potion"},{"floor":14,"key":"GamblersBrew"},{"floor":22,"key":"Energy Potion"},{"floor":25,"key":"LiquidBronze"}],"is_trial":false,"path_per_floor":["M","$","M","?","?","R","M","R","T","R","M","R","M","M","R","B",null,"M","$","M","?","M","R","?","M","T","M","R","?","R","M"],"character_chosen":"THE_SILENT","items_purchased":["Flash of Steel","Crippling Poison"],"campfire_rested":0,"item_purchase_floors":[2,19],"current_hp_per_floor":[61,61,61,66,66,66,66,66,66,66,66,66,66,66,66,44,75,66,66,66,66,35,35,35,26,26,23,23,23,23,0],"gold":126,"neow_bonus":"BOSS_RELIC","is_prod":false,"is_daily":false,"chose_seed":false,"campfire_upgraded":8,"win_rate":0.0,"timestamp":1568846317,"path_taken":["M","$","M","?","?","R","M","R","T","R","M","R","M","M","R","BOSS","M","$","M","?","M","R","?","M","T","?","R","?","R","M"],"build_version":"2019-07-17","purchased_purges":1,"victory":false,"max_hp_per_floor":[70,70,70,75,75,75,75,75,75,75,75,75,75,75,75,75,75,75,75,75,75,75,75,75,75,75,75,75,75,75,75],"card_choices":[{"not_picked":["Dagger Throw","Terror"],"picked":"Deadly Poison","floor":1},{"not_picked":["Dagger Throw","Heel Hook"],"picked":"Poisoned Stab","floor":3},{"not_picked":["Outmaneuver","Tactician","Predator"],"picked":"SKIP","floor":7},{"not_picked":["Quick Slash+1","Slice+1"],"picked":"Bouncing Flask","floor":11},{"not_picked":["Acrobatics","Dash+1","Slice+1"],"picked":"SKIP","floor":13},{"not_picked":["Well Laid Plans","Eviscerate+1"],"picked":"Deadly Poison","floor":14},{"not_picked":["Wraith Form v2","After Image"],"picked":"Envenom","floor":16},{"not_picked":["Outmaneuver","Heel Hook+1"],"picked":"Backflip","floor":18},{"not_picked":["Dodge and Roll+1","Deadly Poison"],"picked":"Poisoned Stab+1","floor":20},{"not_picked":["Sucker Punch+1","Flying Knee+1"],"picked":"Poisoned Stab+1","floor":22},{"not_picked":["Outmaneuver","Skewer+1"],"picked":"Deflect","floor":25},{"not_picked":["Deflect","Terror+1","Sucker Punch+1"],"picked":"SKIP","floor":27}],"player_experience":10343,"relics_obtained":[{"floor":9,"key":"Molten Egg 2"},{"floor":17,"key":"Gremlin Horn"},{"floor":17,"key":"Dream Catcher"},{"floor":17,"key":"Torii"},{"floor":24,"key":"Snake Skull"},{"floor":26,"key":"Paper Crane"}],"event_choices":[{"damage_healed":0,"gold_gain":0,"player_choice":"Donut","damage_taken":0,"max_hp_gain":5,"max_hp_loss":0,"event_name":"Big Fish","floor":4,"gold_loss":0},{"cards_removed":["Strike_G"],"damage_healed":0,"gold_gain":0,"player_choice":"Took Card","damage_taken":0,"max_hp_gain":0,"max_hp_loss":0,"event_name":"NoteForYourself","floor":5,"gold_loss":0,"cards_obtained":["Iron Wave"]},{"damage_healed":0,"gold_gain":0,"player_choice":"Ignored","damage_taken":0,"max_hp_gain":0,"max_hp_loss":0,"event_name":"Ghosts","floor":21,"gold_loss":0},{"damage_healed":0,"gold_gain":0,"player_choice":"Relic","damage_taken":0,"max_hp_gain":0,"max_hp_loss":0,"event_name":"Wheel of Change","floor":24,"gold_loss":0},{"damage_healed":0,"gold_gain":0,"player_choice":"Opened","damage_taken":0,"relics_obtained":["Oddly Smooth Stone"],"max_hp_gain":0,"max_hp_loss":0,"event_name":"The Mausoleum","floor":29,"gold_loss":0}],"is_beta":false,"boss_relics":[{"not_picked":["Tiny House","Cursed Key"],"picked":"Calling Bell"}],"items_purged_floors":[19],"is_endless":false,"potions_floor_spawned":[3,11,14,20,22,25],"killed_by":"Sentry and Sphere","ascension_level":0}