{"gold_per_floor":[110,128,303,315,332,332,13,13,61,78,90,90,90,101,101,205,205,219,65,80,5,16,16,27,39,94,94,104,115,115],"floor_reached":30,"playtime":3717,"items_purged":["Doubt","Strike_G"],"score":253,"play_id":"2c790fbc-b43d-4e70-9e80-737b734acfbe","local_time":"20190918180243","is_ascension_mode":false,"campfire_choices":[{"data":"Malaise","floor":6,"key":"SMITH"},{"data":"Dagger Throw","floor":8,"key":"SMITH"},{"data":"Survivor","floor":12,"key":"SMITH"},{"data":"Dagger Spray","floor":15,"key":"SMITH"},{"data":"Blade Dance","floor":23,"key":"SMITH"},{"floor":27,"key":"REST"}],"neow_cost":"NONE","seed_source_timestamp":491822668158900,"circlet_count":0,"master_deck":["Strike_G","Strike_G","Strike_G","Defend_G","Defend_G","Defend_G","Defend_G","Defend_G","Survivor+1","Neutralize","Slice","Dagger Spray+1","Dagger Throw+1","Malaise+1","Slice+1","Flying Knee+1","Underhanded Strike+1","Venomology","Slice+1","Blade Dance+1","Choke+1","Underhanded Strike+1","Slice+1","Crippling Poison+1","Backflip+1","Deadly Poison"],"relics":["Ring of the Snake","Molten Egg 2","Dream Catcher","Bottled Lightning","WristBlade","Snake Skull"],"potions_floor_usage":[14,18,20,22,24,24,25,25,30],"damage_taken":[{"damage":2,"enemies":"Cultist","floor":1,"turns":4},{"damage":5,"enemies":"Jaw Worm","floor":2,"turns":6},{"damage":1,"enemies":"2 Louse","floor":4,"turns":3},{"damage":2,"enemies":"Blue Slaver","floor":5,"turns":4},{"damage":0,"enemies":"Looter","floor":10,"turns":5},{"damage":0,"enemies":"Exordium Wildlife","floor":11,"turns":2},{"damage":0,"enemies":"Lots of Slimes","floor":14,"turns":1},{"damage":16,"enemies":"Hexaghost","floor":16,"turns":12},{"damage":17,"enemies":"Spheric Guardian","floor":18,"turns":5},{"damage":3,"enemies":"3 Byrds","floor":20,"turns":3},{"damage":1,"enemies":"Cultist and Chosen","floor":22,"turns":7},{"damage":20,"enemies":"3 Cultists","floor":24,"turns":4},{"damage":12,"enemies":"Shelled Parasite and Fungi","floor":25,"turns":5},{"damage":5,"enemies":"Cultist and Chosen","floor":28,"turns":6},{"damage":20,"enemies":"Centurion and Healer","floor":29,"turns":5},{"damage":40,"enemies":"Sentry and Sphere","floor":30,"turns":5}],"seed_played":"-2653858791780870889","potions_obtained":[{"floor":1,"key":"Energy Potion"},{"floor":5,"key":"PowerPotion"},{"floor":10,"key":"Explosive Potion"},{"floor":14,"key":"LiquidBronze"},{"floor":24,"key":"Poison Potion"},{"floor":28,"key":"LiquidBronze"},{"floor":29,"key":"SkillPotion"}],"is_trial":false,"path_per_floor":["M","M","?","M","M","R","$","R","T","M","M","R","T","M","R","B",null,"M","$","M","?","M","R","M","M","T","R","M","M","M"],"character_chosen":"THE_SILENT","items_purchased":["Molten Egg 2","Blade Dance"],"campfire_rested":1,"item_purchase_floors":[7,19],"current_hp_per_floor":[75,70,70,69,67,67,67,67,67,67,67,67,67,67,67,51,77,60,60,57,57,56,56,41,41,41,64,59,39,0],"gold":115,"neow_bonus":"TEN_PERCENT_HP_BONUS","is_prod":false,"is_daily":false,"chose_seed":false,"campfire_upgraded":5,"win_rate":0.0,"timestamp":1568844163,"path_taken":["M","M","?","M","M","R","$","R","T","M","M","R","?","M","R","BOSS","M","$","M","?","M","R","M","M","T","R","M","M","M"],"build_version":"2019-07-17","purchased_purges":2,"victory":false,"max_hp_per_floor":[77,77,77,77,77,77,77,77,77,77,77,77,77,77,77,77,77,77,77,77,77,77,77,77,77,77,77,77,77,77],"card_choices":[{"not_picked":["Flechettes","Acrobatics"],"picked":"Slice","floor":1},{"not_picked":["Outmaneuver","Acrobatics"],"picked":"Dagger Spray","floor":2},{"not_picked":["Bouncing Flask","Flechettes"],"picked":"Dagger Throw","floor":4},{"not_picked":["Bouncing Flask","Quick Slash"],"picked":"Malaise","floor":5},{"not_picked":["Prepared","PiercingWail"],"picked":"Slice+1","floor":10},{"not_picked":["Dagger Spray+1","Poisoned Stab+1"],"picked":"Flying Knee+1","floor":11},{"not_picked":["Calculated Gamble","Blur"],"picked":"Underhanded Strike+1","floor":14},{"not_picked":["Bullet Time","Malaise"],"picked":"Venomology","floor":16},{"not_picked":["Dagger Spray+1","Backflip"],"picked":"Slice+1","floor":18},{"not_picked":["Backflip","Sucker Punch+1"],"picked":"Choke+1","floor":20},{"not_picked":["Deadly Poison","Sucker Punch+1"],"picked":"Underhanded Strike+1","floor":22},{"not_picked":["Dodge and Roll","Crippling Poison","Distraction"],"picked":"SKIP","floor":24},{"not_picked":["Deadly Poison","Footwork"],"picked":"Slice+1","floor":25},{"not_picked":["Doppelganger","Distraction"],"picked":"Crippling Poison+1","floor":27},{"not_picked":["Skewer+1","Underhanded Strike+1"],"picked":"Backflip+1","floor":28},{"not_picked":["Flying Knee+1","Dagger Spray+1"],"picked":"Deadly Poison","floor":29}],"player_experience":6626,"relics_obtained":[{"floor":9,"key":"Dream Catcher"},{"floor":13,"key":"Bottled Lightning"},{"floor":26,"key":"Snake Skull"}],"event_choices":[{"damage_healed":0,"gold_gain":175,"player_choice":"AGREE","damage_taken":0,"max_hp_gain":0,"max_hp_loss":0,"event_name":"Liars Game","floor":3,"gold_loss":0,"cards_obtained":["Doubt"]},{"cards_removed":["Strike_G"],"damage_healed":0,"gold_gain":0,"player_choice":"Gave Gold","damage_taken":0,"max_hp_gain":0,"max_hp_loss":0,"event_name":"Beggar","floor":21,"gold_loss":75}],"is_beta":false,"boss_relics":[{"not_picked":["Busted Crown","Runic Dome"],"picked":"WristBlade"}],"items_purged_floors":[7,19],"is_endless":false,"potions_floor_spawned":[1,5,10,14,22,24,28,29],"killed_by":"Sentry and Sphere","ascension_level":0}