{"gold_per_floor":[410,130,148,167,180,180,208,208,208,208,220,22,38,113,113,215,215,228,228,240,259,272,272,58,78,78,88,101,118,118,152,152,248,248,259,114,114,114,130,130,80,80,80,100,130,130,147,163,163,163],"floor_reached":50,"playtime":2548,"items_purged":["Strike_R","Strike_R","Strike_R","Defend_R"],"score":498,"play_id":"75a759fc-9e27-4415-bd1b-1f89ef79790b","local_time":"20190920174016","is_ascension_mode":false,"campfire_choices":[{"data":"Inflame","floor":6,"key":"SMITH"},{"data":"Infernal Blade","floor":8,"key":"SMITH"},{"data":"Reaper","floor":15,"key":"SMITH"},{"data":"Rage","floor":23,"key":"SMITH"},{"floor":30,"key":"RECALL"},{"floor":32,"key":"REST"},{"data":"Apotheosis","floor":40,"key":"SMITH"},{"floor":46,"key":"REST"},{"floor":49,"key":"REST"}],"neow_cost":"TEN_PERCENT_HP_LOSS","seed_source_timestamp":2817165501000,"circlet_count":0,"master_deck":["Defend_R","Defend_R","Defend_R","Bash","Inflame+1","Shrug It Off","Hemokinesis","Twin Strike","Rage","Infernal Blade+1","Cleave","Clothesline","Reaper+1","Uppercut","Barricade+1","Burning Pact","Rage+1","Clothesline+1","Apotheosis+1","Heavy Blade+1","Inflame+1","Corruption+1","Shockwave+1","Immolate","Madness","Madness","Bandage Up","Trip","Shrug It Off+1","Inflame+1","Spot Weakness+1","Body Slam+1"],"relics":["Burning Blood","Old Coin","Smiling Mask","Frozen Egg 2","Sundial","Velvet Choker","FossilizedHelix","Empty Cage","Lantern","Anchor","Thread and Needle"],"potions_floor_usage":[2,7,25,31,33,45,45,50,50],"damage_taken":[{"damage":6,"enemies":"Small Slimes","floor":1,"turns":4},{"damage":4,"enemies":"2 Louse","floor":3,"turns":3},{"damage":0,"enemies":"Cultist","floor":4,"turns":3},{"damage":4,"enemies":"2 Fungi Beasts","floor":5,"turns":4},{"damage":19,"enemies":"Gremlin Nob","floor":7,"turns":3},{"damage":5,"enemies":"Large Slime","floor":11,"turns":5},{"damage":3,"enemies":"Blue Slaver","floor":13,"turns":1},{"damage":16,"enemies":"Slime Boss","floor":16,"turns":9},{"damage":3,"enemies":"Chosen","floor":18,"turns":4},{"damage":23,"enemies":"3 Byrds","floor":20,"turns":6},{"damage":27,"enemies":"Centurion and Healer","floor":21,"turns":7},{"damage":3,"enemies":"3 Cultists","floor":22,"turns":4},{"damage":13,"enemies":"Cultist and Chosen","floor":25,"turns":6},{"damage":6,"enemies":"Centurion and Healer","floor":27,"turns":5},{"damage":10,"enemies":"3 Cultists","floor":28,"turns":5},{"damage":20,"enemies":"Chosen and Byrds","floor":29,"turns":5},{"damage":46,"enemies":"Slavers","floor":31,"turns":7},{"damage":42,"enemies":"Automaton","floor":33,"turns":11},{"damage":18,"enemies":"3 Darklings","floor":35,"turns":6},{"damage":8,"enemies":"Orb Walker","floor":39,"turns":3},{"damage":36,"enemies":"3 Darklings","floor":44,"turns":5},{"damage":61,"enemies":"Nemesis","floor":45,"turns":11},{"damage":25,"enemies":"Spire Growth","floor":47,"turns":4},{"damage":4,"enemies":"Sphere and 2 Shapes","floor":48,"turns":4},{"damage":75,"enemies":"Time Eater","floor":50,"turns":8}],"seed_played":"-8814209901259185040","potions_obtained":[{"floor":1,"key":"GamblersBrew"},{"floor":7,"key":"GamblersBrew"},{"floor":13,"key":"SkillPotion"},{"floor":16,"key":"FearPotion"},{"floor":21,"key":"Energy Potion"},{"floor":31,"key":"Weak Potion"},{"floor":33,"key":"FearPotion"},{"floor":44,"key":"Regen Potion"},{"floor":47,"key":"SkillPotion"}],"is_trial":false,"path_per_floor":["M","$","M","M","M","R","E","R","T","?","M","$","M","?","R","B",null,"M","?","M","M","M","R","$","M","T","M","M","M","R","E","R","B",null,"M","$","?","?","M","R","$","?","T","M","E","R","M","M","R","B"],"character_chosen":"IRONCLAD","items_purchased":["Shrug It Off","Hemokinesis","Fruit Juice","Reaper","Apotheosis","Lantern"],"campfire_rested":3,"item_purchase_floors":[2,2,2,12,24,36],"current_hp_per_floor":[72,77,77,77,77,77,64,64,64,52,53,53,56,45,45,51,77,77,77,70,65,77,77,77,76,76,76,77,71,71,31,54,29,77,77,77,67,62,64,64,64,64,64,51,33,56,45,51,74,0],"gold":163,"neow_bonus":"ONE_RARE_RELIC","is_prod":false,"is_daily":false,"chose_seed":false,"campfire_upgraded":5,"win_rate":0,"timestamp":1569015616,"path_taken":["M","$","M","M","M","R","E","R","T","?","M","$","M","?","R","BOSS","M","?","M","M","M","R","$","M","T","M","M","?","R","E","R","BOSS","M","$","?","?","M","R","$","?","T","M","E","R","M","?","R","BOSS"],"build_version":"2019-07-17","purchased_purges":4,"victory":false,"max_hp_per_floor":[72,77,77,77,77,77,77,77,77,77,77,77,77,77,77,77,77,77,77,77,77,77,77,77,77,77,77,77,77,77,77,77,77,77,77,77,77,77,77,77,77,77,77,77,77,77,77,77,77,77],"card_choices":[{"not_picked":["Feel No Pain","Flex"],"picked":"Inflame","floor":1},{"not_picked":["Clash","Warcry"],"picked":"Twin Strike","floor":3},{"not_picked":["Havoc","Body Slam"],"picked":"Rage","floor":4},{"not_picked":["Rage","Iron Wave"],"picked":"Infernal Blade","floor":5},{"not_picked":["Headbutt","Warcry"],"picked":"Cleave","floor":7},{"not_picked":["Hemokinesis","Warcry"],"picked":"Clothesline","floor":11},{"not_picked":["Sever Soul","Havoc"],"picked":"Uppercut","floor":13},{"not_picked":["Bludgeon","Offering"],"picked":"Barricade+1","floor":16},{"not_picked":["Seeing Red","Armaments"],"picked":"Burning Pact","floor":18},{"not_picked":["Perfected Strike","Armaments","Battle Trance+1"],"picked":"SKIP","floor":20},{"not_picked":["Sword Boomerang","Feel No Pain+1"],"picked":"Rage","floor":21},{"not_picked":["Sentinel","Havoc"],"picked":"Clothesline+1","floor":22},{"not_picked":["Shrug It Off","Intimidate"],"picked":"Heavy Blade+1","floor":25},{"not_picked":["Thunderclap","Heavy Blade"],"picked":"Anger","floor":27},{"not_picked":["Thunderclap","True Grit"],"picked":"Inflame+1","floor":28},{"not_picked":["Feel No Pain+1","Offering"],"picked":"Corruption+1","floor":29},{"not_picked":["Cleave","Heavy Blade+1"],"picked":"Shockwave+1","floor":31},{"not_picked":["Double Tap","Impervious"],"picked":"Immolate","floor":33},{"not_picked":["Rampage+1","Anger+1","Fire Breathing+1"],"picked":"SKIP","floor":35},{"not_picked":["The Bomb","Dramatic Entrance"],"picked":"Bandage Up","floor":38},{"not_picked":["Chrysalis","Bandage Up"],"picked":"Trip","floor":38},{"not_picked":["Body Slam+1","Corruption+1"],"picked":"Shrug It Off+1","floor":39},{"not_picked":["Shrug It Off","Flex","Pommel Strike"],"picked":"SKIP","floor":44},{"not_picked":["Burning Pact+1","Intimidate+1"],"picked":"Inflame+1","floor":45},{"not_picked":["Wild Strike+1","Warcry+1"],"picked":"Spot Weakness+1","floor":47},{"not_picked":["Twin Strike","Corruption+1"],"picked":"Body Slam+1","floor":48}],"player_experience":81991,"relics_obtained":[{"floor":7,"key":"Smiling Mask"},{"floor":9,"key":"Frozen Egg 2"},{"floor":31,"key":"FossilizedHelix"},{"floor":43,"key":"Anchor"},{"floor":45,"key":"Thread and Needle"}],"event_choices":[{"damage_healed":0,"gold_gain":0,"player_choice":"Success","damage_taken":12,"relics_obtained":["Sundial"],"max_hp_gain":0,"max_hp_loss":0,"event_name":"Scrap Ooze","floor":10,"gold_loss":0},{"damage_healed":0,"gold_gain":75,"player_choice":"Gather Gold","damage_taken":11,"max_hp_gain":0,"max_hp_loss":0,"event_name":"World of Goop","floor":14,"gold_loss":0},{"damage_healed":0,"gold_gain":0,"player_choice":"Ignored","damage_taken":0,"max_hp_gain":0,"max_hp_loss":0,"event_name":"NoteForYourself","floor":19,"gold_loss":0},{"damage_healed":0,"gold_gain":0,"player_choice":"Embrace Madness","damage_taken":10,"max_hp_gain":0,"max_hp_loss":0,"event_name":"Winding Halls","floor":37,"gold_loss":0,"cards_obtained":["Madness","Madness"]},{"damage_healed":0,"gold_gain":0,"player_choice":"Memory 2","damage_taken":5,"max_hp_gain":0,"max_hp_loss":0,"event_name":"SensoryStone","floor":38,"gold_loss":0},{"cards_removed":["Anger"],"damage_healed":0,"gold_gain":0,"player_choice":"Removed Attack","damage_taken":0,"max_hp_gain":0,"max_hp_loss":0,"event_name":"Falling","floor":42,"gold_loss":0}],"is_beta":false,"boss_relics":[{"not_picked":["Orrery","Calling Bell"],"picked":"Velvet Choker"},{"not_picked":["Astrolabe","Runic Cube"],"picked":"Empty Cage"}],"items_purged_floors":[2,12,24,41],"is_endless":false,"potions_floor_spawned":[1,7,13,16,21,31,33,44,47],"killed_by":"Time Eater","ascension_level":0}