{"gold_per_floor":[109,120,120,137,137,137,165,14,14,28,28,46,61,81,81,178,178,196,210,220,135,148,148,148,158,158,172,172,183,218,218,218,319,319,339,354,429,444,70,70,83,118,118,118,131,0,0,34,34,34],"floor_reached":51,"playtime":4051,"items_purged":["Trip"],"score":886,"play_id":"df3bf84c-a53b-4581-83d5-eafb24dad4f3","local_time":"20191021235627","is_ascension_mode":true,"campfire_choices":[{"data":"Noxious Fumes","floor":6,"key":"SMITH"},{"data":"Neutralize","floor":11,"key":"SMITH"},{"data":"Well Laid Plans","floor":15,"key":"SMITH"},{"data":"Leg Sweep","floor":23,"key":"SMITH"},{"data":"Survivor","floor":32,"key":"SMITH"},{"data":"Noxious Fumes","floor":40,"key":"SMITH"},{"data":"Dodge and Roll","floor":44,"key":"SMITH"},{"data":"Backflip","floor":47,"key":"SMITH"},{"data":"Catalyst","floor":49,"key":"SMITH"}],"neow_cost":"NONE","seed_source_timestamp":1113129264568800,"circlet_count":0,"master_deck":["Defend_G","Defend_G","Defend_G","Defend_G","Defend_G","Survivor+1","Neutralize+1","Dagger Throw","Noxious Fumes+1","Backflip+1","Deadly Poison","Dodge and Roll+1","Well Laid Plans+1","Venomology","Leg Sweep+1","Bite+1","Bite","Bite+1","Bite","Backflip","Envenom","Catalyst+1","Noxious Fumes+1"],"relics":["Ring of the Snake","Pocketwatch","Snake Skull","Gambling Chip","Busted Crown","Ornamental Fan","Paper Crane","Strawberry","Coffee Dripper","PreservedInsect","Whetstone","Meat on the Bone","Red Mask","Ancient Tea Set"],"potions_floor_usage":[18,19,20,22,25,27,29,29,30,30,35,36,38,41,42,42,48,50],"damage_taken":[{"damage":1,"enemies":"Small Slimes","floor":1,"turns":4},{"damage":0,"enemies":"Jaw Worm","floor":2,"turns":3},{"damage":0,"enemies":"Cultist","floor":4,"turns":4},{"damage":13,"enemies":"3 Sentries","floor":7,"turns":8},{"damage":2,"enemies":"Gremlin Gang","floor":10,"turns":4},{"damage":7,"enemies":"3 Louse","floor":12,"turns":3},{"damage":0,"enemies":"Large Slime","floor":13,"turns":3},{"damage":0,"enemies":"Blue Slaver","floor":14,"turns":3},{"damage":14,"enemies":"The Guardian","floor":16,"turns":8},{"damage":0,"enemies":"Shell Parasite","floor":18,"turns":5},{"damage":2,"enemies":"Chosen","floor":19,"turns":5},{"damage":0,"enemies":"Centurion and Healer","floor":20,"turns":6},{"damage":0,"enemies":"Snake Plant","floor":22,"turns":5},{"damage":0,"enemies":"Snecko","floor":25,"turns":5},{"damage":0,"enemies":"Cultist and Chosen","floor":27,"turns":6},{"damage":0,"enemies":"Sentry and Sphere","floor":29,"turns":6},{"damage":1,"enemies":"Gremlin Leader","floor":30,"turns":7},{"damage":31,"enemies":"Champ","floor":33,"turns":14},{"damage":1,"enemies":"Orb Walker","floor":35,"turns":4},{"damage":1,"enemies":"3 Shapes","floor":36,"turns":5},{"damage":2,"enemies":"Maw","floor":38,"turns":7},{"damage":0,"enemies":"3 Darklings","floor":41,"turns":5},{"damage":43,"enemies":"Reptomancer","floor":42,"turns":5},{"damage":1,"enemies":"Spire Growth","floor":45,"turns":5},{"damage":0,"enemies":"Nemesis","floor":48,"turns":7},{"damage":0,"enemies":"Time Eater","floor":50,"turns":8}],"seed_played":"3657556600000256202","potions_obtained":[{"floor":12,"key":"LiquidBronze"},{"floor":13,"key":"SmokeBomb"},{"floor":16,"key":"SneckoOil"},{"floor":18,"key":"PowerPotion"},{"floor":20,"key":"EntropicBrew"},{"floor":33,"key":"EssenceOfSteel"},{"floor":38,"key":"FairyPotion"}],"is_trial":false,"path_per_floor":["M","M","?","M","?","R","E","$","T","M","R","M","M","M","R","B",null,"M","M","M","?","M","R","?","M","T","M","?","M","E","?","R","B",null,"M","M","?","M","$","R","M","E","T","R","M","?","R","E","R","B",null],"character_chosen":"THE_SILENT","items_purchased":["Snake Skull","Catalyst","PreservedInsect","Noxious Fumes"],"campfire_rested":0,"item_purchase_floors":[8,39,39,39],"current_hp_per_floor":[69,69,69,69,69,69,56,56,56,54,54,47,47,47,47,33,70,70,68,68,68,68,68,68,68,68,68,49,49,56,56,56,31,56,56,56,51,56,56,56,56,34,34,34,45,45,45,56,56,56],"gold":34,"neow_bonus":"REMOVE_CARD","is_prod":false,"is_daily":false,"chose_seed":false,"campfire_upgraded":9,"win_rate":0,"timestamp":1571716587,"path_taken":["M","M","?","M","?","R","E","?","T","?","R","?","M","M","R","BOSS","M","M","M","?","M","R","?","M","T","M","?","M","E","?","R","BOSS","M","M","?","?","$","R","M","E","T","R","M","?","R","E","R","BOSS"],"build_version":"2019-07-17","purchased_purges":1,"victory":true,"max_hp_per_floor":[70,70,70,70,70,70,70,70,70,70,70,70,70,70,70,70,70,70,70,70,70,70,70,70,70,70,70,49,49,56,56,56,56,56,56,56,56,56,56,56,56,56,56,56,56,56,56,56,56,56],"card_choices":[{"not_picked":["Flying Knee","Dagger Spray"],"picked":"Dagger Throw","floor":1},{"not_picked":["Choke","Deadly Poison"],"picked":"Noxious Fumes","floor":2},{"not_picked":["Underhanded Strike","Dagger Throw"],"picked":"Backflip","floor":4},{"not_picked":["Glass Knife","Slice"],"picked":"Sucker Punch","floor":7},{"not_picked":["Deflect","Terror","Cloak And Dagger"],"picked":"SKIP","floor":10},{"not_picked":["Calculated Gamble","Cloak And Dagger"],"picked":"Deadly Poison","floor":12},{"not_picked":["Tactician","Expertise"],"picked":"Dodge and Roll","floor":13},{"not_picked":["Masterful Stab","Sucker Punch"],"picked":"Well Laid Plans","floor":14},{"not_picked":["Tools of the Trade","Unload"],"picked":"Venomology","floor":16},{"not_picked":["Blade Dance"],"picked":"SKIP","floor":18},{"not_picked":[],"picked":"Leg Sweep","floor":19},{"not_picked":["Dash"],"picked":"SKIP","floor":20},{"not_picked":["Reflex"],"picked":"SKIP","floor":22},{"not_picked":["Predator"],"picked":"SKIP","floor":25},{"not_picked":["Predator"],"picked":"SKIP","floor":27},{"not_picked":["Backflip"],"picked":"SKIP","floor":29},{"not_picked":["Outmaneuver"],"picked":"SKIP","floor":30},{"not_picked":[],"picked":"Envenom","floor":33},{"not_picked":["Prepared+1"],"picked":"SKIP","floor":35},{"not_picked":["Underhanded Strike"],"picked":"SKIP","floor":36},{"not_picked":["Poisoned Stab+1"],"picked":"SKIP","floor":38},{"not_picked":["Prepared+1"],"picked":"SKIP","floor":41},{"not_picked":["Bouncing Flask"],"picked":"SKIP","floor":42},{"not_picked":["Reflex+1"],"picked":"SKIP","floor":45},{"not_picked":["Dagger Throw+1"],"picked":"SKIP","floor":48}],"player_experience":164600,"relics_obtained":[{"floor":7,"key":"Pocketwatch"},{"floor":9,"key":"Gambling Chip"},{"floor":26,"key":"Paper Crane"},{"floor":30,"key":"Strawberry"},{"floor":42,"key":"Whetstone"},{"floor":43,"key":"Meat on the Bone"},{"floor":48,"key":"Ancient Tea Set"}],"event_choices":[{"cards_removed":["Strike_G"],"damage_healed":0,"gold_gain":0,"player_choice":"Forget","damage_taken":0,"max_hp_gain":0,"max_hp_loss":0,"event_name":"Living Wall","floor":3,"gold_loss":0},{"damage_healed":0,"gold_gain":0,"player_choice":"Ignored","damage_taken":0,"max_hp_gain":0,"max_hp_loss":0,"event_name":"Liars Game","floor":5,"gold_loss":0},{"damage_healed":0,"gold_gain":0,"player_choice":"Obtained Relic","damage_taken":0,"relics_obtained":["Ornamental Fan"],"max_hp_gain":0,"max_hp_loss":0,"event_name":"Addict","floor":21,"gold_loss":85},{"damage_healed":0,"gold_gain":0,"player_choice":"Ignored","damage_taken":0,"max_hp_gain":0,"max_hp_loss":0,"event_name":"Ghosts","floor":24,"gold_loss":0},{"damage_healed":0,"gold_gain":0,"player_choice":"Became a vampire","damage_taken":0,"max_hp_gain":0,"max_hp_loss":21,"event_name":"Vampires","floor":28,"gold_loss":0,"cards_obtained":["Bite","Bite","Bite","Bite","Bite"]},{"damage_healed":0,"gold_gain":0,"cards_transformed":["Sucker Punch","Bite"],"player_choice":"Became Test Subject","damage_taken":0,"max_hp_gain":0,"max_hp_loss":0,"event_name":"Drug Dealer","floor":31,"gold_loss":0,"cards_obtained":["Backflip","Trip"]},{"damage_healed":0,"gold_gain":75,"player_choice":"Touch","damage_taken":5,"max_hp_gain":0,"max_hp_loss":0,"event_name":"FaceTrader","floor":37,"gold_loss":0},{"damage_healed":0,"gold_gain":0,"player_choice":"Paid","damage_taken":0,"relics_obtained":["Red Mask"],"max_hp_gain":0,"max_hp_loss":0,"event_name":"Tomb of Lord Red Mask","floor":46,"gold_loss":131}],"is_beta":false,"boss_relics":[{"not_picked":["Orrery","Astrolabe"],"picked":"Busted Crown"},{"not_picked":["HoveringKite","Velvet Choker"],"picked":"Coffee Dripper"}],"items_purged_floors":[39],"is_endless":false,"potions_floor_spawned":[12,13,16,18,20,25,27,33,38,45],"ascension_level":2}