{"gold_per_floor":[113,127,25,25,38,38,71,146,226,226,244,270,270,281,281,377,377,391,171,182,27,42,42,69,69,92,110,121,138,138,153,153,257,257,270,270,288,11,111,140,140,140],"floor_reached":42,"playtime":2409,"items_purged":["Strike_P","Strike_P"],"score":610,"play_id":"be4aef26-72ea-491d-a3f8-6b5417341a54","local_time":"20190929210122","is_ascension_mode":true,"campfire_choices":[{"data":"Eruption","floor":6.0,"key":"SMITH"},{"data":"SpiritShield","floor":10.0,"key":"SMITH"},{"data":"Tantrum","floor":13.0,"key":"SMITH"},{"data":"BattleHymn","floor":15.0,"key":"SMITH"},{"floor":23.0,"key":"REST"},{"floor":25.0,"key":"REST"},{"data":"Ragnarok","floor":30.0,"key":"SMITH"},{"floor":32,"key":"REST"},{"floor":41,"key":"REST"}],"neow_cost":"NONE","seed_source_timestamp":0,"circlet_count":0,"master_deck":["Strike_P","Defend_P","Defend_P","Defend_P","Defend_P","Eruption+1","Vigilance+1","TalkToTheHand+1","EmptyFist","BattleHymn+1","JustLucky","SpiritShield+1","Tantrum+1","CrushJoints","WreathOfFlame","ClearTheMind","Adaptation","MasterReality","FearNoEvil","FlowState","SashWhip","LessonLearned","TalkToTheHand+1","Halt","Ragnarok+1","Sanctity+1","Evaluate+1","Consecrate","EmptyBody","Alpha","MentalFortress+1","Dark Shackles","DeusExMachina"],"special_seed":0,"relics":["PureWater","PreservedInsect","Omamori","SacredBark","Orrery","DollysMirror","StoneCalendar","Lantern","VioletLotus","Membership Card","Oddly Smooth Stone","Ginger","Sundial"],"potions_floor_usage":[31,31,33,33,39,40],"damage_taken":[{"damage":0.0,"enemies":"Small Slimes","floor":1.0,"turns":3.0},{"damage":0.0,"enemies":"Jaw Worm","floor":2.0,"turns":4.0},{"damage":0.0,"enemies":"Cultist","floor":5.0,"turns":2.0},{"damage":1.0,"enemies":"Lagavulin","floor":7.0,"turns":7.0},{"damage":3.0,"enemies":"Lots of Slimes","floor":11.0,"turns":4.0},{"damage":15.0,"enemies":"3 Sentries","floor":12.0,"turns":3.0},{"damage":2.0,"enemies":"Large Slime","floor":14.0,"turns":4.0},{"damage":0.0,"enemies":"Slime Boss","floor":16.0,"turns":4.0},{"damage":0.0,"enemies":"Chosen","floor":18.0,"turns":4.0},{"damage":19.0,"enemies":"Spheric Guardian","floor":20.0,"turns":5.0},{"damage":34.0,"enemies":"3 Cultists","floor":22.0,"turns":5.0},{"damage":28.0,"enemies":"Gremlin Leader","floor":24.0,"turns":3.0},{"damage":12.0,"enemies":"Shelled Parasite and Fungi","floor":27.0,"turns":4.0},{"damage":0.0,"enemies":"Snecko","floor":28.0,"turns":4.0},{"damage":2.0,"enemies":"Centurion and Healer","floor":29.0,"turns":7.0},{"damage":9,"enemies":"Snake Plant","floor":31,"turns":6},{"damage":7,"enemies":"Collector","floor":33,"turns":6},{"damage":13,"enemies":"3 Shapes","floor":35,"turns":7},{"damage":4,"enemies":"Orb Walker","floor":37,"turns":2},{"damage":15,"enemies":"Mind Bloom Boss Battle","floor":39,"turns":7},{"damage":26,"enemies":"Giant Head","floor":40,"turns":7},{"damage":58,"enemies":"Nemesis","floor":42,"turns":6}],"seed_played":"-5926183430433399274","potions_obtained":[{"floor":1.0,"key":"FearPotion"},{"floor":7.0,"key":"Dexterity Potion"},{"floor":12.0,"key":"Dexterity Potion"},{"floor":24.0,"key":"SpeedPotion"},{"floor":28.0,"key":"PowerPotion"},{"floor":31,"key":"Strength Potion"},{"floor":35,"key":"SneckoOil"},{"floor":37,"key":"SkillPotion"}],"is_trial":false,"path_per_floor":["M","M","$","?","M","R","E","?","T","R","M","E","R","M","R","B",null,"M","$","M","$","M","R","E","R","T","M","M","M","R","M","R","B",null,"M","?","M","$","?","E","R","E"],"character_chosen":"WATCHER","items_purchased":["BattleHymn","JustLucky","Orrery","DollysMirror","Membership Card","Oddly Smooth Stone"],"campfire_rested":4,"item_purchase_floors":[3,3,19,21,38,38],"current_hp_per_floor":[72,72,72,58,58,58,57,50,50,50,47,32,32,30,30,30,72,72,72,53,53,19,40,12,33,33,21,21,19,19,10,31,24,72,59,59,55,55,40,14,35,0],"gold":140,"neow_bonus":"REMOVE_CARD","is_prod":false,"is_daily":false,"chose_seed":false,"campfire_upgraded":5,"win_rate":0,"timestamp":1569805282,"path_taken":["M","M","$","?","M","R","E","?","T","R","?","E","R","M","R","BOSS","M","$","M","$","M","R","E","R","T","M","M","M","R","?","R","BOSS","M","?","M","$","?","E","R","E"],"build_version":"2019-09-27","purchased_purges":2,"victory":false,"max_hp_per_floor":[72,72,72,72,72,72,72,72,72,72,72,72,72,72,72,72,72,72,72,72,72,72,72,72,72,72,72,72,72,72,72,72,72,72,72,72,72,72,72,72,72,72],"card_choices":[{"not_picked":["ForeignInfluence","Protect"],"picked":"TalkToTheHand","floor":1.0},{"not_picked":["FollowUp","Protect"],"picked":"EmptyFist","floor":2.0},{"not_picked":["Perseverance","Prostrate"],"picked":"SpiritShield","floor":5.0},{"not_picked":["MasterReality","FollowUp"],"picked":"Tantrum","floor":7.0},{"not_picked":["CutThroughFate","MasterReality"],"picked":"CrushJoints","floor":11.0},{"not_picked":["Vengeance","DeceiveReality"],"picked":"WreathOfFlame","floor":12.0},{"not_picked":["Vengeance","BattleHymn"],"picked":"ClearTheMind","floor":14.0},{"not_picked":["Nirvana","ConjureBlade"],"picked":"Adaptation","floor":16.0},{"not_picked":["ClearTheMind+1","FlyingSleeves"],"picked":"MasterReality","floor":18.0},{"not_picked":["FollowUp","EmptyBody"],"picked":"FearNoEvil","floor":19.0},{"not_picked":["Protect","EmptyFist"],"picked":"FlowState","floor":19.0},{"not_picked":["JustLucky","Scrawl"],"picked":"SashWhip","floor":19.0},{"not_picked":["ThirdEye","Halt"],"picked":"LessonLearned","floor":19.0},{"not_picked":["Vengeance","FollowUp","Halt"],"picked":"SKIP","floor":20.0},{"not_picked":["SashWhip","WreathOfFlame"],"picked":"Halt","floor":22.0},{"not_picked":["WreathOfFlame+1","SpiritShield"],"picked":"Ragnarok","floor":24.0},{"not_picked":["Scrawl","Collect"],"picked":"Sanctity+1","floor":27.0},{"not_picked":["CutThroughFate","FollowUp"],"picked":"Evaluate+1","floor":28.0},{"not_picked":["Crescendo","WheelKick"],"picked":"Consecrate","floor":29.0},{"not_picked":["FollowUp","EmptyFist+1"],"picked":"EmptyBody","floor":31},{"not_picked":["DevaForm","LessonLearned"],"picked":"Alpha","floor":33},{"not_picked":["SashWhip+1","WreathOfFlame"],"picked":"MentalFortress+1","floor":35},{"not_picked":["Madness","Purity"],"picked":"Dark Shackles","floor":36},{"not_picked":["Vengeance+1","Halt","JustLucky+1"],"picked":"SKIP","floor":37},{"not_picked":["ForeignInfluence","SashWhip"],"picked":"DeusExMachina","floor":40}],"player_experience":1172282,"relics_obtained":[{"floor":7.0,"key":"PreservedInsect"},{"floor":12.0,"key":"Omamori"},{"floor":24.0,"key":"StoneCalendar"},{"floor":26.0,"key":"Lantern"},{"floor":39,"key":"Ginger"},{"floor":40,"key":"Sundial"}],"event_choices":[{"damage_healed":0.0,"max_hp_gain":0.0,"max_hp_loss":0.0,"gold_gain":0.0,"event_name":"Shining Light","player_choice":"Entered Light","floor":4.0,"gold_loss":0.0,"damage_taken":14.0,"cards_upgraded":["Vigilance","TalkToTheHand"]},{"damage_healed":0.0,"max_hp_gain":0.0,"max_hp_loss":0.0,"gold_gain":75.0,"event_name":"FaceTrader","player_choice":"Touch","floor":8.0,"gold_loss":0.0,"damage_taken":7.0},{"damage_healed":0,"gold_gain":0,"player_choice":"Memory 1","damage_taken":0,"max_hp_gain":0,"max_hp_loss":0,"event_name":"SensoryStone","floor":36,"gold_loss":0},{"damage_healed":0,"gold_gain":0,"player_choice":"Fight","damage_taken":0,"max_hp_gain":0,"max_hp_loss":0,"event_name":"MindBloom","floor":39,"gold_loss":0}],"is_beta":true,"boss_relics":[{"not_picked":["Runic Dome","Astrolabe"],"picked":"SacredBark"},{"not_picked":["Fusion Hammer","Tiny House"],"picked":"VioletLotus"}],"items_purged_floors":[19,38],"is_endless":false,"potions_floor_spawned":[1,7,12,22,24,28,29,31,35,37],"killed_by":"Nemesis","ascension_level":4}