{"gold_per_floor":[10,23,33,44,44,78,78,253,279,279,303,335,354,78,78,185,192,202,222,222,248,13,13,33,61,87,31,31,66,100,117,117,226,226,239,262,57,73,100,142,164,164,164,164,180,218,236,250,250,250],"floor_reached":51,"playtime":3392,"items_purged":["Doubt","Strike_P"],"score":1195,"play_id":"23c9c866-fe4e-4613-a3d7-7c29fcd35455","local_time":"20191003131622","is_ascension_mode":true,"campfire_choices":[{"data":"Eruption","floor":7.0,"key":"SMITH"},{"data":"TalkToTheHand","floor":10.0,"key":"SMITH"},{"data":"CrushJoints","floor":15.0,"key":"SMITH"},{"data":"Ragnarok","floor":23.0,"key":"SMITH"},{"data":"Wireheading","floor":32.0,"key":"SMITH"},{"data":"Nirvana","floor":42,"key":"SMITH"},{"data":"TalkToTheHand","floor":44,"key":"SMITH"},{"data":"Thinking Ahead","floor":49,"key":"SMITH"}],"neow_cost":"NO_GOLD","seed_source_timestamp":0,"circlet_count":0,"master_deck":["Strike_P+1","Strike_P","Defend_P","Defend_P","Defend_P+1","Eruption+1","Vigilance","BowlingBash","Conclude","Sanctity","JustLucky","TalkToTheHand+1","SashWhip+1","MentalFortress","CrushJoints+1","FearNoEvil","Wallop+1","Nirvana+1","EmptyBody","JustLucky","Ragnarok+1","CurseOfTheBell","ReachHeaven+1","JustLucky","TalkToTheHand+1","Wireheading+1","Ghostly","Ghostly","Ghostly","Ghostly","Ghostly","EmptyBody","Adaptation","Wallop+1","Tantrum","Vault","Evaluate+1","FlowState+1","Impatience","Thinking Ahead+1"],"special_seed":0,"relics":["PureWater","Regal Pillow","CeramicFish","Happy Flower","Calling Bell","Potion Belt","The Courier","StoneCalendar","Whetstone","Toy Ornithopter","Art of War","Ice Cream","Philosopher\u0027s Stone","White Beast Statue","Unceasing Top","Bottled Flame","Strawberry"],"potions_floor_usage":[50,50,50],"damage_taken":[{"damage":2.0,"enemies":"Jaw Worm","floor":1.0,"turns":4.0},{"damage":2.0,"enemies":"Small Slimes","floor":2.0,"turns":4.0},{"damage":0.0,"enemies":"Cultist","floor":3.0,"turns":2.0},{"damage":3.0,"enemies":"Looter","floor":4.0,"turns":3.0},{"damage":0.0,"enemies":"Gremlin Nob","floor":6.0,"turns":2.0},{"damage":0.0,"enemies":"3 Louse","floor":11.0,"turns":2.0},{"damage":11.0,"enemies":"Lagavulin","floor":12.0,"turns":5.0},{"damage":0.0,"enemies":"Exordium Thugs","floor":13.0,"turns":2.0},{"damage":0.0,"enemies":"Slime Boss","floor":16.0,"turns":3.0},{"damage":0.0,"enemies":"Spheric Guardian","floor":18.0,"turns":1.0},{"damage":2.0,"enemies":"3 Byrds","floor":19.0,"turns":5.0},{"damage":12.0,"enemies":"Snake Plant","floor":21.0,"turns":4.0},{"damage":0.0,"enemies":"Shelled Parasite and Fungi","floor":24.0,"turns":1.0},{"damage":0.0,"enemies":"Slavers","floor":25.0,"turns":1.0},{"damage":21.0,"enemies":"Gremlin Leader","floor":30.0,"turns":7.0},{"damage":1.0,"enemies":"Cultist and Chosen","floor":31.0,"turns":7.0},{"damage":1.0,"enemies":"Automaton","floor":33.0,"turns":9.0},{"damage":0.0,"enemies":"Orb Walker","floor":35.0,"turns":4.0},{"damage":0.0,"enemies":"3 Darklings","floor":36.0,"turns":7.0},{"damage":10.0,"enemies":"Writhing Mass","floor":38.0,"turns":5.0},{"damage":0.0,"enemies":"Sphere and 2 Shapes","floor":39.0,"turns":6.0},{"damage":2.0,"enemies":"Giant Head","floor":40.0,"turns":8.0},{"damage":0,"enemies":"Maw","floor":41,"turns":6},{"damage":0,"enemies":"Spire Growth","floor":45,"turns":6},{"damage":1,"enemies":"Reptomancer","floor":46,"turns":5},{"damage":0,"enemies":"Transient","floor":47,"turns":5},{"damage":16,"enemies":"Time Eater","floor":50,"turns":11}],"seed_played":"8950359329592319135","potions_obtained":[{"floor":3.0,"key":"PowerPotion"},{"floor":4.0,"key":"SteroidPotion"},{"floor":12.0,"key":"DuplicationPotion"},{"floor":16.0,"key":"StancePotion"},{"floor":19.0,"key":"Swift Potion"},{"floor":20.0,"key":"Ambrosia"},{"floor":20.0,"key":"Ambrosia"},{"floor":20.0,"key":"SteroidPotion"},{"floor":21.0,"key":"Energy Potion"},{"floor":24.0,"key":"Dexterity Potion"},{"floor":33.0,"key":"Swift Potion"},{"floor":38.0,"key":"PowerPotion"},{"floor":39.0,"key":"LiquidBronze"},{"floor":40.0,"key":"PowerPotion"},{"floor":41,"key":"AttackPotion"},{"floor":45,"key":"StancePotion"},{"floor":46,"key":"Ancient Potion"}],"is_trial":false,"path_per_floor":["M","M","M","M","?","E","R","?","T","R","M","E","M","$","R","B",null,"M","M","?","M","$","R","M","E","T","$","?","?","E","M","R","B",null,"M","M","$","M","M","E","M","R","T","R","M","E","M","?","R","B",null],"character_chosen":"WATCHER","items_purchased":["Nirvana","EmptyBody","JustLucky","Whetstone","JustLucky","Wireheading","White Beast Statue"],"campfire_rested":0,"item_purchase_floors":[14,14,14,22,22,27,37],"current_hp_per_floor":[63,61,61,58,44,44,44,44,44,44,44,33,33,33,33,33,62,62,60,60,48,48,48,48,48,48,48,72,36,16,20,20,19,32,32,32,32,27,27,25,25,25,25,25,25,31,31,21,21,20],"gold":250,"neow_bonus":"TRANSFORM_TWO_CARDS","is_prod":false,"is_daily":false,"chose_seed":false,"campfire_upgraded":8,"win_rate":0,"timestamp":1570122982,"path_taken":["M","M","M","M","?","E","R","?","T","R","M","E","M","$","R","BOSS","M","M","?","M","$","R","?","E","T","$","?","?","E","M","R","BOSS","M","M","$","M","M","E","M","R","T","R","M","E","M","?","R","BOSS"],"build_version":"2019-10-02","purchased_purges":2,"victory":true,"max_hp_per_floor":[72,72,72,72,72,72,72,72,72,72,72,72,72,72,72,72,72,72,72,72,72,72,72,72,72,72,72,72,36,36,36,36,36,36,36,36,36,36,36,36,36,36,36,36,36,43,43,43,43,43],"card_choices":[{"not_picked":["Conclude","ClearTheMind"],"picked":"Sanctity","floor":1.0},{"not_picked":["Protect","Crescendo"],"picked":"JustLucky","floor":2.0},{"not_picked":["FlowState","Wireheading"],"picked":"TalkToTheHand","floor":3.0},{"not_picked":["Vengeance","DeceiveReality"],"picked":"SashWhip","floor":4.0},{"not_picked":["Scrawl","BattleHymn"],"picked":"MentalFortress","floor":6.0},{"not_picked":["BowlingBash","ThirdEye"],"picked":"CrushJoints","floor":11.0},{"not_picked":["MentalFortress","Pray"],"picked":"FearNoEvil","floor":12.0},{"not_picked":["SandsOfTime","JustLucky"],"picked":"Wallop","floor":13.0},{"not_picked":["Establishment","DeusExMachina"],"picked":"Ragnarok","floor":16.0},{"not_picked":["BattleHymn","Pray","Weave"],"picked":"SKIP","floor":18.0},{"not_picked":["FlyingSleeves","Sanctity","EmptyBody"],"picked":"SKIP","floor":19.0},{"not_picked":["Protect","BattleHymn+1"],"picked":"ReachHeaven+1","floor":21.0},{"not_picked":["CutThroughFate","BattleHymn"],"picked":"TalkToTheHand","floor":24.0},{"not_picked":["CutThroughFate","CrushJoints","SpiritShield"],"picked":"SKIP","floor":25.0},{"not_picked":["Wish","SashWhip"],"picked":"EmptyBody","floor":30.0},{"not_picked":["MentalFortress+1","WindmillStrike","BowlingBash"],"picked":"SKIP","floor":31.0},{"not_picked":["Omniscience","Ragnarok"],"picked":"Adaptation","floor":33.0},{"not_picked":["Worship+1","Prostrate+1","FollowUp+1"],"picked":"SKIP","floor":35.0},{"not_picked":["JustLucky","Consecrate+1"],"picked":"Wallop+1","floor":36.0},{"not_picked":["Protect","SandsOfTime+1","FlyingSleeves+1"],"picked":"SKIP","floor":38.0},{"not_picked":["JustLucky+1","Prostrate+1"],"picked":"Tantrum","floor":39.0},{"not_picked":["Wallop","FollowUp"],"picked":"Vault","floor":40.0},{"not_picked":["Fasting2+1","ForeignInfluence"],"picked":"Evaluate+1","floor":41},{"not_picked":["Crescendo","CrushJoints","Halt+1"],"picked":"SKIP","floor":45},{"not_picked":["ClearTheMind","WheelKick"],"picked":"FlowState+1","floor":46},{"not_picked":["FollowUp+1","WindmillStrike","MentalFortress+1"],"picked":"SKIP","floor":47},{"not_picked":["Forethought","Magnetism"],"picked":"Impatience","floor":48},{"not_picked":["Dark Shackles","Impatience"],"picked":"Thinking Ahead","floor":48}],"player_experience":1213159,"relics_obtained":[{"floor":6.0,"key":"Regal Pillow"},{"floor":9.0,"key":"CeramicFish"},{"floor":12.0,"key":"Happy Flower"},{"floor":17.0,"key":"Potion Belt"},{"floor":17.0,"key":"The Courier"},{"floor":17.0,"key":"StoneCalendar"},{"floor":25.0,"key":"Toy Ornithopter"},{"floor":26.0,"key":"Art of War"},{"floor":30.0,"key":"Ice Cream"},{"floor":40.0,"key":"Unceasing Top"},{"floor":43,"key":"Bottled Flame"},{"floor":46,"key":"Strawberry"}],"event_choices":[{"damage_healed":0.0,"max_hp_gain":0.0,"max_hp_loss":0.0,"gold_gain":0.0,"event_name":"Shining Light","player_choice":"Entered Light","floor":5.0,"gold_loss":0.0,"damage_taken":14.0,"cards_upgraded":["Defend_P","Strike_P"]},{"damage_healed":0.0,"max_hp_gain":0.0,"max_hp_loss":0.0,"gold_gain":175.0,"event_name":"Liars Game","player_choice":"AGREE","floor":8.0,"gold_loss":0.0,"damage_taken":0.0,"cards_obtained":["Doubt"]},{"damage_healed":0.0,"max_hp_gain":0.0,"max_hp_loss":0.0,"gold_gain":0.0,"event_name":"Lab","player_choice":"Got Potions","floor":20.0,"gold_loss":0.0,"damage_taken":0.0},{"damage_healed":24.0,"max_hp_gain":0.0,"max_hp_loss":0.0,"gold_gain":0.0,"event_name":"The Library","player_choice":"Heal","floor":28.0,"gold_loss":0.0,"damage_taken":0.0},{"damage_healed":0.0,"max_hp_gain":0.0,"max_hp_loss":36.0,"gold_gain":0.0,"event_name":"Ghosts","player_choice":"Became a Ghost","floor":29.0,"gold_loss":0.0,"damage_taken":0.0,"cards_obtained":["Ghostly","Ghostly","Ghostly","Ghostly","Ghostly"]},{"damage_healed":0,"gold_gain":0,"player_choice":"Memory 3","damage_taken":10,"max_hp_gain":0,"max_hp_loss":0,"event_name":"SensoryStone","floor":48,"gold_loss":0}],"is_beta":true,"boss_relics":[{"not_picked":["SlaversCollar","SacredBark"],"picked":"Calling Bell"},{"not_picked":["Empty Cage","Fusion Hammer"],"picked":"Philosopher\u0027s Stone"}],"items_purged_floors":[14,22],"is_endless":false,"potions_floor_spawned":[3,4,12,16,19,21,24,33,38,39,40,41,45,46,47],"ascension_level":7}