{"gold_per_floor":[111,130,150,166,166,166,184,359,386,386,386,402,421,439,439,537,537,550,518,367,378,396,396,396],"floor_reached":24,"playtime":2234,"items_purged":["Doubt"],"score":204,"play_id":"4722c8cb-2f7b-4eb3-9ded-c23ad7ba23dd","local_time":"20190922211051","is_ascension_mode":true,"campfire_choices":[{"floor":6,"key":"REST"},{"data":"Chaos","floor":15,"key":"SMITH"},{"data":"Self Repair","floor":23,"key":"SMITH"}],"neow_cost":"NONE","seed_source_timestamp":850266816510800,"circlet_count":0,"master_deck":["Strike_B","Strike_B","Strike_B","Strike_B","Defend_B","Defend_B","Defend_B","Defend_B","Zap","Dualcast","Purity","Chaos+1","Self Repair+1","Cold Snap","Creative AI","White Noise","Meteor Strike","Stack"],"relics":["Cracked Core","Bag of Preparation","Orichalcum","Ornamental Fan","Snecko Eye"],"potions_floor_usage":[16,16,16],"damage_taken":[{"damage":15,"enemies":"Cultist","floor":1,"turns":4},{"damage":0,"enemies":"2 Louse","floor":2,"turns":3},{"damage":13,"enemies":"Jaw Worm","floor":3,"turns":4},{"damage":10,"enemies":"Looter","floor":4,"turns":3},{"damage":5,"enemies":"Large Slime","floor":7,"turns":6},{"damage":10,"enemies":"3 Louse","floor":12,"turns":4},{"damage":13,"enemies":"Red Slaver","floor":13,"turns":4},{"damage":5,"enemies":"2 Fungi Beasts","floor":14,"turns":3},{"damage":33,"enemies":"The Guardian","floor":16,"turns":11},{"damage":25,"enemies":"Spheric Guardian","floor":18,"turns":8},{"damage":29,"enemies":"2 Thieves","floor":19,"turns":5},{"damage":21,"enemies":"Snake Plant","floor":21,"turns":4},{"damage":8,"enemies":"Shelled Parasite and Fungi","floor":22,"turns":4},{"damage":33,"enemies":"Slavers","floor":24,"turns":2}],"seed_played":"4874725672857569866","potions_obtained":[{"floor":4,"key":"FocusPotion"},{"floor":12,"key":"LiquidBronze"},{"floor":14,"key":"Weak Potion"},{"floor":16,"key":"Strength Potion"},{"floor":19,"key":"SkillPotion"}],"is_trial":false,"path_per_floor":["M","M","M","M","?","R","M","?","T","T","?","M","M","M","R","B",null,"M","M","$","M","M","R","E"],"character_chosen":"DEFECT","items_purchased":["Meteor Strike"],"campfire_rested":1,"item_purchase_floors":[20],"current_hp_per_floor":[60,60,54,44,26,48,50,50,50,50,55,52,46,48,48,22,80,62,40,40,26,32,32,0],"gold":396,"neow_bonus":"RANDOM_COLORLESS","is_prod":false,"is_daily":false,"chose_seed":false,"campfire_upgraded":2,"win_rate":0,"timestamp":1569201051,"path_taken":["M","M","M","M","?","R","M","?","T","?","?","M","M","M","R","BOSS","M","M","$","M","M","R","E"],"build_version":"2019-07-17","purchased_purges":1,"victory":false,"max_hp_per_floor":[75,75,75,75,75,75,75,75,75,75,80,80,80,80,80,80,80,80,80,80,80,80,80,80],"card_choices":[{"not_picked":["Rebound","Barrage"],"picked":"Chaos","floor":1},{"not_picked":["Turbo","Beam Cell"],"picked":"Self Repair","floor":2},{"not_picked":["Gash","Steam Power","Multi-Cast"],"picked":"SKIP","floor":3},{"not_picked":["Go for the Eyes","Steam","Leap"],"picked":"SKIP","floor":4},{"not_picked":["Ball Lightning","Turbo","Darkness"],"picked":"SKIP","floor":7},{"not_picked":["Double Energy","Sunder","Consume"],"picked":"SKIP","floor":12},{"not_picked":["Streamline","Undo","Redo"],"picked":"SKIP","floor":13},{"not_picked":["Consume","Barrage"],"picked":"Cold Snap","floor":14},{"not_picked":["Amplify","Seek"],"picked":"Creative AI","floor":16},{"not_picked":["Lockon","Go for the Eyes","Gash+1"],"picked":"SKIP","floor":18},{"not_picked":["Go for the Eyes+1","Doom and Gloom"],"picked":"White Noise","floor":19},{"not_picked":["Hologram","Coolheaded","Beam Cell"],"picked":"SKIP","floor":21},{"not_picked":["Go for the Eyes","Cold Snap"],"picked":"Stack","floor":22}],"player_experience":62739,"relics_obtained":[{"floor":9,"key":"Orichalcum"},{"floor":10,"key":"Ornamental Fan"}],"event_choices":[{"damage_healed":0,"gold_gain":0,"player_choice":"Success","damage_taken":18,"relics_obtained":["Bag of Preparation"],"max_hp_gain":0,"max_hp_loss":0,"event_name":"Scrap Ooze","floor":5,"gold_loss":0},{"damage_healed":0,"gold_gain":175,"player_choice":"AGREE","damage_taken":0,"max_hp_gain":0,"max_hp_loss":0,"event_name":"Liars Game","floor":8,"gold_loss":0,"cards_obtained":["Doubt"]},{"damage_healed":0,"gold_gain":0,"player_choice":"Donut","damage_taken":0,"max_hp_gain":5,"max_hp_loss":0,"event_name":"Big Fish","floor":11,"gold_loss":0}],"is_beta":false,"boss_relics":[{"not_picked":["Black Star","Philosopher\u0027s Stone"],"picked":"Snecko Eye"}],"items_purged_floors":[20],"is_endless":false,"potions_floor_spawned":[4,12,14,16,19],"killed_by":"Slavers","ascension_level":1}