{"gold_per_floor":[116,291,35,35,46,74,74,104,104,124,124,124,164,179,179,275,275,299,299,315,9,9,9,9],"floor_reached":24,"playtime":772,"items_purged":["Doubt","Echo Form+1"],"score":474,"play_id":"eb693e92-3c48-4247-895a-ca170c33a83a","local_time":"20190729213235","is_ascension_mode":true,"campfire_choices":[{"data":"Defragment","floor":11,"key":"SMITH"},{"floor":15,"key":"REST"},{"data":"Rainbow","floor":23,"key":"SMITH"}],"neow_cost":"NONE","seed_source_timestamp":715980732373300,"circlet_count":0,"master_deck":["AscendersBane","Dualcast+1","Defragment+1","Cold Snap","Rainbow+1","Ball Lightning","Doom and Gloom","Steam","Gash","Biased Cognition+1","Core Surge","Leap","Compile Driver","Echo Form+1","Heatsinks+1","Hyperbeam","Undo","Loop+1","Conserve Battery","Leap","Defragment+1","Leap","Compile Driver","Conserve Battery"],"relics":["Cracked Core","NeowsBlessing","Du-Vu Doll","Girya","Shuriken","Frozen Egg 2","Golden Idol","Blue Candle","Pandora\u0027s Box"],"potions_floor_usage":[24],"damage_taken":[{"damage":0,"enemies":"Jaw Worm","floor":1,"turns":1},{"damage":0,"enemies":"2 Louse","floor":5,"turns":1},{"damage":0,"enemies":"Gremlin Nob","floor":6,"turns":1},{"damage":23,"enemies":"3 Sentries","floor":8,"turns":9},{"damage":0,"enemies":"Cultist","floor":10,"turns":3},{"damage":12,"enemies":"Lagavulin","floor":13,"turns":4},{"damage":3,"enemies":"Large Slime","floor":14,"turns":4},{"damage":0,"enemies":"Slime Boss","floor":16,"turns":7},{"damage":13,"enemies":"Shell Parasite","floor":18,"turns":5},{"damage":24,"enemies":"2 Thieves","floor":20,"turns":4},{"damage":27,"enemies":"Slavers","floor":24,"turns":1}],"seed_played":"3702772348276822600","potions_obtained":[{"floor":5,"key":"Energy Potion"},{"floor":8,"key":"Dexterity Potion"}],"is_trial":false,"path_per_floor":["M","?","$","?","M","E","?","E","T","M","R","?","E","M","R","B",null,"M","?","M","$","?","R","E"],"character_chosen":"DEFECT","items_purchased":["Cold Snap","Rainbow","Defragment+1","Leap","Compile Driver","Conserve Battery"],"campfire_rested":1,"item_purchase_floors":[3,3,21,21,21,21],"current_hp_per_floor":[68,68,68,65,65,65,50,27,27,27,27,27,15,12,32,32,60,47,47,23,23,23,23,0],"gold":9,"neow_bonus":"THREE_ENEMY_KILL","is_prod":false,"is_daily":false,"chose_seed":false,"campfire_upgraded":2,"win_rate":0,"timestamp":1564450355,"path_taken":["M","?","$","?","M","E","?","E","T","M","R","?","E","M","R","BOSS","M","?","M","$","?","R","E"],"build_version":"2019-07-17","purchased_purges":2,"victory":false,"max_hp_per_floor":[75,75,75,75,75,75,75,75,75,75,75,69,69,69,69,69,69,69,69,69,69,69,69,69],"card_choices":[{"not_picked":["Cold Snap","Undo"],"picked":"Defragment","floor":1},{"not_picked":["Hologram","Redo"],"picked":"Ball Lightning","floor":5},{"not_picked":["Double Energy","Beam Cell","Steam Power"],"picked":"SKIP","floor":6},{"not_picked":["Cold Snap","Stack"],"picked":"Doom and Gloom","floor":8},{"not_picked":["Hologram","Rebound","Beam Cell"],"picked":"SKIP","floor":10},{"not_picked":["Amplify","Turbo"],"picked":"Steam","floor":13},{"not_picked":["Barrage","Redo"],"picked":"Gash","floor":14},{"not_picked":["Meteor Strike","Creative AI+1"],"picked":"Biased Cognition+1","floor":16},{"not_picked":["Compile Driver","Undo"],"picked":"Loop+1","floor":18},{"not_picked":["Rip and Tear+1","Turbo"],"picked":"Leap","floor":20}],"player_experience":587501,"relics_obtained":[{"floor":6,"key":"Girya"},{"floor":8,"key":"Shuriken"},{"floor":9,"key":"Frozen Egg 2"},{"floor":13,"key":"Blue Candle"}],"event_choices":[{"damage_healed":0,"gold_gain":175,"player_choice":"AGREE","damage_taken":0,"max_hp_gain":0,"max_hp_loss":0,"event_name":"Liars Game","floor":2,"gold_loss":0,"cards_obtained":["Doubt"]},{"damage_healed":0,"gold_gain":0,"player_choice":"Success","damage_taken":3,"relics_obtained":["Du-Vu Doll"],"max_hp_gain":0,"max_hp_loss":0,"event_name":"Scrap Ooze","floor":4,"gold_loss":0},{"damage_healed":0,"gold_gain":0,"player_choice":"Entered Light","damage_taken":15,"max_hp_gain":0,"max_hp_loss":0,"event_name":"Shining Light","floor":7,"gold_loss":0,"cards_upgraded":["Defend_B","Dualcast"]},{"damage_healed":0,"gold_gain":0,"player_choice":"Lose Max HP","damage_taken":0,"relics_obtained":["Golden Idol"],"max_hp_gain":0,"max_hp_loss":6,"event_name":"Golden Idol","floor":12,"gold_loss":0},{"damage_healed":0,"gold_gain":0,"player_choice":"Read","damage_taken":0,"max_hp_gain":0,"max_hp_loss":0,"event_name":"The Library","floor":19,"gold_loss":0,"cards_obtained":["Conserve Battery"]},{"cards_removed":["Zap"],"damage_healed":0,"gold_gain":0,"player_choice":"Elegance","damage_taken":0,"max_hp_gain":0,"max_hp_loss":0,"event_name":"Back to Basics","floor":22,"gold_loss":0}],"is_beta":false,"boss_relics":[{"not_picked":["Velvet Choker","White Beast Statue"],"picked":"Pandora\u0027s Box"}],"items_purged_floors":[3,21],"is_endless":false,"potions_floor_spawned":[5,8,16],"killed_by":"Slavers","ascension_level":13}