{"gold_per_floor":[116,129,129,72,86,96,114,114,139,151,163,206,218,258,270,360,372,395,427,439,20,20,20,20],"floor_reached":24,"playtime":920,"items_purged":["Strike_R"],"score":388,"play_id":"386ab830-3243-4d93-ba51-b48daf9715f5","local_time":"20190824120941","is_ascension_mode":true,"campfire_choices":[{"data":"Uppercut","floor":11.0,"key":"SMITH"},{"data":"Bash","floor":13.0,"key":"SMITH"},{"floor":15.0,"key":"REST"},{"floor":23.0,"key":"REST"}],"neow_cost":"NONE","seed_source_timestamp":39671147188400,"circlet_count":0,"master_deck":["AscendersBane","Strike_R","Strike_R","Strike_R","Strike_R","Defend_R","Defend_R","Defend_R","Defend_R","Bash+1","Flame Barrier","Clothesline","Anger","Metallicize","Uppercut+1","Parasite","Thunderclap","Shockwave","Immolate","Shrug It Off","Bloodletting+1","Feel No Pain","Battle Trance"],"special_seed":0,"relics":["Burning Blood","Regal Pillow","Juzu Bracelet","Mark of Pain","Nloth\u0027s Gift","Medical Kit"],"potions_floor_usage":[],"damage_taken":[{"damage":8.0,"enemies":"Small Slimes","floor":1.0,"turns":5.0},{"damage":7.0,"enemies":"Cultist","floor":2.0,"turns":5.0},{"damage":4.0,"enemies":"Jaw Worm","floor":5.0,"turns":4.0},{"damage":9.0,"enemies":"Blue Slaver","floor":6.0,"turns":3.0},{"damage":9.0,"enemies":"Looter","floor":7.0,"turns":4.0},{"damage":43.0,"enemies":"Lagavulin","floor":12.0,"turns":7.0},{"damage":28.0,"enemies":"3 Sentries","floor":14.0,"turns":9.0},{"damage":59.0,"enemies":"Slime Boss","floor":16.0,"turns":12.0},{"damage":39.0,"enemies":"Shell Parasite","floor":18.0,"turns":7.0},{"damage":30.0,"enemies":"2 Thieves","floor":19.0,"turns":5.0},{"damage":55,"enemies":"Gremlin Leader","floor":24,"turns":6}],"seed_played":"-6192450313876582018","potions_obtained":[{"floor":1.0,"key":"SpeedPotion"},{"floor":2.0,"key":"Dexterity Potion"},{"floor":12.0,"key":"Poison Potion"},{"floor":18.0,"key":"SkillPotion"}],"is_trial":false,"path_per_floor":["M","M","?","$","M","M","M","?","T","$","R","E","R","E","R","B",null,"M","M","?","$","?","R","E"],"character_chosen":"IRONCLAD","items_purchased":["Anger","Medical Kit","Feel No Pain","Battle Trance"],"campfire_rested":2,"item_purchase_floors":[4,21,21,21],"current_hp_per_floor":[73,72,67,67,69,66,63,82,82,82,82,45,45,23,62,9,64,31,7,7,7,7,46,0],"gold":20,"neow_bonus":"TEN_PERCENT_HP_BONUS","is_prod":false,"is_daily":false,"chose_seed":false,"campfire_upgraded":2,"win_rate":0,"timestamp":1566662981,"path_taken":["M","M","?","$","M","?","M","?","T","$","R","E","R","E","R","BOSS","M","M","?","$","?","R","E"],"build_version":"2019-07-17","purchased_purges":1,"victory":false,"max_hp_per_floor":[82,82,82,82,82,82,82,82,82,82,82,82,82,82,82,82,82,82,82,82,82,82,82,82],"card_choices":[{"not_picked":["True Grit","Body Slam"],"picked":"Flame Barrier","floor":1.0},{"not_picked":["Seeing Red","Clash"],"picked":"Clothesline","floor":2.0},{"not_picked":["Reckless Charge","Perfected Strike","Heavy Blade"],"picked":"SKIP","floor":5.0},{"not_picked":["Perfected Strike","Burning Pact"],"picked":"Metallicize","floor":6.0},{"not_picked":["Clothesline","Fire Breathing"],"picked":"Uppercut","floor":7.0},{"not_picked":["Wild Strike","Rage"],"picked":"Thunderclap","floor":12.0},{"not_picked":["Shrug It Off","Searing Blow"],"picked":"Shockwave","floor":14.0},{"not_picked":["Feed","Double Tap"],"picked":"Immolate","floor":16.0},{"not_picked":["Rage","Flex"],"picked":"Shrug It Off","floor":18.0},{"not_picked":["Havoc","Wild Strike+1"],"picked":"Bloodletting+1","floor":19.0}],"player_experience":906877,"relics_obtained":[{"floor":9.0,"key":"MawBank"},{"floor":12.0,"key":"Regal Pillow"},{"floor":14.0,"key":"Juzu Bracelet"}],"event_choices":[{"damage_healed":0.0,"max_hp_gain":0.0,"max_hp_loss":0.0,"gold_gain":0.0,"event_name":"The Woman in Blue","player_choice":"Bought 0 Potions","floor":3.0,"gold_loss":0.0,"damage_taken":0.0},{"damage_healed":20.0,"max_hp_gain":0.0,"max_hp_loss":0.0,"gold_gain":0.0,"event_name":"Mushrooms","player_choice":"Healed and dodged fight","floor":8.0,"gold_loss":0.0,"damage_taken":0.0,"cards_obtained":["Parasite"]},{"damage_healed":0.0,"max_hp_gain":0.0,"max_hp_loss":0.0,"gold_gain":0.0,"event_name":"N\u0027loth","player_choice":"Traded Relic","floor":20.0,"relics_lost":["MawBank"],"gold_loss":0.0,"damage_taken":0.0,"relics_obtained":["Nloth\u0027s Gift"]},{"damage_healed":0.0,"max_hp_gain":0.0,"max_hp_loss":0.0,"gold_gain":0.0,"event_name":"Ghosts","player_choice":"Ignored","floor":22.0,"gold_loss":0.0,"damage_taken":0.0}],"is_beta":false,"boss_relics":[{"not_picked":["Lizard Tail","Runic Pyramid"],"picked":"Mark of Pain"}],"items_purged_floors":[21],"is_endless":false,"potions_floor_spawned":[1,2,12,18],"killed_by":"Gremlin Leader","ascension_level":18}