{"gold_per_floor":[117,217,227,177,177,177,207,218,218,44,54,71,71,88,88,88],"floor_reached":16,"playtime":999,"items_purged":[],"score":102,"play_id":"8d7d7ed9-81a3-44cd-a83f-c22ad2fdf88e","local_time":"20190919011001","is_ascension_mode":false,"campfire_choices":[{"data":"Crippling Poison","floor":6,"key":"SMITH"},{"floor":15,"key":"REST"}],"neow_cost":"NONE","seed_source_timestamp":520181572721500,"circlet_count":0,"master_deck":["Strike_G","Strike_G","Strike_G","Strike_G","Defend_G","Defend_G","Defend_G","Defend_G","Defend_G","Survivor","Neutralize+1","Crippling Poison+1","Crippling Poison","Sadistic Nature","Parasite","Backflip"],"relics":["Ring of the Snake","Ninja Scroll","Snake Skull","Shuriken"],"potions_floor_usage":[16,16],"damage_taken":[{"damage":0,"enemies":"2 Louse","floor":1,"turns":3},{"damage":1,"enemies":"Cultist","floor":3,"turns":4},{"damage":37,"enemies":"Lagavulin","floor":7,"turns":13},{"damage":3,"enemies":"Jaw Worm","floor":8,"turns":3},{"damage":0,"enemies":"2 Fungi Beasts","floor":11,"turns":2},{"damage":5,"enemies":"Blue Slaver","floor":12,"turns":3},{"damage":0,"enemies":"Gremlin Gang","floor":14,"turns":2},{"damage":65,"enemies":"Slime Boss","floor":16,"turns":10}],"seed_played":"7675146246216654505","potions_obtained":[{"floor":1,"key":"SteroidPotion"},{"floor":12,"key":"Poison Potion"},{"floor":14,"key":"Explosive Potion"}],"is_trial":false,"path_per_floor":["M","?","M","?","?","R","E","M","T","$","M","M","?","M","R","B"],"character_chosen":"THE_SILENT","items_purchased":["Sadistic Nature"],"campfire_rested":1,"item_purchase_floors":[10],"current_hp_per_floor":[70,70,69,69,62,62,25,22,22,22,22,17,34,34,55,0],"gold":88,"neow_bonus":"UPGRADE_CARD","is_prod":false,"is_daily":false,"chose_seed":false,"campfire_upgraded":1,"win_rate":0.0,"timestamp":1568869801,"path_taken":["M","?","?","?","?","R","E","M","T","?","M","?","?","M","R","BOSS"],"build_version":"2019-07-17","purchased_purges":0,"victory":false,"max_hp_per_floor":[70,70,70,70,70,70,70,70,70,70,70,70,70,70,70,70],"card_choices":[{"not_picked":["Choke","Dagger Throw"],"picked":"Crippling Poison","floor":1},{"not_picked":["Outmaneuver","Flechettes","Prepared"],"picked":"SKIP","floor":3},{"not_picked":["Flying Knee","Dodge and Roll"],"picked":"Crippling Poison","floor":7},{"not_picked":["Heel Hook","Dodge and Roll","Dagger Spray"],"picked":"SKIP","floor":8},{"not_picked":["Slice","Deflect","Prepared"],"picked":"SKIP","floor":11},{"not_picked":["Distraction","Flying Knee","Endless Agony"],"picked":"SKIP","floor":12},{"not_picked":["Prepared","Blade Dance"],"picked":"Backflip","floor":14}],"player_experience":27784,"relics_obtained":[{"floor":7,"key":"Snake Skull"},{"floor":9,"key":"Shuriken"}],"event_choices":[{"damage_healed":0,"gold_gain":100,"player_choice":"Pray","damage_taken":0,"max_hp_gain":0,"max_hp_loss":0,"event_name":"Golden Shrine","floor":2,"gold_loss":0},{"cards_removed":["Strike_G"],"damage_healed":0,"gold_gain":0,"player_choice":"Card Removal","damage_taken":0,"max_hp_gain":0,"max_hp_loss":0,"event_name":"The Cleric","floor":4,"gold_loss":50},{"damage_healed":0,"gold_gain":0,"player_choice":"Success","damage_taken":7,"relics_obtained":["Ninja Scroll"],"max_hp_gain":0,"max_hp_loss":0,"event_name":"Scrap Ooze","floor":5,"gold_loss":0},{"damage_healed":17,"gold_gain":0,"player_choice":"Healed and dodged fight","damage_taken":0,"max_hp_gain":0,"max_hp_loss":0,"event_name":"Mushrooms","floor":13,"gold_loss":0,"cards_obtained":["Parasite"]}],"is_beta":false,"boss_relics":[],"items_purged_floors":[],"is_endless":false,"potions_floor_spawned":[1,12,14],"killed_by":"Slime Boss","ascension_level":0}