{"gold_per_floor":[114,31,43,57,57,89,89,102,102,129,25,52,52,79,79,155,155,167,180,191,50,70,70,105,20,20,20,20,55,55,73,73,147,147,164,14,25,25,43,73,73,73,73,108,120,120,148,248,248,248],"floor_reached":51,"playtime":2993,"items_purged":["Injury","Strike_R","Strike_R"],"score":1519,"play_id":"eb169ca5-816a-4aab-b10f-3d36d37c2b69","local_time":"20190903121349","is_ascension_mode":true,"campfire_choices":[{"data":"Whirlwind","floor":7.0,"key":"SMITH"},{"data":"Armaments","floor":15.0,"key":"SMITH"},{"data":"Limit Break","floor":23.0,"key":"SMITH"},{"data":"Warcry","floor":27.0,"key":"SMITH"},{"data":"Battle Trance","floor":30.0,"key":"SMITH"},{"floor":32.0,"key":"REST"},{"data":"Corruption","floor":42.0,"key":"SMITH"},{"data":"Burning Pact","floor":46.0,"key":"SMITH"},{"data":"Battle Trance","floor":49.0,"key":"SMITH"}],"neow_cost":"CURSE","seed_source_timestamp":37342601602700,"circlet_count":0,"master_deck":["AscendersBane","Strike_R","Strike_R","Defend_R","Defend_R","Defend_R","Defend_R","Bash","Anger","Whirlwind+1","Thunderclap","Shockwave+1","Reaper","Intimidate","Inflame+1","Shrug It Off+1","Armaments+1","Limit Break+1","Corruption+1","Warcry+1","Pummel","Second Wind","Battle Trance+1","Disarm","Exhume","Shrug It Off","Burning Pact+1","Battle Trance+1","Heavy Blade+1","Havoc+1","Double Tap"],"special_seed":0,"relics":["Burning Blood","Incense Burner","Charon\u0027s Ashes","Paper Frog","Darkstone Periapt","Odd Mushroom","Pen Nib","Cursed Key","Calipers","Ornamental Fan","Runic Pyramid","War Paint","PreservedInsect","Strawberry","Nunchaku"],"potions_floor_usage":[],"damage_taken":[{"damage":2.0,"enemies":"2 Louse","floor":1.0,"turns":3.0},{"damage":1.0,"enemies":"Cultist","floor":3.0,"turns":4.0},{"damage":9.0,"enemies":"Small Slimes","floor":4.0,"turns":4.0},{"damage":26.0,"enemies":"Lagavulin","floor":6.0,"turns":9.0},{"damage":9.0,"enemies":"Red Slaver","floor":8.0,"turns":3.0},{"damage":24.0,"enemies":"Gremlin Nob","floor":10.0,"turns":4.0},{"damage":0.0,"enemies":"The Mushroom Lair","floor":12.0,"turns":1.0},{"damage":7.0,"enemies":"3 Sentries","floor":14.0,"turns":4.0},{"damage":28.0,"enemies":"Slime Boss","floor":16.0,"turns":9.0},{"damage":15.0,"enemies":"Shell Parasite","floor":18.0,"turns":4.0},{"damage":22.0,"enemies":"2 Thieves","floor":19.0,"turns":3.0},{"damage":11.0,"enemies":"Snecko","floor":20.0,"turns":4.0},{"damage":16.0,"enemies":"Sentry and Sphere","floor":22.0,"turns":4.0},{"damage":21.0,"enemies":"Gremlin Leader","floor":24.0,"turns":7.0},{"damage":36.0,"enemies":"Slavers","floor":29.0,"turns":4.0},{"damage":10.0,"enemies":"Chosen and Byrds","floor":31.0,"turns":4.0},{"damage":46.0,"enemies":"Automaton","floor":33.0,"turns":8.0},{"damage":0.0,"enemies":"Orb Walker","floor":35.0,"turns":3.0},{"damage":9.0,"enemies":"3 Darklings","floor":37.0,"turns":4.0},{"damage":24.0,"enemies":"Transient","floor":39.0,"turns":6.0},{"damage":11.0,"enemies":"Giant Head","floor":40.0,"turns":6.0},{"damage":35.0,"enemies":"Nemesis","floor":44.0,"turns":9.0},{"damage":6.0,"enemies":"4 Shapes","floor":45.0,"turns":5.0},{"damage":6.0,"enemies":"Giant Head","floor":47.0,"turns":5.0},{"damage":0.0,"enemies":"Mind Bloom Boss Battle","floor":48.0,"turns":4.0},{"damage":99,"enemies":"Time Eater","floor":50,"turns":11}],"seed_played":"1844331793096022630","potions_obtained":[{"floor":3.0,"key":"Dexterity Potion"},{"floor":4.0,"key":"Energy Potion"},{"floor":6.0,"key":"Ancient Potion"},{"floor":18.0,"key":"Poison Potion"},{"floor":19.0,"key":"AttackPotion"},{"floor":22.0,"key":"Block Potion"},{"floor":40.0,"key":"EssenceOfSteel"},{"floor":44.0,"key":"Explosive Potion"},{"floor":45.0,"key":"SkillPotion"}],"is_trial":false,"path_per_floor":["M","$","M","M","?","E","R","M","T","E","$","?","?","E","R","B",null,"M","M","M","$","M","R","E","$","T","R","?","E","R","M","R","B",null,"M","$","M","?","M","E","$","R","T","E","M","R","E","?","R","B",null],"character_chosen":"IRONCLAD","items_purchased":["Whirlwind","Shrug It Off","Pummel","Second Wind","Shrug It Off"],"campfire_rested":1,"item_purchase_floors":[2,11,21,25,36],"current_hp_per_floor":[72,72,75,72,77,57,57,60,60,42,42,48,48,62,62,40,70,61,55,78,78,68,68,67,67,67,67,67,50,50,46,70,48,72,78,78,80,80,80,75,75,75,75,75,75,75,87,87,87,49],"gold":248,"neow_bonus":"ONE_RARE_RELIC","is_prod":false,"is_daily":false,"chose_seed":false,"campfire_upgraded":8,"win_rate":0,"timestamp":1567527229,"path_taken":["M","$","M","M","?","E","R","M","T","E","$","?","?","E","R","BOSS","M","M","M","$","?","R","E","$","T","R","?","E","R","M","R","BOSS","M","$","M","?","?","E","$","R","T","E","M","R","E","?","R","BOSS"],"build_version":"2019-07-17","purchased_purges":3,"victory":true,"max_hp_per_floor":[75,75,75,75,80,80,80,80,80,80,80,80,80,80,80,80,80,80,80,80,80,80,80,80,80,80,80,80,80,80,80,80,80,80,80,80,80,80,80,80,80,80,80,80,80,80,87,87,87,87],"card_choices":[{"not_picked":["Warcry","Wild Strike"],"picked":"Anger","floor":1.0},{"not_picked":["Armaments","Warcry"],"picked":"Thunderclap","floor":3.0},{"not_picked":["Twin Strike","Cleave"],"picked":"Shockwave","floor":4.0},{"not_picked":["Wild Strike","Rampage"],"picked":"Reaper","floor":6.0},{"not_picked":["Armaments","Hemokinesis"],"picked":"Intimidate","floor":8.0},{"not_picked":["Clothesline","Metallicize"],"picked":"Inflame","floor":10.0},{"not_picked":["Iron Wave","Hemokinesis"],"picked":"Armaments","floor":12.0},{"not_picked":["Carnage","Havoc","Thunderclap"],"picked":"SKIP","floor":14.0},{"not_picked":["Juggernaut","Demon Form"],"picked":"Limit Break","floor":16.0},{"not_picked":["Anger","Pommel Strike"],"picked":"Corruption","floor":18.0},{"not_picked":["Iron Wave","Thunderclap"],"picked":"Warcry","floor":19.0},{"not_picked":["Perfected Strike","Armaments","Flex"],"picked":"SKIP","floor":20.0},{"not_picked":["Perfected Strike","Armaments","Flex"],"picked":"SKIP","floor":20.0},{"not_picked":["Rupture","Warcry","Clash"],"picked":"SKIP","floor":22.0},{"not_picked":["Whirlwind+1","Clash+1","Perfected Strike"],"picked":"SKIP","floor":24.0},{"not_picked":["Clash","Dark Embrace"],"picked":"Battle Trance","floor":29.0},{"not_picked":["Warcry","Perfected Strike"],"picked":"Disarm","floor":31.0},{"not_picked":["Demon Form","Barricade"],"picked":"Exhume","floor":33.0},{"not_picked":["Bloodletting","Body Slam","Second Wind"],"picked":"SKIP","floor":35.0},{"not_picked":["Uppercut+1","Heavy Blade"],"picked":"Burning Pact","floor":37.0},{"not_picked":["Perfected Strike","Rage"],"picked":"Heavy Blade+1","floor":39.0},{"not_picked":["Warcry","Armaments","Wild Strike+1"],"picked":"SKIP","floor":40.0},{"not_picked":["Hemokinesis","Uppercut","Rupture"],"picked":"SKIP","floor":44.0},{"not_picked":["Shrug It Off","Sentinel"],"picked":"Havoc+1","floor":45.0},{"not_picked":["Perfected Strike","Second Wind"],"picked":"Double Tap","floor":47.0}],"player_experience":951773,"relics_obtained":[{"floor":6.0,"key":"Charon\u0027s Ashes"},{"floor":9.0,"key":"Paper Frog"},{"floor":10.0,"key":"Darkstone Periapt"},{"floor":12.0,"key":"Odd Mushroom"},{"floor":14.0,"key":"Pen Nib"},{"floor":24.0,"key":"Calipers"},{"floor":29.0,"key":"Ornamental Fan"},{"floor":40.0,"key":"War Paint"},{"floor":44.0,"key":"PreservedInsect"},{"floor":47.0,"key":"Strawberry"},{"floor":48.0,"key":"Nunchaku"}],"event_choices":[{"damage_healed":0.0,"max_hp_gain":5.0,"max_hp_loss":0.0,"gold_gain":0.0,"event_name":"Big Fish","player_choice":"Donut","floor":5.0,"gold_loss":0.0,"damage_taken":0.0},{"damage_healed":0.0,"max_hp_gain":0.0,"max_hp_loss":0.0,"gold_gain":0.0,"event_name":"Mushrooms","player_choice":"Fought Mushrooms","floor":12.0,"gold_loss":0.0,"damage_taken":0.0},{"damage_healed":0.0,"max_hp_gain":0.0,"max_hp_loss":0.0,"gold_gain":0.0,"event_name":"Upgrade Shrine","player_choice":"Upgraded","floor":13.0,"gold_loss":0.0,"damage_taken":0.0,"cards_upgraded":["Inflame"]},{"damage_healed":0.0,"max_hp_gain":0.0,"max_hp_loss":0.0,"gold_gain":0.0,"cards_transformed":["Strike_R"],"event_name":"Transmorgrifier","player_choice":"Transformed","floor":38.0,"gold_loss":0.0,"damage_taken":0.0,"cards_obtained":["Battle Trance"]},{"damage_healed":0.0,"max_hp_gain":0.0,"max_hp_loss":0.0,"gold_gain":0.0,"event_name":"MindBloom","player_choice":"Fight","floor":48.0,"gold_loss":0.0,"damage_taken":0.0}],"is_beta":false,"boss_relics":[{"not_picked":["Fusion Hammer","Runic Cube"],"picked":"Cursed Key"},{"not_picked":["Eternal Feather","Sozu"],"picked":"Runic Pyramid"}],"items_purged_floors":[11,21,36],"is_endless":false,"potions_floor_spawned":[3,4,6,18,19,22,40,44,45,48],"ascension_level":19}