{"gold_per_floor":[110,121,0,75,0,0,11,31,31,31,56,56,56,72,72,149,149,149,13,13,13,13,13],"floor_reached":23,"playtime":831,"items_purged":["Strike_R"],"score":382,"play_id":"2149f943-b68c-4c5e-96d1-8e1f6bf716b6","local_time":"20190906232616","is_ascension_mode":true,"campfire_choices":[{"data":"Bash","floor":6.0,"key":"SMITH"},{"data":"Anger","floor":10.0,"key":"SMITH"},{"data":"True Grit","floor":12.0,"key":"SMITH"},{"data":"Disarm","floor":15.0,"key":"SMITH"}],"neow_cost":"NONE","seed_source_timestamp":339201850406000,"circlet_count":0,"master_deck":["AscendersBane","Strike_R","Strike_R","Strike_R","Defend_R","Defend_R","Defend_R","Defend_R","Bash+1","Headbutt","True Grit+1","Disarm+1","Combust+1","Anger+1","Impervious","Battle Trance+1","Evolve","Feed","Feel No Pain","Armaments+1","Shrug It Off+1","Whirlwind"],"special_seed":0,"relics":["Burning Blood","Toxic Egg 2","StoneCalendar","Ectoplasm"],"potions_floor_usage":[23,23],"damage_taken":[{"damage":4.0,"enemies":"2 Louse","floor":1.0,"turns":5.0},{"damage":1.0,"enemies":"Cultist","floor":2.0,"turns":3.0},{"damage":5.0,"enemies":"Jaw Worm","floor":7.0,"turns":4.0},{"damage":3.0,"enemies":"Exordium Wildlife","floor":8.0,"turns":4.0},{"damage":23.0,"enemies":"Lagavulin","floor":11.0,"turns":6.0},{"damage":0.0,"enemies":"Looter","floor":14.0,"turns":4.0},{"damage":26.0,"enemies":"Hexaghost","floor":16.0,"turns":8.0},{"damage":16.0,"enemies":"3 Byrds","floor":18.0,"turns":5.0},{"damage":2.0,"enemies":"Chosen","floor":20.0,"turns":7.0},{"damage":27.0,"enemies":"Sentry and Sphere","floor":22.0,"turns":7.0},{"damage":61,"enemies":"Slavers","floor":23,"turns":3}],"seed_played":"-3300700455563177442","potions_obtained":[{"floor":7.0,"key":"Fruit Juice"},{"floor":11.0,"key":"Energy Potion"},{"floor":14.0,"key":"EssenceOfSteel"},{"floor":18.0,"key":"Regen Potion"},{"floor":20.0,"key":"PowerPotion"}],"is_trial":false,"path_per_floor":["M","M","$","?","$","R","M","M","T","R","E","R","$","M","R","B",null,"M","$","M","?","M","E"],"character_chosen":"IRONCLAD","items_purchased":["Disarm","Combust","Feel No Pain","Armaments+1"],"campfire_rested":0,"item_purchase_floors":[3,3,19,19],"current_hp_per_floor":[70,75,75,64,64,64,70,73,73,73,56,56,56,62,62,42,71,61,61,65,65,44,0],"gold":13,"neow_bonus":"REMOVE_CARD","is_prod":false,"is_daily":false,"chose_seed":false,"campfire_upgraded":4,"win_rate":0,"timestamp":1567826776,"path_taken":["M","M","$","?","$","R","M","M","T","R","E","R","$","M","R","BOSS","M","$","M","?","?","E"],"build_version":"2019-07-17","purchased_purges":1,"victory":false,"max_hp_per_floor":[75,75,75,75,75,75,80,80,80,80,80,80,80,80,80,80,80,80,80,80,80,80,80],"card_choices":[{"not_picked":["Clash","Sever Soul"],"picked":"Headbutt","floor":1.0},{"not_picked":["Pommel Strike","Clash"],"picked":"True Grit","floor":2.0},{"not_picked":["Twin Strike","Reckless Charge"],"picked":"Anger","floor":7.0},{"not_picked":["Perfected Strike","Infernal Blade"],"picked":"Impervious","floor":8.0},{"not_picked":["Disarm+1","Combust"],"picked":"Battle Trance+1","floor":11.0},{"not_picked":["Pommel Strike","Blood for Blood"],"picked":"Evolve","floor":14.0},{"not_picked":["Impervious+1","Dark Embrace"],"picked":"Feed","floor":16.0},{"not_picked":["Carnage","Anger","Clash"],"picked":"SKIP","floor":18.0},{"not_picked":["Headbutt","Sentinel+1"],"picked":"Shrug It Off+1","floor":20.0},{"not_picked":["Heavy Blade","True Grit+1"],"picked":"Whirlwind","floor":22.0}],"player_experience":995131,"relics_obtained":[{"floor":9.0,"key":"Toxic Egg 2"},{"floor":11.0,"key":"StoneCalendar"}],"event_choices":[{"damage_healed":0.0,"max_hp_gain":0.0,"max_hp_loss":0.0,"gold_gain":75.0,"event_name":"World of Goop","player_choice":"Gather Gold","floor":4.0,"gold_loss":0.0,"damage_taken":11.0},{"damage_healed":0.0,"max_hp_gain":0.0,"max_hp_loss":0.0,"gold_gain":0.0,"event_name":"Accursed Blacksmith","player_choice":"Forge","floor":21.0,"gold_loss":0.0,"damage_taken":0.0,"cards_upgraded":["Combust"]}],"is_beta":false,"boss_relics":[{"not_picked":["Coffee Dripper","Runic Dome"],"picked":"Ectoplasm"}],"items_purged_floors":[5],"is_endless":false,"potions_floor_spawned":[7,11,14,18,20],"killed_by":"Slavers","ascension_level":20}