{"gold_per_floor":[16,30,41,53,63,98,98,128,180,180,199,213,49,68,68,143,143,161,172,72,72,72,72,72],"floor_reached":24,"playtime":994,"items_purged":["Strike_R","Strike_R"],"score":424,"play_id":"d089caef-9d8a-40b4-b3a8-1253685dfc3f","local_time":"20190827182437","is_ascension_mode":true,"campfire_choices":[{"data":"Combust","floor":7.0,"key":"SMITH"},{"data":"Hemokinesis","floor":10.0,"key":"SMITH"},{"floor":15.0,"key":"REST"},{"data":"Berserk","floor":23.0,"key":"SMITH"}],"neow_cost":"NO_GOLD","seed_source_timestamp":321422844273400,"circlet_count":0,"master_deck":["AscendersBane","Defend_R","Defend_R","Defend_R","Defend_R","Bash","Twin Strike","Combust+1","Armaments","True Grit","Ghostly Armor","Rupture","Sword Boomerang","Thunderclap","Hemokinesis+1","Shrug It Off","Uppercut","Flame Barrier","True Grit","Evolve","Shockwave","Fiend Fire","Berserk+1","Heavy Blade+1","Bite","Bite","Bite","Bite","Bite"],"special_seed":0,"relics":["Burning Blood","Prayer Wheel","WingedGreaves","Strawberry","Lantern","Busted Crown"],"potions_floor_usage":[],"damage_taken":[{"damage":6.0,"enemies":"Cultist","floor":1.0,"turns":3.0},{"damage":15.0,"enemies":"Small Slimes","floor":2.0,"turns":5.0},{"damage":5.0,"enemies":"2 Louse","floor":3.0,"turns":4.0},{"damage":0.0,"enemies":"Lots of Slimes","floor":4.0,"turns":2.0},{"damage":25.0,"enemies":"Exordium Wildlife","floor":5.0,"turns":6.0},{"damage":30.0,"enemies":"Lagavulin","floor":6.0,"turns":8.0},{"damage":15.0,"enemies":"3 Sentries","floor":8.0,"turns":7.0},{"damage":10.0,"enemies":"Blue Slaver","floor":11.0,"turns":3.0},{"damage":14.0,"enemies":"Large Slime","floor":12.0,"turns":5.0},{"damage":5.0,"enemies":"2 Fungi Beasts","floor":14.0,"turns":5.0},{"damage":23.0,"enemies":"Slime Boss","floor":16.0,"turns":7.0},{"damage":17.0,"enemies":"Chosen","floor":18.0,"turns":5.0},{"damage":0.0,"enemies":"3 Byrds","floor":19.0,"turns":4.0},{"damage":63,"enemies":"Book of Stabbing","floor":24,"turns":5}],"seed_played":"-3511080697572697557","potions_obtained":[{"floor":3.0,"key":"Explosive Potion"},{"floor":5.0,"key":"SpeedPotion"},{"floor":6.0,"key":"EssenceOfSteel"},{"floor":11.0,"key":"GamblersBrew"},{"floor":14.0,"key":"Dexterity Potion"}],"is_trial":false,"path_per_floor":["M","M","M","M","M","E","R","E","T","R","M","M","$","M","R","B",null,"M","M","$","?","$","R","E"],"character_chosen":"IRONCLAD","items_purchased":["Evolve"],"campfire_rested":1,"item_purchase_floors":[13],"current_hp_per_floor":[68,59,60,66,47,23,23,21,21,21,17,9,9,10,34,17,66,55,61,61,57,57,57,0],"gold":72,"neow_bonus":"ONE_RARE_RELIC","is_prod":false,"is_daily":false,"chose_seed":false,"campfire_upgraded":3,"win_rate":0,"timestamp":1566944677,"path_taken":["M","M","?","M","M","E","R","E","T","R","M","M","$","?","R","BOSS","M","M","?","?","$","R","E"],"build_version":"2019-07-17","purchased_purges":2,"victory":false,"max_hp_per_floor":[75,75,75,75,75,75,75,82,82,82,82,82,82,82,82,82,82,82,82,82,57,57,57,57],"card_choices":[{"not_picked":["Sword Boomerang","True Grit"],"picked":"Twin Strike","floor":1.0},{"not_picked":["Rupture","Entrench"],"picked":"Combust","floor":1.0},{"not_picked":["Wild Strike","Pommel Strike"],"picked":"Armaments","floor":2.0},{"not_picked":["Armaments","Intimidate"],"picked":"True Grit","floor":2.0},{"not_picked":["Havoc","Pommel Strike"],"picked":"Ghostly Armor","floor":3.0},{"not_picked":["Juggernaut","Armaments"],"picked":"Rupture","floor":3.0},{"not_picked":["Rage","Ghostly Armor"],"picked":"Sword Boomerang","floor":4.0},{"not_picked":["Corruption","Armaments","Pommel Strike"],"picked":"SKIP","floor":4.0},{"not_picked":["Shrug It Off","Dark Embrace"],"picked":"Thunderclap","floor":5.0},{"not_picked":["Carnage","Wild Strike","Fire Breathing"],"picked":"SKIP","floor":5.0},{"not_picked":["Sword Boomerang","Demon Form"],"picked":"Hemokinesis","floor":6.0},{"not_picked":["Iron Wave","Twin Strike"],"picked":"Shrug It Off","floor":8.0},{"not_picked":["Ghostly Armor","Inflame"],"picked":"Uppercut","floor":11.0},{"not_picked":["Carnage","Sword Boomerang","Warcry"],"picked":"SKIP","floor":11.0},{"not_picked":["Iron Wave","Combust"],"picked":"Flame Barrier","floor":12.0},{"not_picked":["Thunderclap","Sever Soul"],"picked":"True Grit","floor":12.0},{"not_picked":["Wild Strike","Heavy Blade"],"picked":"Shockwave","floor":14.0},{"not_picked":["Spot Weakness","Intimidate"],"picked":"Fiend Fire","floor":14.0},{"not_picked":["Fiend Fire","Brutality"],"picked":"Berserk","floor":16.0},{"not_picked":[],"picked":"Heavy Blade+1","floor":18.0},{"not_picked":["Carnage"],"picked":"SKIP","floor":18.0},{"not_picked":["Warcry"],"picked":"SKIP","floor":19.0},{"not_picked":["Armaments"],"picked":"SKIP","floor":19.0}],"player_experience":918238,"relics_obtained":[{"floor":6.0,"key":"WingedGreaves"},{"floor":8.0,"key":"Strawberry"},{"floor":9.0,"key":"Lantern"}],"event_choices":[{"damage_healed":0.0,"max_hp_gain":0.0,"max_hp_loss":25.0,"gold_gain":0.0,"event_name":"Vampires","player_choice":"Became a vampire","floor":21.0,"gold_loss":0.0,"damage_taken":0.0,"cards_obtained":["Bite","Bite","Bite","Bite","Bite"]}],"is_beta":false,"boss_relics":[{"not_picked":["Ectoplasm","Pandora\u0027s Box"],"picked":"Busted Crown"}],"items_purged_floors":[13,20],"is_endless":false,"potions_floor_spawned":[3,5,6,11,14],"killed_by":"Book of Stabbing","ascension_level":18}