{"gold_per_floor":[110,120,135,153,153,153,168,168,168,202,202,127,127,227,227,331,331,341,440,440,159,69,69,102,102,102,128,147,147,180,190,190,292,342,352,181,181,181,281,281,309,309,383,4,4,22,50,64,64,64],"floor_reached":51,"playtime":3293,"items_purged":["Strike_B","Strike_B","Defend_B","Defend_B"],"score":1220,"play_id":"6bba8ba6-8fb7-4dc9-928f-9e10e5d6752f","local_time":"20190725234238","is_ascension_mode":true,"campfire_choices":[{"data":"Zap","floor":6,"key":"SMITH"},{"data":"Defragment","floor":8,"key":"SMITH"},{"data":"Rainbow","floor":13,"key":"SMITH"},{"data":"Go for the Eyes","floor":15,"key":"SMITH"},{"data":"Seek","floor":23,"key":"SMITH"},{"data":"Coolheaded","floor":25,"key":"SMITH"},{"data":"Turbo","floor":29,"key":"SMITH"},{"data":"Hologram","floor":32,"key":"SMITH"},{"data":"Coolheaded","floor":40,"key":"SMITH"},{"data":"Glacier","floor":42,"key":"SMITH"},{"data":"Thunder Strike","floor":45,"key":"SMITH"},{"data":"Fission","floor":49,"key":"SMITH"}],"neow_cost":"NONE","seed_source_timestamp":375639327687800,"circlet_count":0,"master_deck":["Strike_B","Defend_B","Defend_B+1","Zap+1","Dualcast","Ball Lightning","Steam+1","Coolheaded+1","Defragment+1","Go for the Eyes+1","Rainbow+1","Seek+1","Conserve Battery","Glacier+1","Turbo+1","Hologram+1","Coolheaded+1","Meteor Strike","Hologram+1","Redo","Panache","Capacitor+1","Thunder Strike+1","Machine Learning+1","Fission+1"],"relics":["Cracked Core","Anchor","Orichalcum","PreservedInsect","Gremlin Horn","Symbiotic Virus","Sozu","Singing Bowl","Art of War","Letter Opener","Question Card","Bag of Marbles","Dead Branch","Tiny House","Calipers","Strawberry","Frozen Egg 2","Prayer Wheel"],"potions_floor_usage":[],"damage_taken":[{"damage":0,"enemies":"Small Slimes","floor":1,"turns":4},{"damage":0,"enemies":"Jaw Worm","floor":2,"turns":2},{"damage":0,"enemies":"Cultist","floor":3,"turns":3},{"damage":1,"enemies":"3 Louse","floor":4,"turns":3},{"damage":1,"enemies":"Red Slaver","floor":7,"turns":3},{"damage":1,"enemies":"Gremlin Nob","floor":10,"turns":3},{"damage":7,"enemies":"Slime Boss","floor":16,"turns":8},{"damage":5,"enemies":"3 Byrds","floor":18,"turns":4},{"damage":0,"enemies":"Book of Stabbing","floor":24,"turns":5},{"damage":0,"enemies":"Slavers","floor":27,"turns":4},{"damage":0,"enemies":"Shell Parasite","floor":28,"turns":3},{"damage":0,"enemies":"Gremlin Leader","floor":30,"turns":5},{"damage":0,"enemies":"Centurion and Healer","floor":31,"turns":4},{"damage":33,"enemies":"Automaton","floor":33,"turns":12},{"damage":33,"enemies":"3 Darklings","floor":35,"turns":6},{"damage":0,"enemies":"Mind Bloom Boss Battle","floor":39,"turns":5},{"damage":0,"enemies":"Reptomancer","floor":41,"turns":6},{"damage":0,"enemies":"Orb Walker","floor":46,"turns":2},{"damage":3,"enemies":"Giant Head","floor":47,"turns":7},{"damage":8,"enemies":"Maw","floor":48,"turns":5},{"damage":13,"enemies":"Awakened One","floor":50,"turns":13}],"seed_played":"8924010909590774365","potions_obtained":[{"floor":2,"key":"Ancient Potion"}],"is_trial":false,"path_per_floor":["M","M","M","M","?","R","M","R","T","E","T","$","R","?","R","B",null,"M","?","?","$","?","R","E","R","T","E","M","R","E","M","R","B",null,"M","$","?","?","?","R","E","R","T","$","R","M","E","M","R","B",null],"character_chosen":"DEFECT","items_purchased":["Glacier","Art of War","Redo","Capacitor+1","Thunder Strike"],"campfire_rested":0,"item_purchase_floors":[21,21,36,44,44],"current_hp_per_floor":[68,68,68,67,60,60,59,59,59,58,58,58,58,58,58,51,69,64,64,64,64,64,64,66,66,66,68,68,68,68,68,68,35,75,42,42,42,42,44,44,53,53,53,53,53,53,52,46,46,33],"gold":64,"neow_bonus":"RANDOM_COMMON_RELIC","is_prod":false,"is_daily":false,"chose_seed":false,"campfire_upgraded":12,"win_rate":0,"timestamp":1564112558,"path_taken":["M","M","M","M","?","R","M","R","T","E","?","?","R","?","R","BOSS","M","?","?","$","?","R","E","R","T","E","M","R","E","?","R","BOSS","M","$","?","?","?","R","E","R","T","?","R","M","E","M","R","BOSS"],"build_version":"2019-07-17","purchased_purges":4,"victory":true,"max_hp_per_floor":[75,75,75,75,75,75,75,75,75,75,75,75,75,75,75,75,75,75,75,75,75,75,75,77,77,77,79,79,79,79,79,79,79,86,86,86,86,82,84,84,93,93,93,93,93,93,95,97,97,97],"card_choices":[{"not_picked":["Cold Snap","Coolheaded"],"picked":"Ball Lightning","floor":1},{"not_picked":["Scrape","Redo"],"picked":"Steam","floor":2},{"not_picked":["Genetic Algorithm","Beam Cell"],"picked":"Coolheaded","floor":3},{"not_picked":["Hologram","Steam"],"picked":"Defragment","floor":4},{"not_picked":["Storm","Redo"],"picked":"Go for the Eyes","floor":7},{"not_picked":["Redo","FTL"],"picked":"Rainbow","floor":10},{"not_picked":["Amplify","Multi-Cast"],"picked":"Seek","floor":16},{"not_picked":["Cold Snap+1","Melter"],"picked":"Conserve Battery","floor":18},{"not_picked":["Beam Cell+1","Go for the Eyes+1","Stack"],"picked":"Singing Bowl","floor":24},{"not_picked":["Steam","Reinforced Body","Storm","Stack"],"picked":"Singing Bowl","floor":27},{"not_picked":["Streamline","Beam Cell+1","Tempest+1"],"picked":"Turbo","floor":28},{"not_picked":["Scrape","Stack","Go for the Eyes+1"],"picked":"Hologram","floor":30},{"not_picked":["Redo","Undo","Double Energy"],"picked":"Coolheaded","floor":31},{"not_picked":["Hyperbeam","Amplify","Rainbow"],"picked":"Meteor Strike","floor":33},{"not_picked":["BootSequence","Go for the Eyes","Blizzard","Storm"],"picked":"Singing Bowl","floor":34},{"not_picked":["Beam Cell+1","Cold Snap","Double Energy+1"],"picked":"Hologram+1","floor":35},{"not_picked":["Madness","Thinking Ahead","Dramatic Entrance"],"picked":"Panache","floor":37},{"not_picked":["Hello World+1","Streamline+1","Sweeping Beam+1","Hologram"],"picked":"Singing Bowl","floor":39},{"not_picked":["Multi-Cast","Barrage","Cold Snap","Streamline+1"],"picked":"Singing Bowl","floor":41},{"not_picked":["Coolheaded","Cold Snap+1","Sunder"],"picked":"Machine Learning+1","floor":46},{"not_picked":["Redo+1","Rip and Tear+1","Recycle+1","Stack"],"picked":"Singing Bowl","floor":47},{"not_picked":["Reprogram","Turbo+1","Barrage","Ball Lightning+1"],"picked":"Singing Bowl","floor":48},{"not_picked":["Beam Cell+1","Redo+1","Coolheaded"],"picked":"Fission","floor":48}],"player_experience":515679,"relics_obtained":[{"floor":9,"key":"PreservedInsect"},{"floor":10,"key":"Gremlin Horn"},{"floor":11,"key":"Symbiotic Virus"},{"floor":24,"key":"Letter Opener"},{"floor":26,"key":"Question Card"},{"floor":27,"key":"Bag of Marbles"},{"floor":30,"key":"Dead Branch"},{"floor":39,"key":"Calipers"},{"floor":41,"key":"Strawberry"},{"floor":43,"key":"Frozen Egg 2"},{"floor":47,"key":"Prayer Wheel"}],"event_choices":[{"damage_healed":0,"gold_gain":0,"player_choice":"Success","damage_taken":7,"relics_obtained":["Orichalcum"],"max_hp_gain":0,"max_hp_loss":0,"event_name":"Scrap Ooze","floor":5,"gold_loss":0},{"damage_healed":0,"gold_gain":100,"player_choice":"Pray","damage_taken":0,"max_hp_gain":0,"max_hp_loss":0,"event_name":"Golden Shrine","floor":14,"gold_loss":0},{"damage_healed":0,"gold_gain":99,"player_choice":"Stole From Cult","damage_taken":0,"max_hp_gain":0,"max_hp_loss":0,"event_name":"Nest","floor":19,"gold_loss":0},{"damage_healed":0,"gold_gain":0,"player_choice":"Opened","damage_taken":0,"relics_obtained":["Singing Bowl"],"max_hp_gain":0,"max_hp_loss":0,"event_name":"The Mausoleum","floor":20,"gold_loss":0},{"cards_removed":["Strike_B"],"damage_healed":0,"gold_gain":0,"player_choice":"Upgrade and Remove","damage_taken":0,"max_hp_gain":0,"max_hp_loss":0,"event_name":"Designer","floor":22,"gold_loss":90,"cards_upgraded":["Steam"]},{"damage_healed":0,"gold_gain":0,"player_choice":"Memory 1","damage_taken":0,"max_hp_gain":0,"max_hp_loss":0,"event_name":"SensoryStone","floor":37,"gold_loss":0},{"damage_healed":0,"gold_gain":0,"player_choice":"Max HP","damage_taken":0,"max_hp_gain":0,"max_hp_loss":4,"event_name":"Winding Halls","floor":38,"gold_loss":0},{"damage_healed":0,"gold_gain":0,"player_choice":"Fight","damage_taken":0,"max_hp_gain":0,"max_hp_loss":0,"event_name":"MindBloom","floor":39,"gold_loss":0}],"is_beta":false,"boss_relics":[{"not_picked":["Black Star","Cursed Key"],"picked":"Sozu"},{"not_picked":["Snecko Eye","Velvet Choker"],"picked":"Tiny House"}],"items_purged_floors":[12,21,36,44],"is_endless":false,"potions_floor_spawned":[2,18,27,30,39,46,47],"ascension_level":9}