{"gold_per_floor":[117,135,10,0,0,0,34,34,104,134,148,148,73,86,86,187,187,202,16,36,54,29,58,58,58,58,58,58,86,101,114,114,212,212,231,231,283,121,121,121,147,147,147,42,59,59,59,74,74,74],"floor_reached":51,"playtime":2950,"items_purged":["Decay","Strike_B"],"score":1050,"play_id":"82cf6a29-ab0c-4264-ba1b-d7f67b05233a","local_time":"20190719230115","is_ascension_mode":true,"campfire_choices":[{"floor":6,"key":"REST"},{"data":"Fission","floor":15,"key":"SMITH"},{"data":"Defragment","floor":24,"key":"SMITH"},{"floor":28,"key":"REST"},{"data":"Capacitor","floor":32,"key":"SMITH"},{"data":"Consume","floor":40,"key":"SMITH"},{"floor":46,"key":"REST"},{"floor":47,"key":"REST"},{"floor":49,"key":"REST"}],"neow_cost":"PERCENT_DAMAGE","seed_source_timestamp":266415468416000,"circlet_count":0,"master_deck":["Defend_B","Defend_B","Defend_B","Zap","Dualcast","Machine Learning","Doom and Gloom","Defragment+1","Coolheaded","Ball Lightning","Loop","Fission+1","Hologram","Electrodynamics","Coolheaded","Conserve Battery","BootSequence","Go for the Eyes+1","Conserve Battery+1","Compile Driver","Consume+1","Redo+1","White Noise","Capacitor+1","Seek","Master of Strategy","Capacitor+1","Undo","Fusion","Coolheaded+1","Darkness+1"],"relics":["Cracked Core","Matryoshka","Thread and Needle","Lantern","Mercury Hourglass","Pear","Sozu","DataDisk","Bottled Tornado","Prayer Wheel","Blood Vial","Philosopher\u0027s Stone","WingedGreaves","Bag of Marbles","Sundial"],"potions_floor_usage":[16,29],"damage_taken":[{"damage":0,"enemies":"2 Louse","floor":1,"turns":1},{"damage":8,"enemies":"Jaw Worm","floor":2,"turns":4},{"damage":22,"enemies":"Gremlin Nob","floor":7,"turns":4},{"damage":13,"enemies":"Lagavulin","floor":10,"turns":6},{"damage":1,"enemies":"Small Slimes","floor":11,"turns":3},{"damage":4,"enemies":"Exordium Thugs","floor":14,"turns":3},{"damage":0,"enemies":"The Guardian","floor":16,"turns":10},{"damage":3,"enemies":"Shell Parasite","floor":18,"turns":4},{"damage":0,"enemies":"Spheric Guardian","floor":20,"turns":3},{"damage":11,"enemies":"Shelled Parasite and Fungi","floor":21,"turns":6},{"damage":0,"enemies":"Book of Stabbing","floor":23,"turns":6},{"damage":0,"enemies":"Slavers","floor":29,"turns":5},{"damage":0,"enemies":"Sentry and Sphere","floor":30,"turns":3},{"damage":0,"enemies":"3 Cultists","floor":31,"turns":2},{"damage":2,"enemies":"Automaton","floor":33,"turns":9},{"damage":0,"enemies":"Orb Walker","floor":35,"turns":3},{"damage":40,"enemies":"2 Orb Walkers","floor":37,"turns":5},{"damage":46,"enemies":"Nemesis","floor":41,"turns":7},{"damage":4,"enemies":"3 Darklings","floor":45,"turns":4},{"damage":0,"enemies":"Sphere and 2 Shapes","floor":48,"turns":4},{"damage":31,"enemies":"Awakened One","floor":50,"turns":11}],"seed_played":"5489464464912432563","potions_obtained":[{"floor":7,"key":"Energy Potion"},{"floor":11,"key":"Dexterity Potion"},{"floor":14,"key":"SteroidPotion"}],"is_trial":false,"path_per_floor":["M","M","$","?","?","R","E","?","T","E","M","?","$","M","R","B",null,"M","$","M","M","$","E","R","?","T","?","R","E","M","M","R","B",null,"M","?","?","$","?","R","E","?","T","$","M","R","R","M","R","B",null],"character_chosen":"DEFECT","items_purchased":["Ball Lightning","Loop","Conserve Battery","BootSequence","Sweeping Beam","Master of Strategy","Undo","Fusion"],"campfire_rested":5,"item_purchase_floors":[3,3,19,19,22,38,44,44],"current_hp_per_floor":[50,42,42,42,30,52,30,30,30,27,26,26,26,22,22,22,69,66,66,66,55,55,55,55,39,39,39,66,66,68,70,70,70,85,87,87,49,49,49,49,5,5,5,5,3,30,57,59,86,57],"gold":74,"neow_bonus":"TRANSFORM_TWO_CARDS","is_prod":false,"is_daily":false,"chose_seed":false,"campfire_upgraded":4,"win_rate":0,"timestamp":1563591675,"path_taken":["M","M","$","?","?","R","E","?","T","E","?","?","$","M","R","BOSS","M","$","M","M","$","E","R","?","T","?","R","E","M","?","R","BOSS","M","?","?","$","?","R","E","?","T","$","?","R","R","M","R","BOSS"],"build_version":"2019-07-17","purchased_purges":2,"victory":true,"max_hp_per_floor":[75,75,75,75,75,75,75,75,75,85,85,85,85,85,85,85,85,85,85,85,85,85,85,85,90,90,90,90,90,90,90,90,90,90,90,90,90,90,90,90,90,90,90,90,90,90,90,90,90,90],"card_choices":[{"not_picked":["Barrage","Glacier"],"picked":"Defragment","floor":1},{"not_picked":["Static Discharge","Go for the Eyes"],"picked":"Coolheaded","floor":2},{"not_picked":["Skim","Storm"],"picked":"Fission","floor":7},{"not_picked":["Stack","Beam Cell"],"picked":"Hologram","floor":10},{"not_picked":["Cold Snap","Hologram","Machine Learning"],"picked":"SKIP","floor":11},{"not_picked":["Aggregate","Go for the Eyes","Lockon"],"picked":"SKIP","floor":14},{"not_picked":["Rainbow","Echo Form"],"picked":"Electrodynamics","floor":16},{"not_picked":["Streamline","Hologram"],"picked":"Coolheaded","floor":18},{"not_picked":["Loop+1","Electrodynamics"],"picked":"Go for the Eyes+1","floor":20},{"not_picked":["Hello World+1","Hologram"],"picked":"Conserve Battery+1","floor":21},{"not_picked":["Sweeping Beam+1","Beam Cell"],"picked":"Compile Driver","floor":23},{"not_picked":["Darkness","Rebound"],"picked":"Redo+1","floor":29},{"not_picked":["Doom and Gloom","Creative AI"],"picked":"White Noise","floor":30},{"not_picked":["Steam+1","Chaos","Reprogram"],"picked":"SKIP","floor":30},{"not_picked":["Undo+1","Conserve Battery+1"],"picked":"Capacitor","floor":31},{"not_picked":["Blizzard","Streamline","Leap"],"picked":"SKIP","floor":31},{"not_picked":["All For One","Meteor Strike"],"picked":"Seek","floor":33},{"not_picked":["Go for the Eyes","Steam","Streamline"],"picked":"SKIP","floor":35},{"not_picked":["Aggregate","Conserve Battery","Glacier+1"],"picked":"SKIP","floor":35},{"not_picked":["Rip and Tear+1","Skim"],"picked":"Capacitor+1","floor":41},{"not_picked":["Compile Driver+1","Consume+1"],"picked":"Coolheaded+1","floor":45},{"not_picked":["Sweeping Beam","Consume+1","Compile Driver"],"picked":"SKIP","floor":45},{"not_picked":["Reprogram","Cold Snap"],"picked":"Darkness+1","floor":48},{"not_picked":["Thunder Strike","Barrage","Gash"],"picked":"SKIP","floor":48}],"player_experience":433100,"relics_obtained":[{"floor":7,"key":"Thread and Needle"},{"floor":9,"key":"Lantern"},{"floor":9,"key":"Mercury Hourglass"},{"floor":10,"key":"Pear"},{"floor":23,"key":"DataDisk"},{"floor":26,"key":"Bottled Tornado"},{"floor":26,"key":"Prayer Wheel"},{"floor":29,"key":"Blood Vial"},{"floor":37,"key":"WingedGreaves"},{"floor":41,"key":"Bag of Marbles"},{"floor":43,"key":"Sundial"}],"event_choices":[{"damage_healed":0,"gold_gain":0,"player_choice":"Left Gold","damage_taken":0,"max_hp_gain":0,"max_hp_loss":0,"event_name":"World of Goop","floor":4,"gold_loss":10},{"damage_healed":0,"gold_gain":0,"player_choice":"Success","damage_taken":12,"relics_obtained":["Matryoshka"],"max_hp_gain":0,"max_hp_loss":0,"event_name":"Scrap Ooze","floor":5,"gold_loss":0},{"cards_removed":["Strike_B"],"damage_healed":0,"gold_gain":0,"player_choice":"Offered Basic","damage_taken":0,"max_hp_gain":0,"max_hp_loss":0,"event_name":"Bonfire Elementals","floor":8,"gold_loss":0},{"damage_healed":0,"gold_gain":0,"player_choice":"Cursed","damage_taken":0,"max_hp_gain":0,"max_hp_loss":0,"event_name":"Wheel of Change","floor":12,"gold_loss":0,"cards_obtained":["Decay"]},{"damage_healed":0,"gold_gain":0,"player_choice":"Shed Blood","damage_taken":21,"max_hp_gain":5,"max_hp_loss":0,"event_name":"Forgotten Altar","floor":25,"gold_loss":0},{"damage_healed":0,"gold_gain":0,"cards_transformed":["Strike_B"],"player_choice":"Transformed","damage_taken":0,"max_hp_gain":0,"max_hp_loss":0,"event_name":"Transmorgrifier","floor":27,"gold_loss":0,"cards_obtained":["Consume"]},{"damage_healed":0,"gold_gain":0,"player_choice":"Ignored","damage_taken":0,"max_hp_gain":0,"max_hp_loss":0,"event_name":"Tomb of Lord Red Mask","floor":36,"gold_loss":0},{"damage_healed":0,"gold_gain":0,"player_choice":"Fight","damage_taken":0,"max_hp_gain":0,"max_hp_loss":0,"event_name":"Mysterious Sphere","floor":37,"gold_loss":0},{"damage_healed":0,"gold_gain":0,"player_choice":"Memory 1","damage_taken":0,"max_hp_gain":0,"max_hp_loss":0,"event_name":"SensoryStone","floor":39,"gold_loss":0},{"cards_removed":["Sweeping Beam"],"damage_healed":0,"gold_gain":0,"player_choice":"Removed Attack","damage_taken":0,"max_hp_gain":0,"max_hp_loss":0,"event_name":"Falling","floor":42,"gold_loss":0}],"is_beta":false,"boss_relics":[{"not_picked":["Velvet Choker","Fusion Hammer"],"picked":"Sozu"},{"not_picked":["Pandora\u0027s Box","Empty Cage"],"picked":"Philosopher\u0027s Stone"}],"items_purged_floors":[13,19],"is_endless":false,"potions_floor_spawned":[7,11,14,29,30,31,33,45],"ascension_level":6}