{"gold_per_floor":[118,129,139,155,172,207,207,236,262,80,99,118,134,152,152,152],"floor_reached":16,"playtime":1320,"items_purged":["Strike_B"],"score":143,"play_id":"229cf326-cf28-498b-9ee0-7f14175e5d32","local_time":"20190920125203","is_ascension_mode":false,"campfire_choices":[{"data":"Chill","floor":7,"key":"SMITH"},{"floor":15,"key":"REST"}],"neow_cost":"NONE","seed_source_timestamp":648413519384900,"circlet_count":0,"master_deck":["Strike_B","Strike_B","Strike_B","Defend_B","Defend_B","Defend_B","Defend_B","Zap","Dualcast","Ball Lightning","Compile Driver","Hello World","Ball Lightning","Chill+1","Ball Lightning","FTL","Hello World","Reboot","Leap","Ball Lightning","Genetic Algorithm","Chaos"],"relics":["Cracked Core","Unceasing Top","Lantern","Dream Catcher"],"potions_floor_usage":[16],"damage_taken":[{"damage":0,"enemies":"2 Louse","floor":1,"turns":4},{"damage":2,"enemies":"Small Slimes","floor":2,"turns":4},{"damage":0,"enemies":"Cultist","floor":3,"turns":3},{"damage":9,"enemies":"Blue Slaver","floor":4,"turns":3},{"damage":6,"enemies":"Red Slaver","floor":5,"turns":3},{"damage":24,"enemies":"Lagavulin","floor":6,"turns":6},{"damage":13,"enemies":"Gremlin Nob","floor":8,"turns":4},{"damage":0,"enemies":"3 Louse","floor":11,"turns":3},{"damage":0,"enemies":"Gremlin Gang","floor":12,"turns":3},{"damage":0,"enemies":"Blue Slaver","floor":13,"turns":2},{"damage":0,"enemies":"3 Louse","floor":14,"turns":2},{"damage":56,"enemies":"The Guardian","floor":16,"turns":10}],"seed_played":"-7852214442758888767","potions_obtained":[{"floor":1,"key":"SkillPotion"},{"floor":4,"key":"Dexterity Potion"},{"floor":5,"key":"Weak Potion"},{"floor":6,"key":"GamblersBrew"}],"is_trial":false,"path_per_floor":["M","M","M","M","M","E","R","E","T","$","M","M","M","M","R","B"],"character_chosen":"DEFECT","items_purchased":["FTL","Hello World"],"campfire_rested":1,"item_purchase_floors":[10,10],"current_hp_per_floor":[82,80,80,71,65,41,41,28,28,28,28,28,28,28,52,0],"gold":152,"neow_bonus":"TEN_PERCENT_HP_BONUS","is_prod":false,"is_daily":false,"chose_seed":false,"campfire_upgraded":1,"win_rate":0,"timestamp":1568998323,"path_taken":["M","M","M","M","M","E","R","E","T","$","M","M","M","M","R","BOSS"],"build_version":"2019-07-17","purchased_purges":1,"victory":false,"max_hp_per_floor":[82,82,82,82,82,82,82,82,82,82,82,82,82,82,82,82],"card_choices":[{"not_picked":["Rip and Tear","Compile Driver"],"picked":"Ball Lightning","floor":1},{"not_picked":["Steam","Reinforced Body"],"picked":"Compile Driver","floor":2},{"not_picked":["Steam","Hologram"],"picked":"Hello World","floor":3},{"not_picked":["Hologram","Steam"],"picked":"Ball Lightning","floor":4},{"not_picked":["Redo","Aggregate"],"picked":"Chill","floor":5},{"not_picked":["Beam Cell","Consume","Go for the Eyes"],"picked":"SKIP","floor":6},{"not_picked":["Undo","Stack"],"picked":"Ball Lightning","floor":8},{"not_picked":["Compile Driver","Coolheaded"],"picked":"Reboot","floor":11},{"not_picked":["Steam","Chaos"],"picked":"Leap","floor":12},{"not_picked":["Streamline","Darkness"],"picked":"Ball Lightning","floor":13},{"not_picked":["Reprogram","Streamline"],"picked":"Genetic Algorithm","floor":14},{"not_picked":["Tempest","Leap"],"picked":"Chaos","floor":15}],"player_experience":33385,"relics_obtained":[{"floor":6,"key":"Unceasing Top"},{"floor":8,"key":"Lantern"},{"floor":9,"key":"Dream Catcher"}],"event_choices":[],"is_beta":false,"boss_relics":[],"items_purged_floors":[10],"is_endless":false,"potions_floor_spawned":[1,4,5,6,8,13],"killed_by":"The Guardian","ascension_level":0}