{"gold_per_floor":[109,109,5,16,16,16,42,42,42,57,83,101,101,128,128,202,202,219,219,219,235,250,270,71,71],"floor_reached":25,"playtime":874,"items_purged":["Pain"],"score":409,"play_id":"4e45cf8e-e850-4e25-88a5-78c18b37397d","local_time":"20190820014118","is_ascension_mode":true,"campfire_choices":[{"floor":6.0,"key":"REST"},{"floor":8.0,"key":"REST"},{"floor":13.0,"key":"REST"},{"data":"Creative AI","floor":15.0,"key":"SMITH"}],"neow_cost":"CURSE","seed_source_timestamp":25395645219400,"circlet_count":0,"master_deck":["AscendersBane","Strike_B","Defend_B","Defend_B","Defend_B","Defend_B","Zap","Dualcast","Amplify","Creative AI+1","Go for the Eyes","Rebound","Conserve Battery","Undo","Gash+1","Storm","Leap","Cold Snap+1","Echo Form","Darkness","Hologram","Steam+1","Hologram","Capacitor","Blind","Go for the Eyes+1"],"special_seed":0,"relics":["Cracked Core","Molten Egg 2","Matryoshka","Bag of Preparation","Potion Belt","Vajra","Incense Burner","Velvet Choker","NlothsMask"],"potions_floor_usage":[21],"damage_taken":[{"damage":11.0,"enemies":"Small Slimes","floor":1.0,"turns":3.0},{"damage":6.0,"enemies":"Cultist","floor":4.0,"turns":4.0},{"damage":25.0,"enemies":"Lagavulin","floor":7.0,"turns":6.0},{"damage":0.0,"enemies":"2 Louse","floor":10.0,"turns":3.0},{"damage":45.0,"enemies":"Gremlin Nob","floor":11.0,"turns":5.0},{"damage":0.0,"enemies":"Blue Slaver","floor":12.0,"turns":5.0},{"damage":10.0,"enemies":"Lagavulin","floor":14.0,"turns":7.0},{"damage":1.0,"enemies":"Hexaghost","floor":16.0,"turns":8.0},{"damage":0,"enemies":"Chosen","floor":18,"turns":5},{"damage":19,"enemies":"3 Byrds","floor":21,"turns":4},{"damage":15,"enemies":"Snake Plant","floor":22,"turns":5},{"damage":1,"enemies":"Centurion and Healer","floor":23,"turns":6},{"damage":3,"enemies":"Slavers","floor":25,"turns":1}],"seed_played":"-79159829906141349","potions_obtained":[{"floor":10.0,"key":"Dexterity Potion"},{"floor":16.0,"key":"Block Potion"},{"floor":23,"key":"AttackPotion"}],"is_trial":false,"path_per_floor":["M","?","$","M","?","R","E","R","T","M","E","M","R","E","R","B",null,"M","?","?","M","M","M","$","E"],"character_chosen":"DEFECT","items_purchased":["Rebound","Capacitor","Blind","Go for the Eyes+1"],"campfire_rested":3,"item_purchase_floors":[3,24,24,24],"current_hp_per_floor":[53,46,46,40,29,50,25,46,46,46,1,1,22,12,12,11,56,56,36,36,17,2,1,1,0],"gold":71,"neow_bonus":"TRANSFORM_TWO_CARDS","is_prod":false,"is_daily":false,"chose_seed":false,"campfire_upgraded":1,"win_rate":0,"timestamp":1566279678,"path_taken":["M","?","$","M","?","R","E","R","T","M","E","M","R","E","R","BOSS","M","?","?","M","M","M","$","E"],"build_version":"2019-07-17","purchased_purges":1,"victory":false,"max_hp_per_floor":[71,71,71,71,71,71,71,71,71,71,71,71,71,71,71,71,71,71,76,76,76,76,76,76,76],"card_choices":[{"not_picked":["Recycle","Scrape"],"picked":"Go for the Eyes","floor":1.0},{"not_picked":["Steam","Redo"],"picked":"Conserve Battery","floor":4.0},{"not_picked":["Hyperbeam+1","Turbo"],"picked":"Undo","floor":7.0},{"not_picked":["Streamline+1","Recycle"],"picked":"Gash+1","floor":10.0},{"not_picked":["Lockon+1","Hello World"],"picked":"Storm","floor":11.0},{"not_picked":["Go for the Eyes+1","Consume"],"picked":"Leap","floor":12.0},{"not_picked":["Consume","Conserve Battery"],"picked":"Cold Snap+1","floor":14.0},{"not_picked":["Fission","Amplify"],"picked":"Echo Form","floor":16.0},{"not_picked":["Hologram","Scrape+1"],"picked":"Darkness","floor":18},{"not_picked":["Sunder+1","Streamline+1"],"picked":"Hologram","floor":21},{"not_picked":["Blizzard+1","Rebound+1"],"picked":"Steam+1","floor":22},{"not_picked":["Stack","Barrage+1"],"picked":"Hologram","floor":23}],"player_experience":830625,"relics_obtained":[{"floor":7.0,"key":"Matryoshka"},{"floor":9.0,"key":"Bag of Preparation"},{"floor":9.0,"key":"Potion Belt"},{"floor":11.0,"key":"Vajra"},{"floor":14.0,"key":"Incense Burner"}],"event_choices":[{"cards_removed":["Strike_B"],"damage_healed":0.0,"max_hp_gain":0.0,"max_hp_loss":0.0,"gold_gain":0.0,"event_name":"Golden Wing","player_choice":"Card Removal","floor":2.0,"gold_loss":0.0,"damage_taken":7.0},{"damage_healed":0.0,"max_hp_gain":0.0,"max_hp_loss":0.0,"gold_gain":0.0,"event_name":"Scrap Ooze","player_choice":"Success","floor":5.0,"gold_loss":0.0,"damage_taken":11.0,"relics_obtained":["Molten Egg 2"]},{"damage_healed":0,"gold_gain":0,"player_choice":"Shed Blood","damage_taken":25,"max_hp_gain":5,"max_hp_loss":0,"event_name":"Forgotten Altar","floor":19,"gold_loss":0},{"damage_healed":0,"gold_gain":0,"player_choice":"Trade","damage_taken":0,"relics_obtained":["NlothsMask"],"max_hp_gain":0,"max_hp_loss":0,"event_name":"FaceTrader","floor":20,"gold_loss":0}],"is_beta":false,"boss_relics":[{"not_picked":["Lizard Tail","White Beast Statue"],"picked":"Velvet Choker"}],"items_purged_floors":[3],"is_endless":false,"potions_floor_spawned":[10,16,23],"killed_by":"Slavers","ascension_level":17}