{"gold_per_floor":[116,130,146,25,39,68,68,84,163,163,181,193,193],"floor_reached":13,"playtime":417,"items_purged":["Strike_R"],"score":93,"play_id":"1a39f6d3-7bf9-4c5e-b1d4-fc872fb28809","local_time":"20191016025327","is_ascension_mode":true,"campfire_choices":[{"data":"Pummel","floor":7,"key":"SMITH"}],"neow_cost":"NONE","seed_source_timestamp":21289012952900,"circlet_count":0,"master_deck":["Strike_R","Strike_R","Strike_R","Strike_R","Defend_R","Defend_R","Defend_R","Defend_R","Bash","Combust","Thunderclap","True Grit","Cleave","Flame Barrier","Pummel+1","Feed","Pain","Intimidate+1","Shrug It Off+1"],"relics":["Burning Blood","Smiling Mask","Toxic Egg 2","WarpedTongs"],"potions_floor_usage":[13],"damage_taken":[{"damage":10,"enemies":"2 Louse","floor":1,"turns":4},{"damage":8,"enemies":"Cultist","floor":2,"turns":3},{"damage":7,"enemies":"Small Slimes","floor":3,"turns":3},{"damage":13,"enemies":"Looter","floor":5,"turns":3},{"damage":46,"enemies":"Lagavulin","floor":6,"turns":7},{"damage":5,"enemies":"Blue Slaver","floor":8,"turns":5},{"damage":1,"enemies":"3 Louse","floor":11,"turns":2},{"damage":10,"enemies":"Exordium Wildlife","floor":12,"turns":2},{"damage":40,"enemies":"Gremlin Nob","floor":13,"turns":5}],"seed_played":"-4241367419939437701","potions_obtained":[{"floor":6,"key":"LiquidBronze"},{"floor":8,"key":"SteroidPotion"},{"floor":12,"key":"Dexterity Potion"}],"is_trial":false,"path_per_floor":["M","M","M","$","M","E","R","M","T","?","M","M","E"],"character_chosen":"IRONCLAD","items_purchased":["Cleave"],"campfire_rested":0,"item_purchase_floors":[4],"current_hp_per_floor":[84,82,81,81,74,34,34,35,35,35,43,39,0],"gold":193,"neow_bonus":"TEN_PERCENT_HP_BONUS","is_prod":false,"is_daily":false,"chose_seed":false,"campfire_upgraded":1,"win_rate":0,"timestamp":1571208807,"path_taken":["M","M","M","$","M","E","R","M","T","?","?","M","E"],"build_version":"2019-10-15","purchased_purges":1,"victory":false,"max_hp_per_floor":[88,88,88,88,88,88,88,88,88,88,91,91,91],"card_choices":[{"not_picked":["Anger","Havoc"],"picked":"Combust","floor":1},{"not_picked":["Twin Strike","Seeing Red"],"picked":"Thunderclap","floor":2},{"not_picked":["Havoc","Blood for Blood"],"picked":"True Grit","floor":3},{"not_picked":["Havoc","Iron Wave"],"picked":"Flame Barrier","floor":5},{"not_picked":["Heavy Blade","Havoc"],"picked":"Pummel","floor":6},{"not_picked":["Armaments","Hemokinesis"],"picked":"Feed","floor":8},{"not_picked":["Dropkick","Sentinel+1"],"picked":"Intimidate+1","floor":11},{"not_picked":["Armaments+1","Sword Boomerang"],"picked":"Shrug It Off+1","floor":12}],"player_experience":114239,"relics_obtained":[{"floor":6,"key":"Smiling Mask"},{"floor":9,"key":"Toxic Egg 2"}],"event_choices":[{"damage_healed":0,"gold_gain":0,"player_choice":"Rummage","damage_taken":0,"relics_obtained":["WarpedTongs"],"max_hp_gain":0,"max_hp_loss":0,"event_name":"Accursed Blacksmith","floor":10,"gold_loss":0,"cards_obtained":["Pain"]}],"is_beta":true,"boss_relics":[],"items_purged_floors":[4],"is_endless":false,"potions_floor_spawned":[6,8,12],"killed_by":"Gremlin Nob","ascension_level":1}