{"gold_per_floor":[119,137,151,1,13,13,38,38,38,56,56,76,26,26],"floor_reached":14,"playtime":491,"items_purged":["Strike_R","Defend_R"],"score":175,"play_id":"e83eb1fd-23f9-4df7-8ff1-1be56c5162de","local_time":"20190824225403","is_ascension_mode":true,"campfire_choices":[{"data":"Uppercut","floor":6,"key":"SMITH"},{"data":"True Grit","floor":8,"key":"SMITH"}],"neow_cost":"NONE","seed_source_timestamp":78901383663400,"circlet_count":0,"master_deck":["AscendersBane","Strike_R","Strike_R","Strike_R","Strike_R","Defend_R","Defend_R","Defend_R","Bash","True Grit+1","Headbutt","Pummel","Uppercut+1","Thunderclap","True Grit","Shrug It Off"],"relics":["Burning Blood","Bronze Scales","Smiling Mask","Blood Vial"],"potions_floor_usage":[7,14],"damage_taken":[{"damage":1,"enemies":"Cultist","floor":1,"turns":3},{"damage":2,"enemies":"Jaw Worm","floor":2,"turns":5},{"damage":7,"enemies":"2 Louse","floor":3,"turns":4},{"damage":7,"enemies":"Large Slime","floor":5,"turns":5},{"damage":46,"enemies":"3 Sentries","floor":7,"turns":10},{"damage":9,"enemies":"Exordium Wildlife","floor":10,"turns":6},{"damage":4,"enemies":"Looter","floor":12,"turns":3},{"damage":49,"enemies":"Lagavulin","floor":14,"turns":8}],"seed_played":"2152089303728739505","potions_obtained":[{"floor":2,"key":"SpeedPotion"},{"floor":5,"key":"FearPotion"},{"floor":10,"key":"SkillPotion"}],"is_trial":false,"path_per_floor":["M","M","M","$","M","R","E","R","T","M","?","M","$","E"],"character_chosen":"IRONCLAD","items_purchased":["Uppercut"],"campfire_rested":0,"item_purchase_floors":[4],"current_hp_per_floor":[73,75,74,74,73,73,33,33,33,32,32,36,36,0],"gold":26,"neow_bonus":"RANDOM_COMMON_RELIC","is_prod":false,"is_daily":false,"chose_seed":false,"campfire_upgraded":2,"win_rate":0,"timestamp":1566701643,"path_taken":["M","M","M","$","M","R","E","R","T","?","?","M","$","E"],"build_version":"2019-07-17","purchased_purges":2,"victory":false,"max_hp_per_floor":[75,75,75,75,75,75,75,75,75,75,75,75,75,75],"card_choices":[{"not_picked":["Heavy Blade","Body Slam"],"picked":"True Grit","floor":1},{"not_picked":["Perfected Strike","Heavy Blade"],"picked":"Headbutt","floor":2},{"not_picked":["Clash","Second Wind"],"picked":"Pummel","floor":3},{"not_picked":["Exhume","Body Slam","Twin Strike"],"picked":"SKIP","floor":5},{"not_picked":["Warcry","Wild Strike"],"picked":"Thunderclap","floor":7},{"not_picked":["Entrench","Evolve"],"picked":"True Grit","floor":10},{"not_picked":["Warcry","Seeing Red"],"picked":"Shrug It Off","floor":12}],"player_experience":910113,"relics_obtained":[{"floor":7,"key":"Smiling Mask"},{"floor":9,"key":"Blood Vial"}],"event_choices":[{"damage_healed":0,"gold_gain":0,"player_choice":"Searched \u00270\u0027 times","damage_taken":0,"max_hp_gain":0,"max_hp_loss":0,"event_name":"Dead Adventurer","floor":11,"gold_loss":0}],"is_beta":false,"boss_relics":[],"items_purged_floors":[4,13],"is_endless":false,"potions_floor_spawned":[2,5,10],"killed_by":"Lagavulin","ascension_level":18}