{"gold_per_floor":[114,43,56,74,74,102,102,131,131,131,131,145,145,181,181,306,306,321,342,252,252,252,293,306,306,357,400,45,76,201,126,126,247,247,262,262],"floor_reached":36,"playtime":2162,"items_purged":[],"score":566,"play_id":"8551243e-ce13-4740-a4e6-bca7aaa09358","local_time":"20190929233727","is_ascension_mode":true,"campfire_choices":[{"data":"Eruption","floor":7.0,"key":"SMITH"},{"data":"Wallop","floor":10.0,"key":"SMITH"},{"data":"Vigilance","floor":13.0,"key":"SMITH"},{"data":"SashWhip","floor":15.0,"key":"SMITH"},{"data":"Ghostly","floor":25.0,"key":"SMITH"},{"data":"Ghostly","floor":32.0,"key":"SMITH"}],"neow_cost":"NONE","seed_source_timestamp":0,"circlet_count":0,"master_deck":["Strike_P+1","Defend_P+1","Defend_P+1","Defend_P+1","Defend_P+1","Eruption+1","Vigilance+1","CutThroughFate","Wallop+1","Crescendo","Vault","Protect","Tantrum","EmptyFist","SashWhip+1","ReachHeaven","WaveOfTheHand","DeceiveReality","Ghostly+1","Ghostly+1","Ghostly","Ghostly","Ghostly","EmptyMind","Perseverance+1","Worship+1","Consecrate","Wireheading","Ragnarok","EmptyBody"],"special_seed":0,"relics":["PureWater","Anchor","Juzu Bracelet","Question Card","Potion Belt","Golden Idol","Odd Mushroom","SlaversCollar","The Courier","Vajra","Bottled Flame","Pantograph","PreservedInsect","Regal Pillow","Du-Vu Doll","Gremlin Horn","Sozu"],"potions_floor_usage":[],"damage_taken":[{"damage":0.0,"enemies":"Jaw Worm","floor":1.0,"turns":3.0},{"damage":0.0,"enemies":"Cultist","floor":3.0,"turns":2.0},{"damage":0.0,"enemies":"2 Louse","floor":4.0,"turns":3.0},{"damage":15.0,"enemies":"3 Sentries","floor":6.0,"turns":5.0},{"damage":8.0,"enemies":"Lagavulin","floor":8.0,"turns":6.0},{"damage":3.0,"enemies":"Lots of Slimes","floor":12.0,"turns":5.0},{"damage":0.0,"enemies":"The Mushroom Lair","floor":14.0,"turns":4.0},{"damage":25.0,"enemies":"Hexaghost","floor":16.0,"turns":11.0},{"damage":3.0,"enemies":"Shell Parasite","floor":18.0,"turns":4.0},{"damage":0.0,"enemies":"Spheric Guardian","floor":19.0,"turns":3.0},{"damage":0.0,"enemies":"Gremlin Leader","floor":23.0,"turns":5.0},{"damage":11.0,"enemies":"Chosen and Byrds","floor":24.0,"turns":7.0},{"damage":8.0,"enemies":"Slavers","floor":27.0,"turns":6.0},{"damage":1.0,"enemies":"Gremlin Leader","floor":29.0,"turns":7.0},{"damage":2.0,"enemies":"Colosseum Slavers","floor":30.0,"turns":3.0},{"damage":2.0,"enemies":"Colosseum Nobs","floor":30.0,"turns":5.0},{"damage":1.0,"enemies":"Champ","floor":33.0,"turns":11.0},{"damage":17,"enemies":"3 Darklings","floor":35,"turns":6},{"damage":16,"enemies":"3 Shapes","floor":36,"turns":8}],"seed_played":"-3513797959338507350","potions_obtained":[{"floor":3.0,"key":"Block Potion"},{"floor":4.0,"key":"PowerPotion"},{"floor":6.0,"key":"Weak Potion"},{"floor":12.0,"key":"Regen Potion"},{"floor":19.0,"key":"AttackPotion"},{"floor":30.0,"key":"Explosive Potion"}],"is_trial":false,"path_per_floor":["M","$","M","M","?","E","R","E","T","R","?","M","R","?","R","B",null,"M","M","?","?","?","E","M","R","T","E","$","E","?","?","R","B",null,"M","M"],"character_chosen":"WATCHER","items_purchased":["Wallop","Pantograph","Consecrate","PreservedInsect"],"campfire_rested":0,"item_purchase_floors":[2,28,28,28],"current_hp_per_floor":[72,72,72,72,72,57,57,49,49,49,49,46,46,46,46,36,67,64,64,64,33,33,33,22,22,22,14,14,13,9,9,9,32,33,16,0],"gold":262,"neow_bonus":"RANDOM_COMMON_RELIC","is_prod":false,"is_daily":false,"chose_seed":false,"campfire_upgraded":6,"win_rate":0,"timestamp":1569814647,"path_taken":["M","$","M","M","?","E","R","E","T","R","?","M","R","?","R","BOSS","M","M","?","?","?","E","M","R","T","E","$","E","?","?","R","BOSS","M","M"],"build_version":"2019-09-27","purchased_purges":0,"victory":false,"max_hp_per_floor":[72,72,72,72,72,72,72,72,72,72,67,67,67,67,67,67,67,67,67,67,33,33,33,33,33,33,33,33,33,33,33,33,33,33,33,33],"card_choices":[{"not_picked":["FlyingSleeves","Crescendo"],"picked":"CutThroughFate","floor":1.0},{"not_picked":["ThirdEye","Halt"],"picked":"Crescendo","floor":3.0},{"not_picked":["Halt","CutThroughFate"],"picked":"Vault","floor":4.0},{"not_picked":["ThirdEye","Crescendo"],"picked":"Protect","floor":6.0},{"not_picked":["Conclude","SashWhip"],"picked":"Tantrum","floor":8.0},{"not_picked":["Weave","Meditate","Swivel"],"picked":"EmptyFist","floor":12.0},{"not_picked":["WheelKick","Scrawl","Worship"],"picked":"SashWhip","floor":14.0},{"not_picked":["Blasphemy","Unraveling","SignatureMove"],"picked":"ReachHeaven","floor":16.0},{"not_picked":["FlyingSleeves+1","CutThroughFate+1","FlowState"],"picked":"WaveOfTheHand","floor":18.0},{"not_picked":["Prostrate","Fasting","SandsOfTime"],"picked":"DeceiveReality","floor":19.0},{"not_picked":["Indignation+1","CrushJoints","ThirdEye"],"picked":"EmptyMind","floor":23.0},{"not_picked":["CarveReality","EmptyFist+1","SashWhip+1"],"picked":"Perseverance+1","floor":24.0},{"not_picked":["Weave+1","Wireheading+1","ReachHeaven"],"picked":"Worship+1","floor":27.0},{"not_picked":["Weave+1","DeceiveReality+1","Wallop","BowlingBash"],"picked":"SKIP","floor":29.0},{"not_picked":["Indignation","BattleHymn","CrushJoints+1"],"picked":"Wireheading","floor":30.0},{"not_picked":["DevaForm","DeusExMachina","Establishment"],"picked":"Ragnarok","floor":33.0},{"not_picked":["Tantrum","DeceiveReality","Scrawl"],"picked":"EmptyBody","floor":35}],"player_experience":1177378,"relics_obtained":[{"floor":6.0,"key":"Juzu Bracelet"},{"floor":8.0,"key":"Question Card"},{"floor":9.0,"key":"Potion Belt"},{"floor":14.0,"key":"Odd Mushroom"},{"floor":23.0,"key":"The Courier"},{"floor":26.0,"key":"Vajra"},{"floor":27.0,"key":"Bottled Flame"},{"floor":29.0,"key":"Regal Pillow"},{"floor":30.0,"key":"Du-Vu Doll"},{"floor":30.0,"key":"Gremlin Horn"}],"event_choices":[{"cards_removed":["Strike_P"],"damage_healed":0.0,"max_hp_gain":0.0,"max_hp_loss":0.0,"gold_gain":0.0,"event_name":"Purifier","player_choice":"Purged","floor":5.0,"gold_loss":0.0,"damage_taken":0.0},{"damage_healed":0.0,"max_hp_gain":0.0,"max_hp_loss":5.0,"gold_gain":0.0,"event_name":"Golden Idol","player_choice":"Lose Max HP","floor":11.0,"gold_loss":0.0,"damage_taken":0.0,"relics_obtained":["Golden Idol"]},{"damage_healed":0.0,"max_hp_gain":0.0,"max_hp_loss":0.0,"gold_gain":0.0,"event_name":"Mushrooms","player_choice":"Fought Mushrooms","floor":14.0,"gold_loss":0.0,"damage_taken":0.0},{"cards_removed":["Strike_P"],"damage_healed":0.0,"max_hp_gain":0.0,"max_hp_loss":0.0,"gold_gain":0.0,"event_name":"Designer","player_choice":"Upgrade and Remove","floor":20.0,"gold_loss":90.0,"damage_taken":0.0,"cards_upgraded":["Defend_P"]},{"damage_healed":0.0,"max_hp_gain":0.0,"max_hp_loss":34.0,"gold_gain":0.0,"event_name":"Ghosts","player_choice":"Became a Ghost","floor":21.0,"gold_loss":0.0,"damage_taken":0.0,"cards_obtained":["Ghostly","Ghostly","Ghostly","Ghostly","Ghostly"]},{"damage_healed":0.0,"max_hp_gain":0.0,"max_hp_loss":0.0,"gold_gain":0.0,"event_name":"Back to Basics","player_choice":"Simplicity","floor":22.0,"gold_loss":0.0,"damage_taken":0.0,"cards_upgraded":["Strike_P","Strike_P","Defend_P","Defend_P","Defend_P"]},{"damage_healed":0.0,"max_hp_gain":0.0,"max_hp_loss":0.0,"gold_gain":0.0,"event_name":"Colosseum","player_choice":"Fight","floor":30.0,"gold_loss":0.0,"damage_taken":0.0},{"damage_healed":0.0,"max_hp_gain":0.0,"max_hp_loss":0.0,"gold_gain":0.0,"event_name":"Colosseum","player_choice":"Fought Nobs","floor":30.0,"gold_loss":0.0,"damage_taken":0.0},{"cards_removed":["Strike_P"],"damage_healed":0.0,"max_hp_gain":0.0,"max_hp_loss":0.0,"gold_gain":0.0,"event_name":"Beggar","player_choice":"Gave Gold","floor":31.0,"gold_loss":75.0,"damage_taken":0.0}],"is_beta":true,"boss_relics":[{"not_picked":["Snecko Eye","HolyWater"],"picked":"SlaversCollar"},{"not_picked":["Coffee Dripper","VioletLotus"],"picked":"Sozu"}],"items_purged_floors":[],"is_endless":false,"potions_floor_spawned":[3,4,6,12,19,30,30,35],"killed_by":"3 Shapes","ascension_level":4}