{"gold_per_floor":[109,109,127,147,166,166,192,192,192,217,217,245,245,261,261,337,337,355,355,355,2,2,27,27,27,52,69,69,104,29,46,46,120,120,140,140,140,152,1,1,20,40,40,67,67,67,94,113,113,113],"floor_reached":50,"playtime":2948,"items_purged":["Strike_B","Strike_B"],"score":1071,"play_id":"f149ee39-8810-43c7-b0f4-515fe9564b9b","local_time":"20190816122505","is_ascension_mode":true,"campfire_choices":[{"data":"Leap","floor":6,"key":"SMITH"},{"data":"Go for the Eyes","floor":8,"key":"SMITH"},{"data":"Redo","floor":15,"key":"SMITH"},{"data":"Hologram","floor":25,"key":"SMITH"},{"data":"Seek","floor":32,"key":"SMITH"},{"data":"Fission","floor":40,"key":"SMITH"},{"data":"Loop","floor":49,"key":"SMITH"}],"neow_cost":"NONE","seed_source_timestamp":41586154969400,"circlet_count":0,"master_deck":["AscendersBane","Strike_B+1","Defend_B","Defend_B","Defend_B","Defend_B","Zap","Dualcast","Cold Snap","Darkness","Self Repair","Leap+1","Go for the Eyes+1","Defragment+1","Ball Lightning+1","Turbo","Redo+1","Seek+1","Defragment+1","RitualDagger","Loop+1","Defragment+1","Hologram+1","Conserve Battery","Conserve Battery","Fission+1","Defragment+1","Cold Snap+1","Steam+1","Coolheaded+1","Doom and Gloom+1","Compile Driver+1","Static Discharge+1"],"relics":["Cracked Core","Oddly Smooth Stone","Gremlin Horn","Pantograph","Bag of Preparation","Juzu Bracelet","Eternal Feather","Letter Opener","Darkstone Periapt","Whetstone","Molten Egg 2","Velvet Choker","Art of War","Meat on the Bone","Sundial"],"potions_floor_usage":[10,23,28,28,31,44,50],"damage_taken":[{"damage":6,"enemies":"Small Slimes","floor":1,"turns":4},{"damage":0,"enemies":"2 Louse","floor":3,"turns":2},{"damage":9,"enemies":"Jaw Worm","floor":4,"turns":4},{"damage":25,"enemies":"Exordium Thugs","floor":5,"turns":6},{"damage":16,"enemies":"Gremlin Nob","floor":7,"turns":4},{"damage":10,"enemies":"3 Sentries","floor":10,"turns":8},{"damage":18,"enemies":"Lagavulin","floor":12,"turns":5},{"damage":0,"enemies":"3 Louse","floor":14,"turns":3},{"damage":7,"enemies":"The Guardian","floor":16,"turns":10},{"damage":13,"enemies":"Spheric Guardian","floor":18,"turns":5},{"damage":21,"enemies":"Gremlin Leader","floor":23,"turns":8},{"damage":12,"enemies":"2 Thieves","floor":27,"turns":4},{"damage":30,"enemies":"Colosseum Slavers","floor":28,"turns":6},{"damage":14,"enemies":"Slavers","floor":29,"turns":5},{"damage":3,"enemies":"Centurion and Healer","floor":31,"turns":6},{"damage":20,"enemies":"Champ","floor":33,"turns":11},{"damage":0,"enemies":"3 Shapes","floor":35,"turns":5},{"damage":2,"enemies":"Orb Walker","floor":38,"turns":5},{"damage":27,"enemies":"Spire Growth","floor":41,"turns":6},{"damage":11,"enemies":"Sphere and 2 Shapes","floor":42,"turns":7},{"damage":3,"enemies":"Reptomancer","floor":44,"turns":8},{"damage":37,"enemies":"Giant Head","floor":47,"turns":10},{"damage":0,"enemies":"4 Shapes","floor":48,"turns":6},{"damage":95,"enemies":"Donu and Deca","floor":50,"turns":7}],"seed_played":"233376980432905434","potions_obtained":[{"floor":4,"key":"SteroidPotion"},{"floor":7,"key":"Fire Potion"},{"floor":12,"key":"PowerPotion"},{"floor":14,"key":"Strength Potion"},{"floor":16,"key":"AttackPotion"},{"floor":18,"key":"Ancient Potion"},{"floor":27,"key":"Regen Potion"},{"floor":29,"key":"Weak Potion"},{"floor":35,"key":"Strength Potion"},{"floor":41,"key":"Poison Potion"}],"is_trial":false,"path_per_floor":["M","?","M","M","M","R","E","R","T","E","?","E","?","M","R","B",null,"M","?","?","$","?","E","?","R","T","M","?","E","$","M","R","B",null,"M","?","?","M","$","R","M","M","T","E","$","$","E","M","R","B"],"character_chosen":"DEFECT","items_purchased":["Loop","Letter Opener","Cold Snap+1"],"campfire_rested":0,"item_purchase_floors":[21,21,39],"current_hp_per_floor":[58,63,63,54,36,36,27,27,27,24,24,13,13,20,20,45,68,62,56,56,56,56,42,20,35,35,23,15,8,8,12,27,39,71,71,71,71,76,76,81,61,57,57,61,61,61,43,50,68,0],"gold":113,"neow_bonus":"RANDOM_COMMON_RELIC","is_prod":false,"is_daily":false,"chose_seed":false,"campfire_upgraded":7,"win_rate":0,"timestamp":1565972705,"path_taken":["M","?","M","M","M","R","E","R","T","E","?","E","?","M","R","BOSS","M","?","?","$","?","E","?","R","T","M","?","E","?","M","R","BOSS","M","?","?","M","$","R","M","M","T","E","?","$","E","M","R","BOSS"],"build_version":"2019-07-17","purchased_purges":2,"victory":false,"max_hp_per_floor":[71,76,76,76,76,76,76,76,76,76,76,76,76,76,76,76,76,76,76,76,76,76,76,81,81,81,81,81,81,81,81,81,81,81,81,81,81,81,81,81,81,81,81,81,81,81,81,81,81,81],"card_choices":[{"not_picked":["Tempest","Beam Cell"],"picked":"Cold Snap","floor":1},{"not_picked":["Rebound","Cold Snap"],"picked":"Darkness","floor":3},{"not_picked":["Beam Cell","Chaos"],"picked":"Self Repair","floor":4},{"not_picked":["Hologram","Coolheaded"],"picked":"Leap","floor":5},{"not_picked":["Melter","Redo"],"picked":"Go for the Eyes","floor":7},{"not_picked":["Turbo","Compile Driver"],"picked":"Defragment","floor":10},{"not_picked":["Blizzard","Rebound"],"picked":"Ball Lightning","floor":12},{"not_picked":["Auto Shields","Amplify"],"picked":"Redo","floor":14},{"not_picked":["Meteor Strike","Multi-Cast"],"picked":"Seek","floor":16},{"not_picked":["Barrage","Steam"],"picked":"Defragment+1","floor":18},{"not_picked":["Ball Lightning","Lockon"],"picked":"Hologram","floor":23},{"not_picked":["Redo","White Noise"],"picked":"Conserve Battery","floor":27},{"not_picked":["Leap","Beam Cell+1"],"picked":"Conserve Battery","floor":29},{"not_picked":["Rebound+1","Aggregate","Rip and Tear+1"],"picked":"SKIP","floor":31},{"not_picked":["All For One+1","Seek"],"picked":"Fission","floor":33},{"not_picked":["Hologram","Static Discharge","Sunder+1"],"picked":"SKIP","floor":35},{"not_picked":["Hologram","Static Discharge","Sunder+1"],"picked":"SKIP","floor":35},{"not_picked":["Aggregate+1","Compile Driver+1"],"picked":"Defragment+1","floor":38},{"not_picked":["Chaos","Conserve Battery"],"picked":"Steam+1","floor":41},{"not_picked":["Steam","Go for the Eyes+1"],"picked":"Coolheaded+1","floor":42},{"not_picked":["Gash+1","Storm"],"picked":"Doom and Gloom+1","floor":44},{"not_picked":["Reprogram","Sweeping Beam+1"],"picked":"Compile Driver+1","floor":47},{"not_picked":["Recycle","Steam"],"picked":"Static Discharge+1","floor":48}],"player_experience":777905,"relics_obtained":[{"floor":7,"key":"Gremlin Horn"},{"floor":9,"key":"Pantograph"},{"floor":10,"key":"Bag of Preparation"},{"floor":12,"key":"Juzu Bracelet"},{"floor":23,"key":"Darkstone Periapt"},{"floor":26,"key":"Whetstone"},{"floor":29,"key":"Molten Egg 2"},{"floor":43,"key":"Art of War"},{"floor":44,"key":"Meat on the Bone"},{"floor":47,"key":"Sundial"}],"event_choices":[{"damage_healed":0,"gold_gain":0,"player_choice":"Donut","damage_taken":0,"max_hp_gain":5,"max_hp_loss":0,"event_name":"Big Fish","floor":2,"gold_loss":0},{"damage_healed":0,"gold_gain":0,"player_choice":"Grow","damage_taken":0,"max_hp_gain":0,"max_hp_loss":0,"event_name":"Living Wall","floor":11,"gold_loss":0,"cards_upgraded":["Defragment"]},{"damage_healed":0,"gold_gain":0,"cards_transformed":["Strike_B"],"player_choice":"Transformed","damage_taken":0,"max_hp_gain":0,"max_hp_loss":0,"event_name":"Transmorgrifier","floor":13,"gold_loss":0,"cards_obtained":["Turbo"]},{"damage_healed":0,"gold_gain":0,"player_choice":"Joined the Cult","damage_taken":6,"max_hp_gain":0,"max_hp_loss":0,"event_name":"Nest","floor":19,"gold_loss":0,"cards_obtained":["RitualDagger"]},{"damage_healed":0,"gold_gain":0,"player_choice":"Ignored","damage_taken":0,"max_hp_gain":0,"max_hp_loss":0,"event_name":"Vampires","floor":20,"gold_loss":0},{"damage_healed":0,"gold_gain":0,"player_choice":"Copied","damage_taken":0,"max_hp_gain":0,"max_hp_loss":0,"event_name":"Duplicator","floor":22,"gold_loss":0,"cards_obtained":["Defragment"]},{"damage_healed":0,"gold_gain":0,"player_choice":"Shed Blood","damage_taken":27,"max_hp_gain":5,"max_hp_loss":0,"event_name":"Forgotten Altar","floor":24,"gold_loss":0},{"damage_healed":0,"gold_gain":0,"player_choice":"Fight","damage_taken":0,"max_hp_gain":0,"max_hp_loss":0,"event_name":"Colosseum","floor":28,"gold_loss":0},{"damage_healed":0,"gold_gain":0,"player_choice":"Fled From Nobs","damage_taken":0,"max_hp_gain":0,"max_hp_loss":0,"event_name":"Colosseum","floor":28,"gold_loss":0},{"damage_healed":0,"gold_gain":0,"player_choice":"0 cards matched","damage_taken":0,"max_hp_gain":0,"max_hp_loss":0,"event_name":"Match and Keep!","floor":36,"gold_loss":0,"cards_obtained":[]},{"damage_healed":0,"gold_gain":0,"player_choice":"Ignored","damage_taken":0,"max_hp_gain":0,"max_hp_loss":0,"event_name":"SecretPortal","floor":37,"gold_loss":0}],"is_beta":false,"boss_relics":[{"not_picked":["Busted Crown","Runic Pyramid"],"picked":"Eternal Feather"},{"not_picked":["Fusion Hammer","Nuclear Battery"],"picked":"Velvet Choker"}],"items_purged_floors":[30,39],"is_endless":false,"potions_floor_spawned":[4,7,12,14,16,18,27,28,29,35,41,42],"killed_by":"Donu and Deca","ascension_level":16}