{"gold_per_floor":[213,213,213,213,232,232,244,244,244,244,244,257,257,32,32,32],"floor_reached":16,"playtime":744,"items_purged":["Strike_G"],"score":97,"play_id":"6a48772f-abb8-43a8-95fc-c4646cf5030c","local_time":"20191018205556","is_ascension_mode":true,"campfire_choices":[{"data":"Survivor","floor":6,"key":"SMITH"},{"data":"Bouncing Flask","floor":8,"key":"SMITH"},{"data":"Die Die Die","floor":10,"key":"SMITH"},{"data":"Deadly Poison","floor":15,"key":"SMITH"}],"neow_cost":"NONE","seed_source_timestamp":846362605274100,"circlet_count":0,"master_deck":["Strike_G","Strike_G","Strike_G","Defend_G","Defend_G","Defend_G","Defend_G","Defend_G","Survivor+1","Neutralize+1","Bouncing Flask+1","Die Die Die+1","Deadly Poison+1"],"relics":["Ring of the Snake","Pantograph","Dream Catcher","Happy Flower"],"potions_floor_usage":[16,16,16,16],"damage_taken":[{"damage":6,"enemies":"Small Slimes","floor":1,"turns":4},{"damage":0,"enemies":"Jaw Worm","floor":5,"turns":4},{"damage":0,"enemies":"Cultist","floor":7,"turns":3},{"damage":6,"enemies":"Looter","floor":12,"turns":3},{"damage":75,"enemies":"Slime Boss","floor":16,"turns":13}],"seed_played":"-8844138341151928758","potions_obtained":[{"floor":7,"key":"Block Potion"},{"floor":12,"key":"EntropicBrew"}],"is_trial":false,"path_per_floor":["M","?","?","?","M","R","M","R","T","R","?","M","?","$","R","B"],"character_chosen":"THE_SILENT","items_purchased":["Happy Flower"],"campfire_rested":0,"item_purchase_floors":[14],"current_hp_per_floor":[64,57,62,62,62,62,62,62,62,62,62,56,49,49,49,0],"gold":32,"neow_bonus":"HUNDRED_GOLD","is_prod":false,"is_daily":false,"chose_seed":false,"campfire_upgraded":4,"win_rate":0,"timestamp":1571446556,"path_taken":["M","?","?","?","?","R","M","R","T","R","?","M","?","$","R","BOSS"],"build_version":"2019-07-17","purchased_purges":1,"victory":false,"max_hp_per_floor":[70,70,75,75,75,75,75,75,75,75,75,75,75,75,75,75],"card_choices":[{"not_picked":["Slice","Sucker Punch"],"picked":"Bouncing Flask","floor":1},{"not_picked":["Quick Slash","Dagger Spray"],"picked":"Die Die Die","floor":5},{"not_picked":["Underhanded Strike","Masterful Stab","Eviscerate"],"picked":"SKIP","floor":7},{"not_picked":["Dodge and Roll","Sucker Punch"],"picked":"Deadly Poison","floor":12}],"player_experience":140770,"relics_obtained":[{"floor":9,"key":"Pantograph"}],"event_choices":[{"cards_removed":["Strike_G"],"damage_healed":0,"gold_gain":0,"player_choice":"Card Removal","damage_taken":7,"max_hp_gain":0,"max_hp_loss":0,"event_name":"Golden Wing","floor":2,"gold_loss":0},{"damage_healed":0,"gold_gain":0,"player_choice":"Donut","damage_taken":0,"max_hp_gain":5,"max_hp_loss":0,"event_name":"Big Fish","floor":3,"gold_loss":0},{"damage_healed":0,"gold_gain":0,"player_choice":"Upgraded","damage_taken":0,"max_hp_gain":0,"max_hp_loss":0,"event_name":"Upgrade Shrine","floor":4,"gold_loss":0,"cards_upgraded":["Neutralize"]},{"damage_healed":0,"gold_gain":0,"player_choice":"Ignored","damage_taken":0,"max_hp_gain":0,"max_hp_loss":0,"event_name":"Liars Game","floor":11,"gold_loss":0},{"damage_healed":0,"gold_gain":0,"player_choice":"Success","damage_taken":7,"relics_obtained":["Dream Catcher"],"max_hp_gain":0,"max_hp_loss":0,"event_name":"Scrap Ooze","floor":13,"gold_loss":0}],"is_beta":false,"boss_relics":[],"items_purged_floors":[14],"is_endless":false,"potions_floor_spawned":[7,12],"killed_by":"Slime Boss","ascension_level":2}