{"gold_per_floor":[111,31,31,48,48,75,75,85,158,173,185,185,185,198,198,269,269,288,288,288,302,321,321,347,272,272,272,302,227,227,51,51,130,130,143,45,90,38,138,138,85,116,116,0,0,0,26,26,26,26],"floor_reached":50,"playtime":1744,"items_purged":["Strike_R"],"score":1201,"play_id":"28d71d61-adb9-4cf8-a3fb-389dccffa344","local_time":"20190827214537","is_ascension_mode":true,"campfire_choices":[{"data":"Uppercut","floor":7.0,"key":"SMITH"},{"data":"Thunderclap","floor":12.0,"key":"SMITH"},{"data":"Whirlwind","floor":15.0,"key":"SMITH"},{"floor":23.0,"key":"REST"},{"floor":27.0,"key":"REST"},{"data":"Demon Form","floor":30.0,"key":"SMITH"},{"data":"Sword Boomerang","floor":32.0,"key":"SMITH"},{"floor":40.0,"key":"DIG"},{"data":"Heavy Blade","floor":46.0,"key":"SMITH"},{"floor":49.0,"key":"DIG"}],"neow_cost":"NONE","seed_source_timestamp":0,"circlet_count":0,"master_deck":["AscendersBane","Strike_R+1","Defend_R+1","Defend_R","Defend_R","Defend_R","Bash","Thunderclap+1","Uppercut+1","Sword Boomerang+1","Offering","Battle Trance","Carnage+1","Flame Barrier+1","Whirlwind+1","Demon Form+1","Shrug It Off","Necronomicurse","Shockwave","Clothesline+1","Evolve","Battle Trance","Exhume","Shrug It Off","Dark Shackles","Dropkick+1","Warcry","Heavy Blade+1","Warcry+1","Double Tap"],"special_seed":0,"relics":["Black Blood","NeowsBlessing","Bronze Scales","Letter Opener","Mark of Pain","Necronomicon","Pen Nib","Bottled Tornado","Juzu Bracelet","Ginger","Shovel","Question Card","Oddly Smooth Stone","Molten Egg 2","Red Mask","Whetstone","Blood Vial"],"potions_floor_usage":[],"damage_taken":[{"damage":0.0,"enemies":"Small Slimes","floor":1.0,"turns":1.0},{"damage":0.0,"enemies":"Jaw Worm","floor":4.0,"turns":1.0},{"damage":0.0,"enemies":"Gremlin Nob","floor":6.0,"turns":1.0},{"damage":3.0,"enemies":"2 Louse","floor":8.0,"turns":2.0},{"damage":4.0,"enemies":"2 Fungi Beasts","floor":10.0,"turns":3.0},{"damage":10.0,"enemies":"Blue Slaver","floor":11.0,"turns":3.0},{"damage":11.0,"enemies":"Gremlin Gang","floor":14.0,"turns":2.0},{"damage":6.0,"enemies":"Slime Boss","floor":16.0,"turns":5.0},{"damage":25.0,"enemies":"Shell Parasite","floor":18.0,"turns":3.0},{"damage":0.0,"enemies":"2 Thieves","floor":21.0,"turns":1.0},{"damage":7.0,"enemies":"Snecko","floor":22.0,"turns":4.0},{"damage":31.0,"enemies":"Gremlin Leader","floor":24.0,"turns":7.0},{"damage":0.0,"enemies":"Slavers","floor":28.0,"turns":1.0},{"damage":8.0,"enemies":"Collector","floor":33.0,"turns":4.0},{"damage":6.0,"enemies":"Orb Walker","floor":35.0,"turns":1.0},{"damage":24.0,"enemies":"2 Orb Walkers","floor":37.0,"turns":3.0},{"damage":11.0,"enemies":"Mind Bloom Boss Battle","floor":39.0,"turns":5.0},{"damage":41.0,"enemies":"Nemesis","floor":42.0,"turns":3.0},{"damage":20.0,"enemies":"Reptomancer","floor":47.0,"turns":4.0},{"damage":0.0,"enemies":"3 Shapes","floor":48.0,"turns":1.0},{"damage":50,"enemies":"Awakened One","floor":50,"turns":3}],"seed_played":"-5480499277205061465","potions_obtained":[{"floor":1.0,"key":"Dexterity Potion"},{"floor":4.0,"key":"SkillPotion"},{"floor":11.0,"key":"Poison Potion"},{"floor":22.0,"key":"LiquidBronze"},{"floor":33.0,"key":"BloodPotion"},{"floor":35.0,"key":"Explosive Potion"},{"floor":39.0,"key":"GamblersBrew"},{"floor":47.0,"key":"SmokeBomb"}],"is_trial":false,"path_per_floor":["M","$","?","M","?","E","R","M","T","M","M","R","?","M","R","B",null,"M","?","?","M","M","R","E","$","T","R","E","?","R","$","R","B",null,"M","$","?","$","?","R","$","E","T","?","?","R","E","M","R","B"],"character_chosen":"IRONCLAD","items_purchased":["Uppercut","Evolve","Battle Trance","Dark Shackles","Warcry","Heavy Blade"],"campfire_rested":2,"item_purchase_floors":[2,31,31,36,38,41],"current_hp_per_floor":[74,74,67,73,73,75,75,75,75,75,71,71,48,43,43,43,67,48,27,6,12,11,35,10,10,10,34,40,40,40,40,40,38,70,74,74,60,60,59,59,59,48,48,48,48,48,38,48,48,0],"gold":26,"neow_bonus":"THREE_ENEMY_KILL","is_prod":false,"is_daily":false,"chose_seed":false,"campfire_upgraded":6,"win_rate":0,"timestamp":1566956737,"path_taken":["M","$","?","M","?","E","R","M","T","M","M","R","?","M","R","BOSS","M","?","?","?","M","R","E","$","T","R","E","?","R","$","R","BOSS","M","$","?","$","?","R","?","E","T","?","?","R","E","M","R","BOSS"],"build_version":"2019-07-17","purchased_purges":1,"victory":false,"max_hp_per_floor":[75,75,75,75,75,75,75,75,75,75,75,75,75,75,75,75,75,75,75,80,80,80,80,80,80,80,80,80,80,80,80,80,80,80,80,80,80,80,80,80,80,80,80,80,80,80,80,80,80,80],"card_choices":[{"not_picked":["Heavy Blade","Sword Boomerang"],"picked":"Thunderclap","floor":1.0},{"not_picked":["Blood for Blood","Intimidate"],"picked":"Sword Boomerang","floor":4.0},{"not_picked":["Flame Barrier","Clothesline"],"picked":"Offering","floor":6.0},{"not_picked":["Anger","Heavy Blade"],"picked":"Battle Trance","floor":8.0},{"not_picked":["Warcry","Intimidate"],"picked":"Carnage","floor":10.0},{"not_picked":["Havoc","Warcry"],"picked":"Flame Barrier","floor":11.0},{"not_picked":["Dual Wield","Body Slam"],"picked":"Whirlwind","floor":14.0},{"not_picked":["Immolate","Juggernaut"],"picked":"Demon Form","floor":16.0},{"not_picked":["Armaments","Hemokinesis"],"picked":"Shrug It Off","floor":18.0},{"not_picked":["Rupture","Wild Strike","Armaments"],"picked":"SKIP","floor":21.0},{"not_picked":["Iron Wave","Anger"],"picked":"Shockwave","floor":22.0},{"not_picked":["Thunderclap+1","Blood for Blood","Shockwave"],"picked":"SKIP","floor":24.0},{"not_picked":["Corruption","Warcry"],"picked":"Clothesline+1","floor":28.0},{"not_picked":["Barricade","Demon Form"],"picked":"Exhume","floor":33.0},{"not_picked":["Headbutt","Body Slam"],"picked":"Shrug It Off","floor":35.0},{"not_picked":["Clash","Wild Strike"],"picked":"Dropkick+1","floor":37.0},{"not_picked":["Infernal Blade","Hemokinesis","Shrug It Off"],"picked":"Warcry+1","floor":42.0},{"not_picked":["Rampage+1","Whirlwind+1","Flex"],"picked":"Double Tap","floor":47.0}],"player_experience":919245,"relics_obtained":[{"floor":6.0,"key":"Bronze Scales"},{"floor":9.0,"key":"Letter Opener"},{"floor":19.0,"key":"Necronomicon"},{"floor":24.0,"key":"Pen Nib"},{"floor":26.0,"key":"Bottled Tornado"},{"floor":28.0,"key":"Juzu Bracelet"},{"floor":37.0,"key":"Ginger"},{"floor":39.0,"key":"Shovel"},{"floor":40.0,"key":"Question Card"},{"floor":42.0,"key":"Oddly Smooth Stone"},{"floor":43.0,"key":"Molten Egg 2"},{"floor":47.0,"key":"Whetstone"},{"floor":49.0,"key":"Blood Vial"}],"event_choices":[{"cards_removed":["Strike_R"],"damage_healed":0.0,"max_hp_gain":0.0,"max_hp_loss":0.0,"gold_gain":0.0,"event_name":"Golden Wing","player_choice":"Card Removal","floor":3.0,"gold_loss":0.0,"damage_taken":7.0},{"cards_removed":["Strike_R"],"damage_healed":0.0,"max_hp_gain":0.0,"max_hp_loss":0.0,"gold_gain":0.0,"event_name":"Living Wall","player_choice":"Forget","floor":5.0,"gold_loss":0.0,"damage_taken":0.0},{"damage_healed":0.0,"max_hp_gain":0.0,"max_hp_loss":0.0,"gold_gain":0.0,"event_name":"Shining Light","player_choice":"Entered Light","floor":13.0,"gold_loss":0.0,"damage_taken":23.0,"cards_upgraded":["Flame Barrier","Defend_R"]},{"damage_healed":0.0,"max_hp_gain":0.0,"max_hp_loss":0.0,"gold_gain":0.0,"event_name":"Cursed Tome","player_choice":"Obtained Book","floor":19.0,"gold_loss":0.0,"damage_taken":21.0},{"damage_healed":0.0,"max_hp_gain":5.0,"max_hp_loss":0.0,"gold_gain":0.0,"event_name":"Forgotten Altar","player_choice":"Shed Blood","floor":20.0,"gold_loss":0.0,"damage_taken":26.0},{"cards_removed":["Strike_R"],"damage_healed":0.0,"max_hp_gain":0.0,"max_hp_loss":0.0,"gold_gain":0.0,"event_name":"Beggar","player_choice":"Gave Gold","floor":29.0,"gold_loss":75.0,"damage_taken":0.0},{"damage_healed":0.0,"max_hp_gain":0.0,"max_hp_loss":0.0,"gold_gain":0.0,"event_name":"Mysterious Sphere","player_choice":"Fight","floor":37.0,"gold_loss":0.0,"damage_taken":0.0},{"damage_healed":0.0,"max_hp_gain":0.0,"max_hp_loss":0.0,"gold_gain":0.0,"event_name":"MindBloom","player_choice":"Fight","floor":39.0,"gold_loss":0.0,"damage_taken":0.0},{"damage_healed":0.0,"max_hp_gain":0.0,"max_hp_loss":0.0,"gold_gain":0.0,"event_name":"Tomb of Lord Red Mask","player_choice":"Paid","floor":44.0,"gold_loss":116.0,"damage_taken":0.0,"relics_obtained":["Red Mask"]},{"damage_healed":0.0,"max_hp_gain":0.0,"max_hp_loss":0.0,"gold_gain":0.0,"event_name":"SecretPortal","player_choice":"Ignored","floor":45.0,"gold_loss":0.0,"damage_taken":0.0}],"is_beta":false,"boss_relics":[{"not_picked":["Astrolabe","Runic Dome"],"picked":"Mark of Pain"},{"not_picked":["Tiny House","Velvet Choker"],"picked":"Black Blood"}],"items_purged_floors":[25],"is_endless":false,"potions_floor_spawned":[1,4,11,22,33,35,39,47],"killed_by":"Awakened One","ascension_level":18}