{"gold_per_floor":[368,388,405,0,17,46,57,87,87,97,116,116,142,173,185,295,307,337,374,35,35,35,35,53,85,110,110,125,425,458,478,478,577,577,591,604,604,93,103,103,134,149,175,201,201,217,25,45,45,45],"floor_reached":51,"playtime":5544,"items_purged":["Strike_P","Strike_P"],"score":876,"play_id":"fb810b21-a8ea-409a-8033-e32cd504e45d","local_time":"20190910212820","is_ascension_mode":true,"campfire_choices":[{"data":"Nirvana","floor":15.0,"key":"SMITH"},{"data":"Conclude","floor":23.0,"key":"SMITH"},{"floor":27.0,"key":"DIG"},{"floor":29.0,"key":"DIG"},{"floor":32.0,"key":"DIG"},{"floor":40,"key":"DIG"},{"floor":45,"key":"DIG"},{"data":"DevaForm","floor":49,"key":"SMITH"}],"neow_cost":"TEN_PERCENT_HP_LOSS","seed_source_timestamp":0,"circlet_count":0,"master_deck":["Strike_P+1","Defend_P+1","Defend_P+1","Defend_P+1","Defend_P+1","Eruption+1","Vigilance","Protect","CutThroughFate","EmptyFist+1","LessonLearned+1","Devotion+1","InnerPeace+1","Halt","Prostrate+1","EmptyMind","Nirvana+1","Judgement+1","Conclude+1","WindmillStrike+1","Sanctity","Ragnarok","DeceiveReality+1","Vault+1","Crescendo+1","DevaForm+1","Alpha+1","Protect+1"],"special_seed":0,"relics":["PureWater","OrangePellets","Happy Flower","Art of War","Question Card","MawBank","Coffee Dripper","Red Mask","Vajra","Enchiridion","Shovel","Omamori","Bronze Scales","Old Coin","Darkstone Periapt","Pen Nib","Calling Bell","Bag of Preparation","Kunai","Nunchaku","Bird Faced Urn","The Courier","White Beast Statue","War Paint","PreservedInsect","Strawberry","Mummified Hand"],"potions_floor_usage":[42,48,50,50],"damage_taken":[{"damage":0.0,"enemies":"Cultist","floor":1.0,"turns":3.0},{"damage":1.0,"enemies":"Jaw Worm","floor":2.0,"turns":2.0},{"damage":0.0,"enemies":"Small Slimes","floor":3.0,"turns":2.0},{"damage":1.0,"enemies":"Exordium Wildlife","floor":5.0,"turns":6.0},{"damage":12.0,"enemies":"Lagavulin","floor":6.0,"turns":7.0},{"damage":3.0,"enemies":"Red Slaver","floor":7.0,"turns":3.0},{"damage":14.0,"enemies":"Gremlin Nob","floor":8.0,"turns":3.0},{"damage":8.0,"enemies":"Exordium Thugs","floor":10.0,"turns":8.0},{"damage":0.0,"enemies":"Blue Slaver","floor":11.0,"turns":3.0},{"damage":3.0,"enemies":"2 Fungi Beasts","floor":13.0,"turns":5.0},{"damage":0.0,"enemies":"Large Slime","floor":14.0,"turns":6.0},{"damage":5.0,"enemies":"Hexaghost","floor":16.0,"turns":9.0},{"damage":0.0,"enemies":"3 Byrds","floor":18.0,"turns":4.0},{"damage":1.0,"enemies":"Masked Bandits","floor":19.0,"turns":4.0},{"damage":0.0,"enemies":"Shell Parasite","floor":24.0,"turns":5.0},{"damage":10.0,"enemies":"Slavers","floor":25.0,"turns":3.0},{"damage":8.0,"enemies":"Centurion and Healer","floor":28.0,"turns":4.0},{"damage":0.0,"enemies":"Gremlin Leader","floor":30.0,"turns":7.0},{"damage":0.0,"enemies":"Snake Plant","floor":31.0,"turns":2.0},{"damage":32.0,"enemies":"Collector","floor":33.0,"turns":9.0},{"damage":5.0,"enemies":"3 Darklings","floor":35.0,"turns":8.0},{"damage":4.0,"enemies":"Orb Walker","floor":36.0,"turns":4.0},{"damage":2,"enemies":"Sphere and 2 Shapes","floor":39,"turns":5},{"damage":7,"enemies":"Nemesis","floor":41,"turns":7},{"damage":12,"enemies":"Transient","floor":42,"turns":5},{"damage":9,"enemies":"Reptomancer","floor":44,"turns":7},{"damage":8,"enemies":"3 Darklings","floor":46,"turns":6},{"damage":6,"enemies":"4 Shapes","floor":48,"turns":5},{"damage":36,"enemies":"Awakened One","floor":50,"turns":12}],"seed_played":"-872634036378692888","potions_obtained":[{"floor":3.0,"key":"AttackPotion"},{"floor":6.0,"key":"Fire Potion"},{"floor":10.0,"key":"LiquidBronze"},{"floor":14.0,"key":"AttackPotion"},{"floor":16.0,"key":"Regen Potion"},{"floor":18.0,"key":"Swift Potion"},{"floor":30.0,"key":"Energy Potion"},{"floor":33.0,"key":"SteroidPotion"},{"floor":42,"key":"Fire Potion"},{"floor":44,"key":"GamblersBrew"},{"floor":46,"key":"Weak Potion"},{"floor":48,"key":"SkillPotion"}],"is_trial":false,"path_per_floor":["M","M","M","$","M","E","M","E","T","M","M","?","M","M","R","B",null,"M","?","$","?","?","R","M","E","T","R","M","R","E","M","R","B",null,"M","M","?","$","M","R","E","M","T","E","R","M","$","M","R","B",null],"character_chosen":"WATCHER","items_purchased":["LessonLearned","OrangePellets","FearPotion","Vajra","Fire Potion","Explosive Potion","Bird Faced Urn","DevaForm","PowerPotion","Mummified Hand"],"campfire_rested":0,"item_purchase_floors":[4,4,4,20,20,20,38,38,38,47],"current_hp_per_floor":[59,58,58,58,57,45,42,28,28,20,20,20,17,17,17,12,59,59,58,58,42,42,42,42,32,32,32,36,36,36,36,36,4,59,54,50,50,50,56,56,52,46,46,43,50,50,50,56,56,30],"gold":45,"neow_bonus":"TWO_FIFTY_GOLD","is_prod":false,"is_daily":false,"chose_seed":false,"campfire_upgraded":3,"win_rate":0,"timestamp":1568165300,"path_taken":["M","M","M","$","M","E","?","E","T","M","M","?","?","M","R","BOSS","M","?","$","?","?","R","M","E","T","R","?","R","E","M","R","BOSS","M","M","?","$","M","R","E","M","T","E","R","M","?","M","R","BOSS"],"build_version":"2019-09-10","purchased_purges":2,"victory":true,"max_hp_per_floor":[59,59,59,59,59,59,59,59,59,59,59,59,59,59,59,59,59,59,59,59,59,59,59,59,59,59,59,59,59,59,59,59,59,59,59,59,59,59,59,59,59,59,59,59,66,66,66,66,66,66],"card_choices":[{"not_picked":["Tantrum","CrushJoints"],"picked":"Protect","floor":1.0},{"not_picked":["Collect","Protect"],"picked":"CutThroughFate","floor":2.0},{"not_picked":["ClearTheMind","Scrawl"],"picked":"EmptyFist","floor":3.0},{"not_picked":["WaveOfTheHand","Adaptation"],"picked":"Devotion","floor":5.0},{"not_picked":["Sanctity","SandsOfTime"],"picked":"InnerPeace","floor":6.0},{"not_picked":["Protect","Consecrate"],"picked":"Weave","floor":7.0},{"not_picked":["ThirdEye","Devotion"],"picked":"Halt","floor":8.0},{"not_picked":["ThirdEye","Weave","Halt"],"picked":"Prostrate","floor":10.0},{"not_picked":["Sanctity","CrushJoints","BowlingBash"],"picked":"EmptyMind","floor":11.0},{"not_picked":["Crescendo","Scrawl","Protect"],"picked":"Nirvana","floor":13.0},{"not_picked":["FlyingSleeves","TalkToTheHand","ClearTheMind","BowlingBash"],"picked":"SKIP","floor":14.0},{"not_picked":["Metaphysics","LessonLearned","Ragnarok"],"picked":"Judgement","floor":16.0},{"not_picked":["Crescendo","CleanseEvil","ThirdEye+1","CutThroughFate"],"picked":"SKIP","floor":18.0},{"not_picked":["FearNoEvil","Scrawl","Halt"],"picked":"Conclude","floor":19.0},{"not_picked":["EmptyBody","CutThroughFate","JustLucky","TalkToTheHand"],"picked":"SKIP","floor":24.0},{"not_picked":["Halt","Establishment","JustLucky+1"],"picked":"WindmillStrike","floor":25.0},{"not_picked":["Vengeance","FlyingSleeves+1","SandsOfTime"],"picked":"Sanctity","floor":28.0},{"not_picked":["FollowUp+1","Evaluate","FearNoEvil"],"picked":"Ragnarok","floor":30.0},{"not_picked":["EmptyFist","BowlingBash","EmptyBody"],"picked":"DeceiveReality","floor":31.0},{"not_picked":["Brilliance","DeusExMachina","LessonLearned"],"picked":"Vault","floor":33.0},{"not_picked":["FlurryOfBlows","CrushJoints","SandsOfTime"],"picked":"Crescendo","floor":35.0},{"not_picked":["SpiritShield+1","Prostrate","CrushJoints+1","BowlingBash"],"picked":"SKIP","floor":36.0},{"not_picked":["Perseverance+1","FollowUp","SpiritShield+1","JustLucky"],"picked":"SKIP","floor":39},{"not_picked":["SandsOfTime","StepAndStrike","EmptyMind"],"picked":"Alpha","floor":41},{"not_picked":["Conclude+1","FearNoEvil","FollowUp+1","ClearTheMind+1"],"picked":"SKIP","floor":42},{"not_picked":["DeceiveReality+1","Crescendo","Devotion","Perseverance"],"picked":"SKIP","floor":44},{"not_picked":["FlowState","ForeignInfluence","Crescendo","Conclude+1"],"picked":"SKIP","floor":46},{"not_picked":["FollowUp","ThirdEye","CrushJoints+1"],"picked":"Protect+1","floor":48}],"player_experience":1043092,"relics_obtained":[{"floor":6.0,"key":"Happy Flower"},{"floor":8.0,"key":"Art of War"},{"floor":9.0,"key":"Question Card"},{"floor":19.0,"key":"Red Mask"},{"floor":21.0,"key":"Enchiridion"},{"floor":25.0,"key":"Shovel"},{"floor":26.0,"key":"Omamori"},{"floor":27.0,"key":"Bronze Scales"},{"floor":29.0,"key":"Old Coin"},{"floor":30.0,"key":"Darkstone Periapt"},{"floor":32.0,"key":"Pen Nib"},{"floor":34.0,"key":"Bag of Preparation"},{"floor":34.0,"key":"Kunai"},{"floor":34.0,"key":"Nunchaku"},{"floor":40,"key":"The Courier"},{"floor":41,"key":"White Beast Statue"},{"floor":43,"key":"War Paint"},{"floor":44,"key":"PreservedInsect"},{"floor":45,"key":"Strawberry"}],"event_choices":[{"cards_removed":["Weave"],"damage_healed":0.0,"max_hp_gain":0.0,"max_hp_loss":0.0,"gold_gain":0.0,"event_name":"WeMeetAgain","player_choice":"Gave Card","floor":12.0,"gold_loss":0.0,"damage_taken":0.0,"relics_obtained":["MawBank"]},{"damage_healed":0.0,"max_hp_gain":0.0,"max_hp_loss":0.0,"gold_gain":0.0,"event_name":"Masked Bandits","player_choice":"Fought Bandits","floor":19.0,"gold_loss":0.0,"damage_taken":0.0},{"damage_healed":0.0,"max_hp_gain":0.0,"max_hp_loss":0.0,"gold_gain":0.0,"event_name":"Cursed Tome","player_choice":"Obtained Book","floor":21.0,"gold_loss":0.0,"damage_taken":16.0},{"damage_healed":0.0,"max_hp_gain":0.0,"max_hp_loss":0.0,"gold_gain":0.0,"event_name":"Back to Basics","player_choice":"Simplicity","floor":22.0,"gold_loss":0.0,"damage_taken":0.0,"cards_upgraded":["Defend_P","Defend_P"]},{"cards_removed":["Strike_P"],"damage_healed":0.0,"max_hp_gain":0.0,"max_hp_loss":0.0,"gold_gain":0.0,"event_name":"Purifier","player_choice":"Purged","floor":37.0,"gold_loss":0.0,"damage_taken":0.0}],"is_beta":true,"boss_relics":[{"not_picked":["Busted Crown","Pandora\u0027s Box"],"picked":"Coffee Dripper"},{"not_picked":["Runic Dome","SacredBark"],"picked":"Calling Bell"}],"items_purged_floors":[4,20],"is_endless":false,"potions_floor_spawned":[3,6,10,14,16,18,30,33,42,44,46,48],"ascension_level":1}