{"gold_per_floor":[109,34,34,44,59,88,100,100,173,186,213,225,125,150,150,221,221,238,253,80,93,126,126,143,174,201,201,216,247,247,41,41,112,112,124,124,142,158,170,170],"floor_reached":40,"playtime":2067,"items_purged":["Strike_R","Strike_R"],"score":880,"play_id":"c880a976-c481-4175-9f45-e6e35bd2436a","local_time":"20191007090041","is_ascension_mode":true,"campfire_choices":[{"data":"Bash","floor":8.0,"key":"SMITH"},{"data":"Evolve","floor":15.0,"key":"SMITH"},{"data":"Whirlwind","floor":23.0,"key":"SMITH"},{"data":"1","floor":27.0,"key":"LIFT"},{"data":"2","floor":30.0,"key":"LIFT"},{"data":"3","floor":32.0,"key":"LIFT"}],"neow_cost":"NONE","seed_source_timestamp":0,"circlet_count":0,"master_deck":["AscendersBane","Strike_R+1","Strike_R","Defend_R","Defend_R+1","Defend_R","Defend_R+1","Bash+1","Pommel Strike","Cleave+1","Fire Breathing","Iron Wave","Carnage","Evolve+1","Shrug It Off","Reaper","Whirlwind+1","Clothesline","Combust","Bludgeon","Battle Trance","Blood for Blood","Dual Wield","Rupture","Demon Form","Heavy Blade"],"special_seed":0,"relics":["Burning Blood","Bird Faced Urn","Meat on the Bone","Whetstone","Oddly Smooth Stone","Snecko Eye","Orrery","Red Mask","Girya","Red Skull","Boot","OrangePellets","Cursed Key"],"potions_floor_usage":[],"damage_taken":[{"damage":9.0,"enemies":"Small Slimes","floor":1.0,"turns":5.0},{"damage":4.0,"enemies":"Jaw Worm","floor":4.0,"turns":5.0},{"damage":0.0,"enemies":"Cultist","floor":5.0,"turns":3.0},{"damage":7.0,"enemies":"3 Sentries","floor":6.0,"turns":5.0},{"damage":4.0,"enemies":"2 Fungi Beasts","floor":7.0,"turns":4.0},{"damage":4.0,"enemies":"Large Slime","floor":10.0,"turns":5.0},{"damage":17.0,"enemies":"Exordium Wildlife","floor":12.0,"turns":6.0},{"damage":46.0,"enemies":"Gremlin Nob","floor":14.0,"turns":5.0},{"damage":38.0,"enemies":"Hexaghost","floor":16.0,"turns":10.0},{"damage":23.0,"enemies":"3 Byrds","floor":18.0,"turns":8.0},{"damage":31.0,"enemies":"Shell Parasite","floor":19.0,"turns":4.0},{"damage":8.0,"enemies":"3 Cultists","floor":21.0,"turns":3.0},{"damage":51.0,"enemies":"Masked Bandits","floor":22.0,"turns":6.0},{"damage":4.0,"enemies":"Snecko","floor":24.0,"turns":3.0},{"damage":25.0,"enemies":"Book of Stabbing","floor":25.0,"turns":4.0},{"damage":18.0,"enemies":"Snake Plant","floor":28.0,"turns":3.0},{"damage":21.0,"enemies":"Slavers","floor":29.0,"turns":3.0},{"damage":65.0,"enemies":"Champ","floor":33.0,"turns":12.0},{"damage":31.0,"enemies":"3 Darklings","floor":35.0,"turns":6.0},{"damage":8.0,"enemies":"3 Shapes","floor":37.0,"turns":2.0},{"damage":13.0,"enemies":"Transient","floor":38.0,"turns":6.0},{"damage":86.0,"enemies":"Writhing Mass","floor":39.0,"turns":7.0},{"damage":38,"enemies":"Giant Head","floor":40,"turns":4}],"seed_played":"-103210449852709634","potions_obtained":[{"floor":4.0,"key":"BloodPotion"},{"floor":6.0,"key":"BloodPotion"},{"floor":14.0,"key":"Block Potion"},{"floor":22.0,"key":"ElixirPotion"},{"floor":24.0,"key":"PowerPotion"},{"floor":29.0,"key":"SkillPotion"},{"floor":33.0,"key":"AttackPotion"},{"floor":37.0,"key":"Swift Potion"},{"floor":39.0,"key":"SteroidPotion"}],"is_trial":false,"path_per_floor":["M","$","?","M","M","E","M","R","T","M","T","M","$","E","R","B",null,"M","M","$","M","?","R","M","E","T","R","M","E","R","$","R","B",null,"M","?","M","M","M","E"],"character_chosen":"IRONCLAD","items_purchased":["Orrery","OrangePellets","Rupture"],"campfire_rested":0,"item_purchase_floors":[20,31,31],"current_hp_per_floor":[65,65,42,44,50,49,51,51,51,55,55,44,44,33,33,32,64,57,46,46,52,27,27,41,38,38,38,47,50,50,50,50,52,69,54,54,73,68,23,0],"gold":170,"neow_bonus":"REMOVE_CARD","is_prod":false,"is_daily":false,"chose_seed":false,"campfire_upgraded":3,"win_rate":0,"timestamp":1570453241,"path_taken":["M","$","?","M","M","E","M","R","T","M","?","M","$","E","R","BOSS","M","M","$","M","?","R","M","E","T","R","M","E","R","$","R","BOSS","M","?","M","M","M","E"],"build_version":"2019-10-04","purchased_purges":2,"victory":false,"max_hp_per_floor":[75,75,75,75,75,75,75,75,75,75,75,75,75,75,75,75,75,75,75,75,75,75,75,75,75,75,75,75,75,75,75,75,75,75,75,75,75,75,75,75],"card_choices":[{"not_picked":["Armaments","Twin Strike"],"picked":"Pommel Strike","floor":1.0},{"not_picked":["Metallicize","Heavy Blade"],"picked":"Cleave","floor":4.0},{"not_picked":["Havoc","Clothesline"],"picked":"Fire Breathing","floor":5.0},{"not_picked":["Ghostly Armor","Flex","Infernal Blade"],"picked":"SKIP","floor":6.0},{"not_picked":["Rampage","Havoc"],"picked":"Iron Wave","floor":7.0},{"not_picked":["Rampage","Sword Boomerang"],"picked":"Carnage","floor":10.0},{"not_picked":["Havoc","Iron Wave"],"picked":"Evolve","floor":12.0},{"not_picked":["Sentinel","Rampage"],"picked":"Shrug It Off","floor":14.0},{"not_picked":["Dark Embrace","Bludgeon"],"picked":"Reaper","floor":16.0},{"not_picked":["Pommel Strike","Shrug It Off","Sword Boomerang"],"picked":"SKIP","floor":18.0},{"not_picked":["Havoc","Headbutt"],"picked":"Whirlwind","floor":19.0},{"not_picked":["Sword Boomerang","Pommel Strike"],"picked":"Clothesline","floor":20.0},{"not_picked":["Iron Wave","Armaments"],"picked":"Combust","floor":20.0},{"not_picked":["True Grit","Intimidate"],"picked":"Bludgeon","floor":20.0},{"not_picked":["True Grit","Perfected Strike"],"picked":"Battle Trance","floor":20.0},{"not_picked":["Clash","Burning Pact","Shrug It Off"],"picked":"SKIP","floor":21.0},{"not_picked":["Warcry","Dark Embrace"],"picked":"Blood for Blood","floor":22.0},{"not_picked":["Whirlwind","Sentinel","Entrench"],"picked":"SKIP","floor":24.0},{"not_picked":["Bloodletting","Twin Strike"],"picked":"Dual Wield","floor":25.0},{"not_picked":["Clash","Entrench","True Grit"],"picked":"SKIP","floor":28.0},{"not_picked":["Inflame","Pommel Strike","Exhume"],"picked":"SKIP","floor":29.0},{"not_picked":["Dark Embrace","Barricade"],"picked":"Demon Form","floor":33.0},{"not_picked":["Shrug It Off+1","Thunderclap"],"picked":"Heavy Blade","floor":35.0},{"not_picked":["Wild Strike","Clash","Body Slam"],"picked":"SKIP","floor":37.0},{"not_picked":["Body Slam","Pommel Strike","Infernal Blade"],"picked":"SKIP","floor":38.0},{"not_picked":["Cleave","Flex","Wild Strike+1"],"picked":"SKIP","floor":39.0}],"player_experience":1244486,"relics_obtained":[{"floor":6.0,"key":"Bird Faced Urn"},{"floor":9.0,"key":"Meat on the Bone"},{"floor":11.0,"key":"Whetstone"},{"floor":14.0,"key":"Oddly Smooth Stone"},{"floor":22.0,"key":"Red Mask"},{"floor":25.0,"key":"Girya"},{"floor":26.0,"key":"Red Skull"},{"floor":29.0,"key":"Boot"}],"event_choices":[{"damage_healed":0.0,"max_hp_gain":0.0,"max_hp_loss":0.0,"gold_gain":0.0,"event_name":"Shining Light","player_choice":"Entered Light","floor":3.0,"gold_loss":0.0,"damage_taken":23.0,"cards_upgraded":["Defend_R","Defend_R"]},{"damage_healed":0.0,"max_hp_gain":0.0,"max_hp_loss":0.0,"gold_gain":0.0,"event_name":"Masked Bandits","player_choice":"Fought Bandits","floor":22.0,"gold_loss":0.0,"damage_taken":0.0},{"damage_healed":0.0,"max_hp_gain":0.0,"max_hp_loss":0.0,"gold_gain":0.0,"event_name":"Match and Keep!","player_choice":"0 cards matched","floor":36.0,"gold_loss":0.0,"damage_taken":0.0,"cards_obtained":[]}],"is_beta":true,"boss_relics":[{"not_picked":["Ectoplasm","Black Blood"],"picked":"Snecko Eye"},{"not_picked":["Empty Cage","Runic Dome"],"picked":"Cursed Key"}],"items_purged_floors":[2,13],"is_endless":false,"potions_floor_spawned":[4,6,7,14,22,24,29,33,37,39],"killed_by":"Giant Head","ascension_level":20}