{"gold_per_floor":[209,209,224,237,255,255,321,321,321,321,345,345,345],"floor_reached":13,"playtime":880,"items_purged":[],"score":157,"play_id":"0d5816ba-0176-4c1f-afe6-88642ac9085f","local_time":"20191019222105","is_ascension_mode":true,"campfire_choices":[{"data":"Uppercut","floor":6,"key":"SMITH"},{"data":"Rampage","floor":8,"key":"SMITH"},{"data":"Bash","floor":10,"key":"SMITH"}],"neow_cost":"NONE","seed_source_timestamp":819391736641538,"circlet_count":0,"master_deck":["AscendersBane","Strike_R","Strike_R","Strike_R","Strike_R","Defend_R","Defend_R","Defend_R","Defend_R","Bash+1","Rampage+1","Uppercut+1","Headbutt"],"relics":["Burning Blood","Golden Idol","Tiny Chest","Paper Frog"],"potions_floor_usage":[4,4,5,7],"damage_taken":[{"damage":12,"enemies":"Jaw Worm","floor":1,"turns":3},{"damage":1,"enemies":"2 Louse","floor":3,"turns":4},{"damage":1,"enemies":"Cultist","floor":4,"turns":3},{"damage":8,"enemies":"Looter","floor":5,"turns":3},{"damage":29,"enemies":"Lagavulin","floor":7,"turns":6},{"damage":5,"enemies":"Red Slaver","floor":11,"turns":2},{"damage":22,"enemies":"Gremlin Gang","floor":13,"turns":3}],"seed_played":"-1759891907098393905","potions_obtained":[{"floor":3,"key":"EntropicBrew"},{"floor":4,"key":"EssenceOfSteel"}],"is_trial":false,"path_per_floor":["M","?","M","M","M","R","E","R","T","R","M","?","M"],"character_chosen":"IRONCLAD","items_purchased":[],"campfire_rested":0,"item_purchase_floors":[],"current_hp_per_floor":[62,36,41,46,44,44,21,21,21,21,22,22,0],"gold":345,"neow_bonus":"HUNDRED_GOLD","is_prod":false,"is_daily":false,"chose_seed":false,"campfire_upgraded":3,"win_rate":0,"timestamp":1571516465,"path_taken":["M","?","M","M","M","R","E","R","T","R","M","?","M"],"build_version":"2019-07-17","purchased_purges":0,"victory":false,"max_hp_per_floor":[75,75,75,75,75,75,75,75,75,75,75,75,75],"card_choices":[{"not_picked":["Havoc","Sword Boomerang","Warcry"],"picked":"SKIP","floor":1},{"not_picked":["Flex","Thunderclap"],"picked":"Rampage","floor":3},{"not_picked":["Entrench","Intimidate"],"picked":"Uppercut","floor":4},{"not_picked":["Ghostly Armor","Fiend Fire","Sword Boomerang"],"picked":"SKIP","floor":5},{"not_picked":["Thunderclap","Body Slam"],"picked":"Headbutt","floor":7},{"not_picked":["Power Through","Dropkick","Searing Blow"],"picked":"SKIP","floor":11}],"player_experience":518845,"relics_obtained":[{"floor":7,"key":"Tiny Chest"},{"floor":9,"key":"Paper Frog"}],"event_choices":[{"damage_healed":0,"gold_gain":0,"player_choice":"Take Damage","damage_taken":26,"relics_obtained":["Golden Idol"],"max_hp_gain":0,"max_hp_loss":0,"event_name":"Golden Idol","floor":2,"gold_loss":0},{"cards_removed":["Strike_R"],"damage_healed":0,"gold_gain":0,"player_choice":"Purged","damage_taken":0,"max_hp_gain":0,"max_hp_loss":0,"event_name":"Purifier","floor":12,"gold_loss":0}],"is_beta":false,"boss_relics":[],"items_purged_floors":[],"is_endless":false,"potions_floor_spawned":[3,4],"killed_by":"Gremlin Gang","ascension_level":17}