{"gold_per_floor":[113,124,144,157,168,168,16,16,39,51,63,120,120,120,120,246,246,271,271,23,48,48,48,83,83,110,110,110,40,55,71,71,202,202,226,226,250,375,438,438,464,16,62,75,94,137,155,169,169,169],"floor_reached":51,"playtime":4291,"items_purged":[],"score":764,"play_id":"269021c2-da34-41bd-84bf-c5af4c38925e","local_time":"20191007233923","is_ascension_mode":true,"campfire_choices":[{"data":"Zap","floor":6,"key":"SMITH"},{"data":"Stack","floor":8,"key":"SMITH"},{"data":"Defragment","floor":15,"key":"SMITH"},{"data":"Redo","floor":23,"key":"SMITH"},{"data":"Steam","floor":25,"key":"SMITH"},{"data":"Leap","floor":28,"key":"SMITH"},{"data":"Defragment","floor":32,"key":"SMITH"},{"data":"Bandage Up","floor":40,"key":"SMITH"},{"data":"Capacitor","floor":49,"key":"SMITH"}],"neow_cost":"NONE","seed_source_timestamp":249166439680200,"circlet_count":0,"master_deck":["Defend_B","Defend_B","Defend_B","Defend_B","Zap+1","Dualcast","Lockon","Stack+1","Defragment+1","Defragment+1","Redo+1","Coolheaded","Static Discharge","Machine Learning","Steam+1","Leap+1","Bite","Bite","Bite","Bite","Bite","Steam+1","Capacitor+1","Reboot","Stack+1","Bandage Up+1","Stack+1","Chill+1","Glacier+1","Conserve Battery+1","Coolheaded+1"],"relics":["Cracked Core","Orichalcum","Oddly Smooth Stone","Tiny Chest","Golden Idol","Coffee Dripper","Ornamental Fan","Cables","Anchor","Regal Pillow","Lizard Tail","Unceasing Top","Du-Vu Doll","Ancient Tea Set","PreservedInsect","Blood Vial","Centennial Puzzle","Potion Belt"],"potions_floor_usage":[4,11,11,12,16,21,24,33,35,39,44,46,48,50],"damage_taken":[{"damage":1,"enemies":"Cultist","floor":1,"turns":3},{"damage":2,"enemies":"Jaw Worm","floor":2,"turns":3},{"damage":0,"enemies":"Small Slimes","floor":3,"turns":2},{"damage":0,"enemies":"Red Slaver","floor":4,"turns":3},{"damage":6,"enemies":"Blue Slaver","floor":5,"turns":4},{"damage":9,"enemies":"3 Louse","floor":10,"turns":4},{"damage":0,"enemies":"Lots of Slimes","floor":11,"turns":3},{"damage":3,"enemies":"Lagavulin","floor":12,"turns":6},{"damage":13,"enemies":"Slime Boss","floor":16,"turns":6},{"damage":11,"enemies":"Spheric Guardian","floor":18,"turns":4},{"damage":13,"enemies":"2 Thieves","floor":21,"turns":4},{"damage":42,"enemies":"Slavers","floor":24,"turns":7},{"damage":14,"enemies":"Centurion and Healer","floor":30,"turns":7},{"damage":6,"enemies":"Sentry and Sphere","floor":31,"turns":5},{"damage":21,"enemies":"Champ","floor":33,"turns":9},{"damage":0,"enemies":"3 Shapes","floor":35,"turns":6},{"damage":78,"enemies":"3 Darklings","floor":37,"turns":7},{"damage":0,"enemies":"Mind Bloom Boss Battle","floor":38,"turns":7},{"damage":44,"enemies":"2 Orb Walkers","floor":39,"turns":8},{"damage":8,"enemies":"Jaw Worm Horde","floor":44,"turns":6},{"damage":2,"enemies":"Maw","floor":45,"turns":11},{"damage":75,"enemies":"Reptomancer","floor":46,"turns":10},{"damage":1,"enemies":"3 Darklings","floor":47,"turns":12},{"damage":0,"enemies":"4 Shapes","floor":48,"turns":9},{"damage":16,"enemies":"Time Eater","floor":50,"turns":16}],"seed_played":"-6823436096849494030","potions_obtained":[{"floor":1,"key":"SkillPotion"},{"floor":3,"key":"Dexterity Potion"},{"floor":5,"key":"Energy Potion"},{"floor":10,"key":"SkillPotion"},{"floor":12,"key":"PowerPotion"},{"floor":16,"key":"GamblersBrew"},{"floor":18,"key":"Ancient Potion"},{"floor":31,"key":"AttackPotion"},{"floor":33,"key":"Swift Potion"},{"floor":38,"key":"Weak Potion"},{"floor":45,"key":"FearPotion"},{"floor":47,"key":"AttackPotion"},{"floor":48,"key":"Regen Potion"}],"is_trial":false,"path_per_floor":["M","M","M","M","M","R","$","R","T","M","M","E","?","?","R","B",null,"M","T","$","M","?","R","E","R","T","?","R","$","M","M","R","B",null,"M","?","M","?","?","R","T","$","T","M","M","E","M","M","R","B",null],"character_chosen":"DEFECT","items_purchased":["Orichalcum","Cables","Capacitor","PreservedInsect","Blood Vial","Dexterity Potion","Swift Potion","Explosive Potion"],"campfire_rested":0,"item_purchase_floors":[7,20,29,42,42,42,42,42],"current_hp_per_floor":[81,79,79,79,73,73,73,73,73,64,64,61,41,41,41,28,82,71,71,71,58,57,57,29,29,29,48,48,48,50,57,57,55,57,57,52,31,51,23,23,23,23,23,39,57,10,43,57,57,57],"gold":169,"neow_bonus":"TEN_PERCENT_HP_BONUS","is_prod":false,"is_daily":false,"chose_seed":false,"campfire_upgraded":9,"win_rate":0,"timestamp":1570505963,"path_taken":["M","M","M","?","M","R","$","R","T","M","M","E","?","?","R","BOSS","M","?","$","M","?","R","E","R","T","?","R","?","M","?","R","BOSS","M","?","M","?","?","R","?","$","T","M","M","E","?","M","R","BOSS"],"build_version":"2019-07-17","purchased_purges":0,"victory":true,"max_hp_per_floor":[82,82,82,82,82,82,82,82,82,82,82,82,82,82,82,82,82,82,82,82,82,57,57,57,57,57,57,57,57,57,57,57,57,57,57,57,57,57,57,57,57,57,57,57,57,57,57,57,57,57],"card_choices":[{"not_picked":["Consume","Steam"],"picked":"Lockon","floor":1},{"not_picked":["Turbo","Barrage","Beam Cell"],"picked":"SKIP","floor":2},{"not_picked":["Scrape","Sunder"],"picked":"Stack","floor":3},{"not_picked":["Reinforced Body","Rebound"],"picked":"Defragment","floor":4},{"not_picked":["Hello World","Sweeping Beam"],"picked":"Defragment","floor":5},{"not_picked":["Barrage","Go for the Eyes"],"picked":"Redo","floor":10},{"not_picked":["All For One","Streamline"],"picked":"Coolheaded","floor":11},{"not_picked":["Barrage","Storm"],"picked":"Static Discharge","floor":12},{"not_picked":["Biased Cognition","Reboot"],"picked":"Machine Learning","floor":16},{"not_picked":["Melter","Fusion"],"picked":"Steam+1","floor":18},{"not_picked":["Conserve Battery","Streamline"],"picked":"Leap","floor":21},{"not_picked":["Sweeping Beam","Turbo"],"picked":"Steam","floor":24},{"not_picked":["Compile Driver","Static Discharge","Scrape"],"picked":"SKIP","floor":30},{"not_picked":["Beam Cell","Darkness+1"],"picked":"Reboot","floor":31},{"not_picked":["Fusion","Double Energy+1"],"picked":"Stack+1","floor":35},{"not_picked":["Forethought","Transmutation"],"picked":"Bandage Up","floor":36},{"not_picked":["Go for the Eyes+1","Cold Snap+1"],"picked":"Stack+1","floor":37},{"not_picked":["Fusion+1","Turbo"],"picked":"Chill+1","floor":39},{"not_picked":["Defragment","Barrage"],"picked":"Glacier+1","floor":44},{"not_picked":["Sweeping Beam+1","Compile Driver+1","Gash"],"picked":"SKIP","floor":45},{"not_picked":["Echo Form","Go for the Eyes+1"],"picked":"Conserve Battery+1","floor":46},{"not_picked":["Cold Snap+1","Consume"],"picked":"Coolheaded+1","floor":47},{"not_picked":["Cold Snap","Coolheaded","Streamline+1"],"picked":"SKIP","floor":48}],"player_experience":112523,"relics_obtained":[{"floor":9,"key":"Oddly Smooth Stone"},{"floor":12,"key":"Tiny Chest"},{"floor":19,"key":"Ornamental Fan"},{"floor":24,"key":"Anchor"},{"floor":26,"key":"Regal Pillow"},{"floor":38,"key":"Unceasing Top"},{"floor":39,"key":"Du-Vu Doll"},{"floor":41,"key":"Ancient Tea Set"},{"floor":43,"key":"Centennial Puzzle"},{"floor":46,"key":"Potion Belt"}],"event_choices":[{"damage_healed":0,"gold_gain":0,"player_choice":"Take Damage","damage_taken":20,"relics_obtained":["Golden Idol"],"max_hp_gain":0,"max_hp_loss":0,"event_name":"Golden Idol","floor":13,"gold_loss":0},{"cards_removed":["Strike_B"],"damage_healed":0,"gold_gain":0,"player_choice":"Purged","damage_taken":0,"max_hp_gain":0,"max_hp_loss":0,"event_name":"Purifier","floor":14,"gold_loss":0},{"damage_healed":0,"gold_gain":0,"player_choice":"Became a vampire","damage_taken":0,"max_hp_gain":0,"max_hp_loss":25,"event_name":"Vampires","floor":22,"gold_loss":0,"cards_obtained":["Bite","Bite","Bite","Bite","Bite"]},{"damage_healed":19,"gold_gain":0,"player_choice":"Heal","damage_taken":0,"max_hp_gain":0,"max_hp_loss":0,"event_name":"The Library","floor":27,"gold_loss":0},{"damage_healed":0,"gold_gain":0,"player_choice":"Memory 2","damage_taken":5,"max_hp_gain":0,"max_hp_loss":0,"event_name":"SensoryStone","floor":36,"gold_loss":0},{"damage_healed":0,"gold_gain":0,"player_choice":"Fight","damage_taken":0,"max_hp_gain":0,"max_hp_loss":0,"event_name":"MindBloom","floor":38,"gold_loss":0},{"damage_healed":0,"gold_gain":0,"player_choice":"Fight","damage_taken":0,"max_hp_gain":0,"max_hp_loss":0,"event_name":"Mysterious Sphere","floor":39,"gold_loss":0}],"is_beta":false,"boss_relics":[{"not_picked":["Fusion Hammer","FrozenCore"],"picked":"Coffee Dripper"},{"not_picked":["Sozu","Runic Dome"],"picked":"Lizard Tail"}],"items_purged_floors":[],"is_endless":false,"potions_floor_spawned":[1,3,5,10,12,16,18,31,33,38,45,47,48],"ascension_level":2}