{"gold_per_floor":[116,44,63,13,32,32,67,67,67,84,99,99,116,131,131,131],"floor_reached":16,"playtime":640,"items_purged":[],"score":135,"play_id":"444ceae0-3e46-4394-b3e7-f9f50a9d5b79","local_time":"20191002211850","is_ascension_mode":true,"campfire_choices":[{"data":"Eruption","floor":6,"key":"SMITH"},{"data":"TalkToTheHand","floor":12,"key":"SMITH"},{"data":"CrushJoints","floor":15,"key":"SMITH"}],"neow_cost":"NONE","seed_source_timestamp":679446768160500,"circlet_count":0,"master_deck":["Strike_P","Strike_P","Defend_P","Defend_P","Defend_P","Eruption+1","Vigilance","TalkToTheHand+1","BowlingBash","Wireheading","Sanctity","Indignation","FearNoEvil","EmptyBody","Collect","CrushJoints+1","FollowUp"],"relics":["PureWater","Bottled Tornado","Ancient Tea Set"],"potions_floor_usage":[10],"damage_taken":[{"damage":2,"enemies":"Jaw Worm","floor":1,"turns":4},{"damage":7,"enemies":"2 Louse","floor":3,"turns":2},{"damage":10,"enemies":"Cultist","floor":5,"turns":3},{"damage":27,"enemies":"Gremlin Nob","floor":7,"turns":4},{"damage":18,"enemies":"Lots of Slimes","floor":10,"turns":3},{"damage":40,"enemies":"Exordium Wildlife","floor":11,"turns":4},{"damage":0,"enemies":"2 Fungi Beasts","floor":13,"turns":2},{"damage":0,"enemies":"3 Louse","floor":14,"turns":3},{"damage":19,"enemies":"Slime Boss","floor":16,"turns":5}],"seed_played":"482573747903517113","potions_obtained":[{"floor":7,"key":"Ambrosia"},{"floor":10,"key":"FairyPotion"},{"floor":14,"key":"Dexterity Potion"}],"is_trial":false,"path_per_floor":["M","$","M","?","M","R","E","?","T","M","M","R","M","M","R","B"],"character_chosen":"WATCHER","items_purchased":["Wireheading"],"campfire_rested":0,"item_purchase_floors":[2],"current_hp_per_floor":[63,63,56,56,46,46,19,19,19,1,5,5,5,5,5,0],"gold":131,"neow_bonus":"TRANSFORM_CARD","is_prod":false,"is_daily":false,"chose_seed":false,"campfire_upgraded":3,"win_rate":0,"timestamp":1570065530,"path_taken":["M","$","M","?","M","R","E","?","T","?","M","R","?","M","R","BOSS"],"build_version":"2019-10-02","purchased_purges":0,"victory":false,"max_hp_per_floor":[72,72,72,72,72,72,72,72,72,72,72,72,72,72,72,72],"card_choices":[{"not_picked":["Halt","FollowUp"],"picked":"BowlingBash","floor":1},{"not_picked":["Meditate","Protect"],"picked":"Sanctity","floor":3},{"not_picked":["Protect","Fasting2"],"picked":"Indignation","floor":5},{"not_picked":["DeceiveReality","ThirdEye"],"picked":"FearNoEvil","floor":7},{"not_picked":["EmptyFist","FlyingSleeves"],"picked":"EmptyBody","floor":10},{"not_picked":["Conclude","FlyingSleeves"],"picked":"Collect","floor":11},{"not_picked":["Sanctity","Establishment"],"picked":"CrushJoints","floor":13},{"not_picked":["SashWhip","FlyingSleeves"],"picked":"FollowUp","floor":14}],"player_experience":1207259,"relics_obtained":[{"floor":7,"key":"Bottled Tornado"},{"floor":9,"key":"Ancient Tea Set"}],"event_choices":[{"cards_removed":["Defend_P"],"damage_healed":0,"gold_gain":0,"player_choice":"Card Removal","damage_taken":0,"max_hp_gain":0,"max_hp_loss":0,"event_name":"The Cleric","floor":4,"gold_loss":50},{"cards_removed":["Strike_P"],"damage_healed":0,"gold_gain":0,"player_choice":"Offered Basic","damage_taken":0,"max_hp_gain":0,"max_hp_loss":0,"event_name":"Bonfire Elementals","floor":8,"gold_loss":0}],"is_beta":true,"boss_relics":[],"items_purged_floors":[],"is_endless":false,"potions_floor_spawned":[7,10,14],"killed_by":"Slime Boss","ascension_level":6}