{"gold_per_floor":[113,288,363,73,73,104,116,133,133,163,174,174,207,207,207,279,279,293,293,293,312,26,52,52,65,112,112,140,140,140,140,140,219,219,229,129,147,164,74,74,99,119,172,172,187,201,151,169,169,169],"floor_reached":51,"playtime":3619,"items_purged":["Doubt","Bite","Defend_P"],"score":1314,"play_id":"1468fbc8-e45c-4fb8-9693-6c37003e0514","local_time":"20191011123030","is_ascension_mode":true,"campfire_choices":[{"data":"Eruption","floor":12.0,"key":"SMITH"},{"data":"TalkToTheHand","floor":15.0,"key":"SMITH"},{"data":"Wireheading","floor":24.0,"key":"SMITH"},{"data":"Ragnarok","floor":27.0,"key":"SMITH"},{"data":"Nirvana","floor":29.0,"key":"SMITH"},{"floor":32.0,"key":"REST"},{"floor":40.0,"key":"DIG"},{"floor":44.0,"key":"DIG"},{"floor":49.0,"key":"REST"}],"neow_cost":"PERCENT_DAMAGE","seed_source_timestamp":0,"circlet_count":0,"master_deck":["AscendersBane","Defend_P","Defend_P","Eruption+1","Vigilance","Judgement","InnerPeace","CutThroughFate+1","Indignation","Trip","Nirvana+1","Scrawl+1","FlurryOfBlows","Ragnarok+1","TalkToTheHand+1","Consecrate","Vengeance","DeusExMachina","EmptyMind+1","Wireheading+1","DevaForm","JustLucky+1","Bite","Bite","Bite","Bite","Vault","JustLucky"],"special_seed":0,"relics":["PureWater","Pocketwatch","Sundial","Meat on the Bone","Shovel","Runic Pyramid","Mercury Hourglass","Strawberry","Whetstone","StrikeDummy","Singing Bowl","Sozu","White Beast Statue","Darkstone Periapt","PreservedInsect","Smiling Mask"],"potions_floor_usage":[],"damage_taken":[{"damage":2.0,"enemies":"Jaw Worm","floor":1.0,"turns":3.0},{"damage":10.0,"enemies":"3 Sentries","floor":6.0,"turns":7.0},{"damage":0.0,"enemies":"Cultist","floor":7.0,"turns":2.0},{"damage":0.0,"enemies":"Small Slimes","floor":8.0,"turns":2.0},{"damage":0.0,"enemies":"Gremlin Nob","floor":10.0,"turns":2.0},{"damage":1.0,"enemies":"2 Fungi Beasts","floor":11.0,"turns":2.0},{"damage":0.0,"enemies":"Lagavulin","floor":13.0,"turns":3.0},{"damage":13.0,"enemies":"The Guardian","floor":16.0,"turns":9.0},{"damage":3.0,"enemies":"Chosen","floor":18.0,"turns":3.0},{"damage":0.0,"enemies":"Spheric Guardian","floor":21.0,"turns":1.0},{"damage":0.0,"enemies":"Gremlin Leader","floor":23.0,"turns":4.0},{"damage":6.0,"enemies":"Snake Plant","floor":25.0,"turns":3.0},{"damage":45.0,"enemies":"Book of Stabbing","floor":28.0,"turns":5.0},{"damage":30.0,"enemies":"Automaton","floor":33.0,"turns":7.0},{"damage":3.0,"enemies":"Orb Walker","floor":35.0,"turns":2.0},{"damage":34.0,"enemies":"3 Darklings","floor":37.0,"turns":5.0},{"damage":19.0,"enemies":"4 Shapes","floor":38.0,"turns":8.0},{"damage":26.0,"enemies":"Reptomancer","floor":41.0,"turns":7.0},{"damage":31.0,"enemies":"Writhing Mass","floor":42.0,"turns":6.0},{"damage":17.0,"enemies":"Maw","floor":45.0,"turns":6.0},{"damage":0.0,"enemies":"Transient","floor":46.0,"turns":6.0},{"damage":36.0,"enemies":"4 Shapes","floor":48.0,"turns":5.0},{"damage":79,"enemies":"Donu and Deca","floor":50,"turns":9}],"seed_played":"-4371354930997638718","potions_obtained":[{"floor":7.0,"key":"BottledMiracle"},{"floor":10.0,"key":"LiquidBronze"},{"floor":11.0,"key":"GamblersBrew"},{"floor":21.0,"key":"StancePotion"},{"floor":33.0,"key":"StancePotion"}],"is_trial":false,"path_per_floor":["M","?","?","$","?","E","M","M","T","E","M","R","E","?","R","B",null,"M","?","?","M","$","E","R","M","T","R","E","R","?","T","R","B",null,"M","$","M","M","?","R","E","M","T","R","M","M","$","M","R","B",null],"character_chosen":"WATCHER","items_purchased":["CutThroughFate","Indignation","Trip","Wireheading","Mercury Hourglass"],"campfire_rested":2,"item_purchase_floors":[4,4,4,22,22],"current_hp_per_floor":[41,41,30,30,30,20,20,20,20,20,31,31,43,48,48,47,67,64,51,51,51,51,58,58,52,52,52,19,19,19,19,36,38,54,57,57,39,40,40,40,44,43,43,43,38,56,56,40,61,20],"gold":169,"neow_bonus":"THREE_RARE_CARDS","is_prod":false,"is_daily":false,"chose_seed":false,"campfire_upgraded":5,"win_rate":0,"timestamp":1570811430,"path_taken":["M","?","?","$","?","E","?","?","T","E","M","R","E","?","R","BOSS","M","?","?","M","$","E","R","?","T","R","E","R","?","?","R","BOSS","M","$","M","M","?","R","E","?","T","R","M","M","$","M","R","BOSS"],"build_version":"2019-10-10","purchased_purges":3,"victory":true,"max_hp_per_floor":[68,68,68,68,68,68,68,68,68,68,68,68,68,73,73,73,73,73,78,78,78,78,85,85,85,85,85,85,85,59,59,59,59,59,61,61,63,63,63,63,65,67,67,67,69,71,71,73,73,73],"card_choices":[{"not_picked":["Alpha","Brilliance"],"picked":"Judgement","floor":0.0},{"not_picked":["PathToVictory","EmptyMind"],"picked":"InnerPeace","floor":1.0},{"not_picked":["Fasting2","Omniscience"],"picked":"Nirvana","floor":6.0},{"not_picked":["Protect","Prostrate"],"picked":"Scrawl","floor":7.0},{"not_picked":["Meditate","CrushJoints"],"picked":"FlurryOfBlows","floor":8.0},{"not_picked":["Evaluate","CutThroughFate"],"picked":"Ragnarok","floor":10.0},{"not_picked":["CrushJoints","Scrawl","SignatureMove"],"picked":"SKIP","floor":11.0},{"not_picked":["EmptyBody","Flick"],"picked":"TalkToTheHand","floor":13.0},{"not_picked":["Conclude","ClearTheMind"],"picked":"Consecrate","floor":18.0},{"not_picked":["Worship","WheelKick"],"picked":"EmptyMind+1","floor":21.0},{"not_picked":["FlurryOfBlows","Establishment"],"picked":"DevaForm","floor":23.0},{"not_picked":["CarveReality","CrushJoints","MentalFortress"],"picked":"SKIP","floor":25.0},{"not_picked":["Fasting2","BowlingBash"],"picked":"JustLucky+1","floor":28.0},{"not_picked":["DevaForm","Establishment"],"picked":"Vault","floor":33.0},{"not_picked":["FollowUp","Prostrate","Flick"],"picked":"Singing Bowl","floor":35.0},{"not_picked":["FlyingSleeves","Crescendo+1","SashWhip"],"picked":"Singing Bowl","floor":37.0},{"not_picked":["InnerPeace","Consecrate"],"picked":"JustLucky","floor":38.0},{"not_picked":["Sanctity","CutThroughFate","Flick"],"picked":"Singing Bowl","floor":41.0},{"not_picked":["ReachHeaven","Vengeance","CrushJoints+1"],"picked":"Singing Bowl","floor":42.0},{"not_picked":["Flick","ClearTheMind","Wireheading+1"],"picked":"Singing Bowl","floor":45.0},{"not_picked":["DeusExMachina","SignatureMove","ThirdEye"],"picked":"Singing Bowl","floor":46.0},{"not_picked":["SashWhip","BowlingBash+1","MentalFortress"],"picked":"Singing Bowl","floor":48.0}],"player_experience":1290872,"relics_obtained":[{"floor":6.0,"key":"Pocketwatch"},{"floor":9.0,"key":"Sundial"},{"floor":10.0,"key":"Meat on the Bone"},{"floor":13.0,"key":"Shovel"},{"floor":23.0,"key":"Strawberry"},{"floor":26.0,"key":"Whetstone"},{"floor":28.0,"key":"StrikeDummy"},{"floor":31.0,"key":"Singing Bowl"},{"floor":40.0,"key":"White Beast Statue"},{"floor":41.0,"key":"Darkstone Periapt"},{"floor":43.0,"key":"PreservedInsect"},{"floor":44.0,"key":"Smiling Mask"}],"event_choices":[{"damage_healed":0.0,"max_hp_gain":0.0,"max_hp_loss":0.0,"gold_gain":175.0,"event_name":"Liars Game","player_choice":"AGREE","floor":2.0,"gold_loss":0.0,"damage_taken":0.0,"cards_obtained":["Doubt"]},{"damage_healed":0.0,"max_hp_gain":0.0,"max_hp_loss":0.0,"gold_gain":75.0,"event_name":"World of Goop","player_choice":"Gather Gold","floor":3.0,"gold_loss":0.0,"damage_taken":11.0},{"cards_removed":["Strike_P"],"damage_healed":0.0,"max_hp_gain":0.0,"max_hp_loss":0.0,"gold_gain":0.0,"event_name":"Purifier","player_choice":"Purged","floor":5.0,"gold_loss":0.0,"damage_taken":0.0},{"damage_healed":0.0,"max_hp_gain":5.0,"max_hp_loss":0.0,"gold_gain":0.0,"event_name":"Big Fish","player_choice":"Donut","floor":14.0,"gold_loss":0.0,"damage_taken":0.0},{"damage_healed":0.0,"max_hp_gain":5.0,"max_hp_loss":0.0,"gold_gain":0.0,"event_name":"Forgotten Altar","player_choice":"Shed Blood","floor":19.0,"gold_loss":0.0,"damage_taken":18.0},{"damage_healed":0.0,"max_hp_gain":0.0,"max_hp_loss":0.0,"gold_gain":0.0,"event_name":"Match and Keep!","player_choice":"2 cards matched","floor":20.0,"gold_loss":0.0,"damage_taken":0.0,"cards_obtained":["Vengeance","DeusExMachina"]},{"damage_healed":0.0,"max_hp_gain":0.0,"max_hp_loss":26.0,"gold_gain":0.0,"event_name":"Vampires","player_choice":"Became a vampire","floor":30.0,"gold_loss":0.0,"damage_taken":0.0,"cards_obtained":["Bite","Bite","Bite","Bite","Bite"]},{"cards_removed":["Defend_P"],"damage_healed":0.0,"max_hp_gain":0.0,"max_hp_loss":0.0,"gold_gain":0.0,"event_name":"Designer","player_choice":"Upgrade and Remove","floor":39.0,"gold_loss":90.0,"damage_taken":0.0,"cards_upgraded":["Scrawl"]}],"is_beta":true,"boss_relics":[{"not_picked":["HolyWater","Tiny House"],"picked":"Runic Pyramid"},{"not_picked":["Black Star","Runic Dome"],"picked":"Sozu"}],"items_purged_floors":[4,36,47],"is_endless":false,"potions_floor_spawned":[7,10,11,21,33,37,41,42,45,46,48],"ascension_level":14}