{"gold_per_floor":[110,120,21,41,59,90,90,121,144,171,183,12,12,25,25,130,130,147,160,172,186,7,7,36,36,60,60,60,60,60,79,79,180,180,193,213,213,230,244,277,277,290,290,323,335,367,367,381,381,381,381,381,13,46,46],"floor_reached":56,"playtime":3398,"items_purged":["Strike_B","Strike_B","Strike_B"],"score":1368,"play_id":"a9586e95-35bb-4aeb-9f78-2a03366ca607","local_time":"20191017220417","is_ascension_mode":true,"campfire_choices":[{"data":"Defragment","floor":7,"key":"SMITH"},{"floor":15,"key":"REST"},{"data":"Defragment","floor":23,"key":"SMITH"},{"data":"Self Repair","floor":27,"key":"SMITH"},{"floor":32,"key":"REST"},{"floor":41,"key":"REST"},{"floor":47,"key":"RECALL"},{"data":"Echo Form","floor":49,"key":"SMITH"},{"data":"Rainbow","floor":52,"key":"SMITH"}],"neow_cost":"NONE","seed_source_timestamp":2944362318800,"circlet_count":0,"master_deck":["Strike_B","Defend_B","Defend_B","Defend_B","Defend_B","Zap","Dualcast","Coolheaded","Go for the Eyes","Barrage","Glacier","Defragment+1","Conserve Battery","Compile Driver","Coolheaded","Cold Snap","Hologram","Compile Driver","Echo Form+1","Conserve Battery","Defragment+1","Barrage","Electrodynamics","Self Repair+1","Static Discharge","Ball Lightning","Seek","FTL","White Noise+1","Blizzard","Go for the Eyes+1","White Noise+1","Rainbow+1","Ball Lightning","Biased Cognition"],"relics":["Cracked Core","Bottled Flame","Omamori","Potion Belt","Odd Mushroom","Orichalcum","WarpedTongs","Bag of Marbles","Question Card","FossilizedHelix","Strawberry","Ancient Tea Set","Nloth\u0027s Gift","Philosopher\u0027s Stone","CaptainsWheel","Bottled Lightning","Incense Burner","Bird Faced Urn","Runic Capacitor","Pen Nib"],"potions_floor_usage":[8,19,35,40,40,46,55,55],"damage_taken":[{"damage":0,"enemies":"Cultist","floor":1,"turns":3},{"damage":7,"enemies":"Jaw Worm","floor":2,"turns":4},{"damage":13,"enemies":"Small Slimes","floor":4,"turns":3},{"damage":0,"enemies":"Looter","floor":5,"turns":3},{"damage":14,"enemies":"3 Sentries","floor":6,"turns":9},{"damage":6,"enemies":"Gremlin Nob","floor":8,"turns":4},{"damage":1,"enemies":"The Mushroom Lair","floor":10,"turns":6},{"damage":0,"enemies":"2 Fungi Beasts","floor":11,"turns":3},{"damage":0,"enemies":"Red Slaver","floor":14,"turns":4},{"damage":23,"enemies":"The Guardian","floor":16,"turns":13},{"damage":11,"enemies":"Chosen","floor":18,"turns":5},{"damage":0,"enemies":"Shell Parasite","floor":19,"turns":7},{"damage":12,"enemies":"Centurion and Healer","floor":20,"turns":8},{"damage":0,"enemies":"Snecko","floor":21,"turns":7},{"damage":29,"enemies":"Book of Stabbing","floor":24,"turns":7},{"damage":0,"enemies":"Sentry and Sphere","floor":31,"turns":6},{"damage":19,"enemies":"Automaton","floor":33,"turns":10},{"damage":16,"enemies":"3 Darklings","floor":35,"turns":8},{"damage":9,"enemies":"Orb Walker","floor":36,"turns":3},{"damage":22,"enemies":"Writhing Mass","floor":38,"turns":9},{"damage":24,"enemies":"Spire Growth","floor":39,"turns":7},{"damage":31,"enemies":"Reptomancer","floor":40,"turns":10},{"damage":0,"enemies":"Jaw Worm Horde","floor":42,"turns":1},{"damage":4,"enemies":"Giant Head","floor":44,"turns":10},{"damage":32,"enemies":"4 Shapes","floor":45,"turns":4},{"damage":5,"enemies":"Nemesis","floor":46,"turns":7},{"damage":0,"enemies":"Maw","floor":48,"turns":10},{"damage":47,"enemies":"Donu and Deca","floor":50,"turns":10},{"damage":41,"enemies":"Shield and Spear","floor":54,"turns":4},{"damage":73,"enemies":"The Heart","floor":55,"turns":11}],"seed_played":"5490539438095728451","potions_obtained":[{"floor":1,"key":"Dexterity Potion"},{"floor":5,"key":"SteroidPotion"},{"floor":11,"key":"Swift Potion"},{"floor":18,"key":"LiquidBronze"},{"floor":24,"key":"LiquidBronze"},{"floor":33,"key":"PowerPotion"},{"floor":35,"key":"Ancient Potion"},{"floor":45,"key":"SpeedPotion"},{"floor":46,"key":"FearPotion"},{"floor":48,"key":"DuplicationPotion"}],"is_trial":false,"path_per_floor":["M","M","$","M","M","E","R","E","T","?","M","$","?","M","R","B",null,"M","M","M","M","$","R","E","$","T","R","?","?","?","M","R","B",null,"M","M","T","M","M","E","R","M","T","E","M","E","R","M","R","B",null,"R","$","E","B",null],"character_chosen":"DEFECT","items_purchased":["Barrage","Orichalcum","Hologram","Self Repair","Runic Capacitor","Ball Lightning","Weak Potion"],"campfire_rested":3,"item_purchase_floors":[3,12,12,22,53,53,53],"current_hp_per_floor":[82,75,75,62,62,48,48,42,42,41,41,41,41,41,65,42,82,71,71,59,59,59,59,44,44,44,44,44,44,44,44,70,51,89,83,84,84,72,58,37,63,73,73,89,77,89,89,89,89,52,89,89,89,62,11],"gold":46,"neow_bonus":"TEN_PERCENT_HP_BONUS","is_prod":false,"is_daily":false,"chose_seed":false,"campfire_upgraded":5,"win_rate":0,"timestamp":1571364257,"path_taken":["M","M","$","M","?","E","R","E","T","?","M","$","?","M","R","BOSS","M","?","M","M","$","R","E","$","T","R","?","?","?","M","R","BOSS","M","M","?","M","M","E","R","M","T","E","?","E","R","M","R","BOSS","R","$","E","BOSS"],"build_version":"2019-10-17","purchased_purges":3,"victory":true,"max_hp_per_floor":[82,82,82,82,82,82,82,82,82,82,82,82,82,82,82,82,82,82,82,82,82,82,82,89,89,89,89,89,89,89,89,89,89,89,89,89,89,89,89,89,89,89,89,89,89,89,89,89,89,89,89,89,89,89,89],"card_choices":[{"not_picked":["Melter","Compile Driver"],"picked":"Coolheaded","floor":1},{"not_picked":["Melter","Gash"],"picked":"Go for the Eyes","floor":2},{"not_picked":["Beam Cell","Rebound"],"picked":"Glacier","floor":4},{"not_picked":["Coolheaded","Steam"],"picked":"Defragment","floor":5},{"not_picked":["Leap","Skim"],"picked":"Conserve Battery","floor":6},{"not_picked":["Heatsinks","Go for the Eyes"],"picked":"Compile Driver","floor":8},{"not_picked":["Redo","Force Field"],"picked":"Coolheaded","floor":10},{"not_picked":["Gash","Stack"],"picked":"Cold Snap","floor":11},{"not_picked":["Auto Shields","Aggregate"],"picked":"Compile Driver","floor":14},{"not_picked":["Rainbow","Meteor Strike"],"picked":"Echo Form","floor":16},{"not_picked":["Storm","Stack","Cold Snap"],"picked":"Conserve Battery","floor":18},{"not_picked":["Go for the Eyes","Conserve Battery+1","Barrage"],"picked":"Defragment","floor":19},{"not_picked":["Undo","Sweeping Beam","Steam"],"picked":"Barrage","floor":20},{"not_picked":["Hologram+1","Stack","Sweeping Beam"],"picked":"Electrodynamics","floor":21},{"not_picked":["Turbo","Coolheaded+1","Cold Snap"],"picked":"Static Discharge","floor":24},{"not_picked":["Turbo","Compile Driver","Sweeping Beam+1","Hologram"],"picked":"SKIP","floor":31},{"not_picked":["Thunder Strike","Buffer","All For One"],"picked":"Seek","floor":33},{"not_picked":["Redo","Rebound","Beam Cell+1"],"picked":"FTL","floor":35},{"not_picked":["Conserve Battery","Cold Snap","Doom and Gloom","Darkness"],"picked":"SKIP","floor":36},{"not_picked":["Turbo+1","Glacier+1","Steam"],"picked":"White Noise+1","floor":38},{"not_picked":["Lockon","Self Repair","Coolheaded+1"],"picked":"Blizzard","floor":39},{"not_picked":["Multi-Cast","Storm+1","Beam Cell"],"picked":"Go for the Eyes+1","floor":40},{"not_picked":["Consume","Conserve Battery","Leap","Turbo"],"picked":"SKIP","floor":42},{"not_picked":["BootSequence+1","Core Surge","Streamline+1"],"picked":"White Noise+1","floor":44},{"not_picked":["Genetic Algorithm+1","Turbo","Compile Driver"],"picked":"Rainbow","floor":45},{"not_picked":["Sweeping Beam","Double Energy","Hologram","BootSequence+1"],"picked":"SKIP","floor":46},{"not_picked":["White Noise","Hologram+1","Doom and Gloom+1","Skim+1"],"picked":"SKIP","floor":48},{"not_picked":["Chaos+1","Tempest","Leap"],"picked":"Biased Cognition","floor":54}],"player_experience":116319,"relics_obtained":[{"floor":6,"key":"Bottled Flame"},{"floor":8,"key":"Omamori"},{"floor":9,"key":"Potion Belt"},{"floor":10,"key":"Odd Mushroom"},{"floor":17,"key":"Bag of Marbles"},{"floor":17,"key":"Question Card"},{"floor":17,"key":"FossilizedHelix"},{"floor":24,"key":"Strawberry"},{"floor":26,"key":"Ancient Tea Set"},{"floor":40,"key":"CaptainsWheel"},{"floor":43,"key":"Bottled Lightning"},{"floor":44,"key":"Incense Burner"},{"floor":46,"key":"Bird Faced Urn"},{"floor":54,"key":"Pen Nib"}],"event_choices":[{"damage_healed":0,"gold_gain":0,"player_choice":"Fought Mushrooms","damage_taken":0,"max_hp_gain":0,"max_hp_loss":0,"event_name":"Mushrooms","floor":10,"gold_loss":0},{"damage_healed":0,"gold_gain":0,"player_choice":"Rummage","damage_taken":0,"relics_obtained":["WarpedTongs"],"max_hp_gain":0,"max_hp_loss":0,"event_name":"Accursed Blacksmith","floor":13,"gold_loss":0,"cards_obtained":["Pain"]},{"damage_healed":0,"gold_gain":0,"player_choice":"Read","damage_taken":0,"max_hp_gain":0,"max_hp_loss":0,"event_name":"The Library","floor":28,"gold_loss":0,"cards_obtained":["Ball Lightning"]},{"damage_healed":0,"gold_gain":0,"player_choice":"Ignored","damage_taken":0,"max_hp_gain":0,"max_hp_loss":0,"event_name":"Vampires","floor":29,"gold_loss":0},{"damage_healed":0,"gold_gain":0,"player_choice":"Traded Relic","damage_taken":0,"relics_obtained":["Nloth\u0027s Gift"],"max_hp_gain":0,"max_hp_loss":0,"event_name":"N\u0027loth","floor":30,"relics_lost":["Calling Bell"],"gold_loss":0}],"is_beta":true,"boss_relics":[{"not_picked":["Velvet Choker","Nuclear Battery"],"picked":"Calling Bell"},{"not_picked":["Sozu","FrozenCore"],"picked":"Philosopher\u0027s Stone"}],"items_purged_floors":[3,22,53],"is_endless":false,"potions_floor_spawned":[1,5,11,18,24,33,35,45,46,48],"ascension_level":2}