{"gold_per_floor":[118,118,43,43,56,56,84,102,102,102,120,137,137,148,148,148],"floor_reached":16,"playtime":498,"items_purged":["Strike_R"],"score":184,"play_id":"4f5ef608-6747-4007-9926-1990ec446d98","local_time":"20190116045126","is_ascension_mode":true,"campfire_choices":[{"data":"Bash","floor":6.0,"key":"SMITH"},{"data":"Shrug It Off","floor":10.0,"key":"SMITH"},{"data":"Shrug It Off","floor":13.0,"key":"SMITH"},{"data":"Defend_R","floor":15.0,"key":"SMITH"}],"neow_cost":"NONE","seed_source_timestamp":290592846366729,"circlet_count":0,"master_deck":["AscendersBane","Strike_R+1","Strike_R","Strike_R+1","Strike_R","Defend_R","Defend_R","Defend_R","Defend_R+1","Bash+1","Shrug It Off+1","Shrug It Off+1"],"special_seed":0,"relics":["Burning Blood","CultistMask","Sundial","Self Forming Clay"],"potions_floor_usage":[16],"damage_taken":[{"damage":10.0,"enemies":"Small Slimes","floor":1.0,"turns":4.0},{"damage":1.0,"enemies":"Cultist","floor":5.0,"turns":4.0},{"damage":32.0,"enemies":"Gremlin Nob","floor":7.0,"turns":4.0},{"damage":7.0,"enemies":"2 Louse","floor":8.0,"turns":4.0},{"damage":19.0,"enemies":"Large Slime","floor":11.0,"turns":13.0},{"damage":6.0,"enemies":"Looter","floor":12.0,"turns":3.0},{"damage":0.0,"enemies":"Blue Slaver","floor":14.0,"turns":4.0},{"damage":36,"enemies":"The Guardian","floor":16,"turns":2}],"seed_played":"6732320208949288396","potions_obtained":[{"floor":1.0,"key":"Swift Potion"},{"floor":8.0,"key":"SkillPotion"},{"floor":12.0,"key":"Dexterity Potion"}],"is_trial":false,"path_per_floor":["M","?","$","?","M","R","E","M","T","R","M","M","R","M","R","B"],"character_chosen":"IRONCLAD","items_purchased":[],"campfire_rested":0,"item_purchase_floors":[],"current_hp_per_floor":[71,46,46,46,51,51,25,24,24,24,11,11,11,17,17,0],"gold":148,"neow_bonus":"TEN_PERCENT_HP_BONUS","is_prod":false,"is_daily":false,"chose_seed":false,"campfire_upgraded":4,"win_rate":0,"timestamp":1547610686,"path_taken":["M","?","$","?","M","R","E","M","T","R","M","M","R","M","R","BOSS"],"build_version":"2019-01-10","purchased_purges":1,"victory":false,"max_hp_per_floor":[82,82,82,82,82,82,82,82,82,82,82,82,82,82,82,82],"card_choices":[{"not_picked":["Entrench","Flex","Sentinel"],"picked":"SKIP","floor":1.0},{"not_picked":["Power Through","Iron Wave"],"picked":"Shrug It Off","floor":5.0},{"not_picked":["Hemokinesis","Rupture","Thunderclap"],"picked":"SKIP","floor":7.0},{"not_picked":["Warcry","Iron Wave"],"picked":"Shrug It Off","floor":8.0},{"not_picked":["Flex","Clothesline","Twin Strike"],"picked":"SKIP","floor":11.0},{"not_picked":["Reckless Charge","Clash","Corruption"],"picked":"SKIP","floor":12.0},{"not_picked":["Corruption","Cleave","Thunderclap"],"picked":"SKIP","floor":14.0},{"not_picked":["Corruption","Cleave","Thunderclap"],"picked":"SKIP","floor":14.0}],"player_experience":507674,"relics_obtained":[{"floor":7.0,"key":"Sundial"},{"floor":9.0,"key":"Self Forming Clay"}],"event_choices":[{"damage_healed":0.0,"max_hp_gain":0.0,"max_hp_loss":0.0,"gold_gain":0.0,"event_name":"Shining Light","player_choice":"Entered Light","floor":2.0,"gold_loss":0.0,"damage_taken":25.0,"cards_upgraded":["Strike_R","Strike_R"]},{"damage_healed":0.0,"max_hp_gain":0.0,"max_hp_loss":0.0,"gold_gain":0.0,"event_name":"FaceTrader","player_choice":"Trade","floor":4.0,"gold_loss":0.0,"damage_taken":0.0,"relics_obtained":["CultistMask"]}],"is_beta":false,"boss_relics":[],"items_purged_floors":[3],"is_endless":false,"potions_floor_spawned":[1,8,12],"killed_by":"The Guardian","ascension_level":16}