{"gold_per_floor":[144,144,189,189,189,279,324,324,399,10,61,151,13,58,58,358,358,403,403,15,60,105,195,240,240,265,265,310,400,400,400,400,700,700,745,745,745,790,9,9,9,54,79,124,214,259,349,52,52,52],"floor_reached":51,"playtime":3318,"items_purged":["Regret","Shame"],"score":1003,"play_id":"5c85c770-040d-4a8c-85bd-119da04fb954","local_time":"20190906004312","daily_mods":["Insanity","ControlledChaos","Midas"],"is_ascension_mode":false,"campfire_choices":[{"floor":8,"key":"REST"},{"floor":15,"key":"REST"},{"floor":25,"key":"REST"},{"floor":27,"key":"REST"},{"floor":32,"key":"REST"},{"floor":40,"key":"REST"},{"data":"1","floor":49,"key":"LIFT"}],"neow_cost":"","seed_source_timestamp":0,"circlet_count":0,"master_deck":["Warcry","Disarm","Intimidate","Cleave","Searing Blow","Cleave","Corruption","Battle Trance","Disarm","Pommel Strike","Dual Wield","Battle Trance","Havoc","Body Slam","Seeing Red","Shrug It Off","Power Through","Entrench","Flame Barrier","Uppercut","Second Wind","Twin Strike","Infernal Blade","True Grit","Entrench","Flex","Iron Wave","Warcry","Sentinel","Hemokinesis","Sword Boomerang","Pummel","Blood for Blood","Twin Strike","Intimidate","Wild Strike","Rage+1","Disarm","Cleave","Burning Pact","Cleave","Dropkick","Reckless Charge+1","Pommel Strike","Heavy Blade","Feel No Pain","Corruption","Bloodletting","Cleave+1","Metallicize","Rage","Juggernaut","Pummel","Limit Break+1","Clothesline","Mayhem","Armaments","Burning Pact","Limit Break","Combust","Battle Trance","Rupture","Perfected Strike","Thunderclap+1","Shockwave","Offering","Pommel Strike","Doubt","Clothesline+1","Sentinel+1","Immolate","Dual Wield","Barricade","Evolve","Combust","Reaper","Feel No Pain","Flex","Madness","Madness","Metallicize+1","Rupture","Spot Weakness+1","Offering","Spot Weakness"],"special_seed":18145,"relics":["Black Blood","Frozen Eye","The Courier","Lantern","Potion Belt","Bottled Tornado","Membership Card","Kunai","Dream Catcher","War Paint","Bag of Marbles","Cursed Key","Boot","Champion Belt","Red Skull","Bottled Lightning","Paper Frog","Anchor","Ancient Tea Set","PreservedInsect","Magic Flower","Lee\u0027s Waffle","Gremlin Horn","Omamori","Pen Nib","Bronze Scales","Oddly Smooth Stone","Vajra","Bag of Preparation","Juzu Bracelet","Blood Vial","Whetstone","Girya","Pantograph","Meat on the Bone"],"potions_floor_usage":[23,29,33,33,38,46,50,50,50,50],"damage_taken":[{"damage":4,"enemies":"Small Slimes","floor":1,"turns":3},{"damage":0,"enemies":"Jaw Worm","floor":3,"turns":5},{"damage":29,"enemies":"Lagavulin","floor":6,"turns":7},{"damage":0,"enemies":"2 Louse","floor":7,"turns":2},{"damage":15,"enemies":"3 Sentries","floor":12,"turns":6},{"damage":7,"enemies":"Exordium Wildlife","floor":14,"turns":4},{"damage":24,"enemies":"The Guardian","floor":16,"turns":9},{"damage":3,"enemies":"Chosen","floor":18,"turns":6},{"damage":3,"enemies":"3 Byrds","floor":21,"turns":4},{"damage":13,"enemies":"3 Cultists","floor":22,"turns":4},{"damage":21,"enemies":"Book of Stabbing","floor":23,"turns":4},{"damage":19,"enemies":"Shelled Parasite and Fungi","floor":24,"turns":5},{"damage":6,"enemies":"Cultist and Chosen","floor":28,"turns":4},{"damage":3,"enemies":"Slavers","floor":29,"turns":3},{"damage":39,"enemies":"Collector","floor":33,"turns":5},{"damage":16,"enemies":"Orb Walker","floor":35,"turns":4},{"damage":1,"enemies":"3 Darklings","floor":38,"turns":4},{"damage":10,"enemies":"Spire Growth","floor":42,"turns":3},{"damage":21,"enemies":"Maw","floor":44,"turns":7},{"damage":3,"enemies":"Reptomancer","floor":45,"turns":2},{"damage":14,"enemies":"Transient","floor":46,"turns":5},{"damage":26,"enemies":"Nemesis","floor":47,"turns":7},{"damage":12,"enemies":"Awakened One","floor":50,"turns":6}],"seed_played":"8600713157366493565","potions_obtained":[{"floor":3,"key":"Dexterity Potion"},{"floor":6,"key":"Dexterity Potion"},{"floor":7,"key":"Ancient Potion"},{"floor":14,"key":"PowerPotion"},{"floor":16,"key":"Poison Potion"},{"floor":21,"key":"Strength Potion"},{"floor":24,"key":"AttackPotion"},{"floor":29,"key":"Poison Potion"},{"floor":33,"key":"Explosive Potion"},{"floor":38,"key":"BloodPotion"},{"floor":44,"key":"FearPotion"},{"floor":47,"key":"AttackPotion"}],"is_trial":false,"path_per_floor":["M","?","M","?","?","E","M","R","T","$","?","E","$","M","R","B",null,"M","?","$","M","M","E","M","R","T","R","M","E","?","T","R","B",null,"M","?","?","M","$","R","?","M","T","M","E","M","E","$","R","B",null],"character_chosen":"IRONCLAD","items_purchased":["Membership Card","Kunai","Dream Catcher","Limit Break","Mayhem","Bag of Marbles","Rupture","Perfected Strike","Boot","Champion Belt","Red Skull","Bottled Lightning","Magic Flower","Lee\u0027s Waffle","Gremlin Horn","Omamori","Pen Nib","Bronze Scales","Oddly Smooth Stone","Vajra","Bag of Preparation","Reaper","Feel No Pain","Juzu Bracelet","Pantograph","Spot Weakness","Meat on the Bone","PowerPotion"],"campfire_rested":6,"item_purchase_floors":[10,10,10,10,13,13,20,20,20,20,20,20,39,39,39,39,39,39,39,39,39,39,39,39,48,48,48,48],"current_hp_per_floor":[80,80,80,73,73,50,56,80,80,80,80,71,71,70,80,62,80,80,80,80,80,73,58,45,69,69,80,80,80,65,65,85,52,85,79,79,79,85,92,92,80,85,85,90,92,92,81,81,81,92],"gold":52,"neow_bonus":"","is_prod":false,"is_daily":true,"chose_seed":false,"campfire_upgraded":0,"win_rate":0,"timestamp":1567744992,"path_taken":["M","?","M","?","?","E","?","R","T","$","?","E","$","M","R","BOSS","M","?","$","M","?","E","M","R","T","R","M","E","?","?","R","BOSS","M","?","?","?","$","R","?","M","T","M","E","M","E","$","R","BOSS"],"build_version":"2019-07-17","purchased_purges":2,"victory":true,"max_hp_per_floor":[80,80,80,80,80,80,80,80,80,80,80,80,80,80,80,80,80,80,80,80,80,80,80,80,80,80,80,80,80,85,85,85,85,85,85,85,85,85,92,92,92,92,92,92,92,92,92,92,92,92],"card_choices":[{"not_picked":["Twin Strike","Havoc"],"picked":"Metallicize","floor":1},{"not_picked":["Power Through","Twin Strike"],"picked":"Rage","floor":3},{"not_picked":["Twin Strike","Havoc"],"picked":"Juggernaut","floor":6},{"not_picked":["Wild Strike","Body Slam"],"picked":"Pummel","floor":7},{"not_picked":["Blood for Blood","Reckless Charge"],"picked":"Clothesline","floor":12},{"not_picked":["Perfected Strike","Warcry"],"picked":"Armaments","floor":14},{"not_picked":["Iron Wave","True Grit"],"picked":"Burning Pact","floor":15},{"not_picked":["Double Tap","Immolate"],"picked":"Limit Break","floor":16},{"not_picked":["Uppercut","Rampage+1"],"picked":"Combust","floor":18},{"not_picked":["Iron Wave","Armaments"],"picked":"Thunderclap+1","floor":21},{"not_picked":["Heavy Blade+1","Pommel Strike+1"],"picked":"Shockwave","floor":22},{"not_picked":["Thunderclap","Iron Wave"],"picked":"Offering","floor":23},{"not_picked":["Armaments","Anger+1"],"picked":"Pommel Strike","floor":24},{"not_picked":["Battle Trance","Warcry"],"picked":"Clothesline+1","floor":27},{"not_picked":["Bloodletting+1","Iron Wave+1"],"picked":"Sentinel+1","floor":28},{"not_picked":["Bloodletting","Headbutt"],"picked":"Immolate","floor":29},{"not_picked":["Anger","Shrug It Off"],"picked":"Dual Wield","floor":32},{"not_picked":["Fiend Fire","Double Tap"],"picked":"Barricade","floor":33},{"not_picked":["Clash","Carnage"],"picked":"Evolve","floor":35},{"not_picked":["Headbutt","Warcry+1"],"picked":"Combust","floor":38},{"not_picked":["Dropkick","Warcry"],"picked":"Flex","floor":40},{"not_picked":["Reckless Charge+1","Twin Strike+1"],"picked":"Metallicize+1","floor":42},{"not_picked":["Pommel Strike","Thunderclap+1"],"picked":"Rupture","floor":44},{"not_picked":["Shockwave","Iron Wave+1"],"picked":"Spot Weakness+1","floor":45},{"not_picked":["Searing Blow+1","Hemokinesis+1"],"picked":"Offering","floor":46},{"not_picked":["Disarm+1","Wild Strike+1","Reaper"],"picked":"SKIP","floor":47}],"player_experience":58547,"relics_obtained":[{"floor":6,"key":"Potion Belt"},{"floor":9,"key":"Bottled Tornado"},{"floor":12,"key":"War Paint"},{"floor":23,"key":"Paper Frog"},{"floor":26,"key":"Anchor"},{"floor":29,"key":"Ancient Tea Set"},{"floor":31,"key":"PreservedInsect"},{"floor":43,"key":"Blood Vial"},{"floor":45,"key":"Whetstone"},{"floor":47,"key":"Girya"}],"event_choices":[{"damage_healed":0,"gold_gain":0,"player_choice":"Leave","damage_taken":0,"max_hp_gain":0,"max_hp_loss":0,"event_name":"The Cleric","floor":2,"gold_loss":0},{"damage_healed":0,"gold_gain":0,"player_choice":"Success","damage_taken":7,"relics_obtained":["The Courier"],"max_hp_gain":0,"max_hp_loss":0,"event_name":"Scrap Ooze","floor":4,"gold_loss":0},{"damage_healed":0,"gold_gain":0,"player_choice":"Box","damage_taken":0,"relics_obtained":["Lantern"],"max_hp_gain":0,"max_hp_loss":0,"event_name":"Big Fish","floor":5,"gold_loss":0,"cards_obtained":["Regret"]},{"damage_healed":0,"gold_gain":51,"player_choice":"Gained Gold","damage_taken":0,"max_hp_gain":0,"max_hp_loss":0,"event_name":"Golden Wing","floor":11,"gold_loss":0},{"damage_healed":0,"gold_gain":0,"cards_transformed":["Seeing Red"],"player_choice":"Transformed","damage_taken":0,"max_hp_gain":0,"max_hp_loss":0,"event_name":"Transmorgrifier","floor":19,"gold_loss":0,"cards_obtained":["Battle Trance"]},{"damage_healed":0,"gold_gain":0,"player_choice":"Shed Blood","damage_taken":20,"max_hp_gain":5,"max_hp_loss":0,"event_name":"Forgotten Altar","floor":30,"gold_loss":0},{"damage_healed":0,"gold_gain":0,"player_choice":"Ignored","damage_taken":0,"max_hp_gain":0,"max_hp_loss":0,"event_name":"Tomb of Lord Red Mask","floor":36,"gold_loss":0},{"damage_healed":0,"gold_gain":0,"player_choice":"Ignored","damage_taken":0,"max_hp_gain":0,"max_hp_loss":0,"event_name":"SecretPortal","floor":37,"gold_loss":0},{"damage_healed":0,"gold_gain":0,"player_choice":"Embrace Madness","damage_taken":12,"max_hp_gain":0,"max_hp_loss":0,"event_name":"Winding Halls","floor":41,"gold_loss":0,"cards_obtained":["Madness","Madness"]}],"is_beta":false,"boss_relics":[{"not_picked":["Runic Dome","Orrery"],"picked":"Cursed Key"},{"not_picked":["Empty Cage","Runic Pyramid"],"picked":"Black Blood"}],"items_purged_floors":[10,48],"is_endless":false,"potions_floor_spawned":[3,6,7,14,16,21,24,29,33,38,44,47],"ascension_level":0}