{"gold_per_floor":[109,34,109,109,125,125,155,165,189,209,209,259,288,68,68,145,145,160,175,100,100,112,112,131,2,28,28,42,42,42,42,42,121,121,140,140,158,58,76,108,128,128,155,180,193,193,193,193,193,193,193],"floor_reached":51,"playtime":2115,"items_purged":["Strike_R","Strike_R+1"],"score":1426,"play_id":"f401022e-489b-4580-9e7f-ccb489c2f809","local_time":"20190906214301","is_ascension_mode":true,"campfire_choices":[{"data":"Bash","floor":6.0,"key":"SMITH"},{"data":"Cleave","floor":11.0,"key":"SMITH"},{"data":"True Grit","floor":15.0,"key":"SMITH"},{"data":"Limit Break","floor":23.0,"key":"SMITH"},{"data":"Heavy Blade","floor":27.0,"key":"SMITH"},{"floor":32.0,"key":"REST"},{"floor":42.0,"key":"REST"},{"data":"Demon Form","floor":46.0,"key":"SMITH"},{"data":"Dual Wield","floor":49.0,"key":"SMITH"}],"neow_cost":"NONE","seed_source_timestamp":0,"circlet_count":0,"master_deck":["AscendersBane","Strike_R+1","Defend_R+1","Defend_R+1","Defend_R+1","Defend_R+1","Bash+1","Feel No Pain","Headbutt","Cleave+1","Shrug It Off","True Grit+1","Limit Break+1","Warcry","Havoc+1","True Grit+1","Sword Boomerang","Dark Embrace","Heavy Blade+1","Writhe","Corruption","Feed","Spot Weakness","Whirlwind","Demon Form+1","Second Wind+1","Parasite","Dual Wield+1","Uppercut+1","Doubt"],"special_seed":0,"relics":["Burning Blood","NeowsBlessing","Bronze Scales","Boot","Red Skull","Vajra","Cursed Key","Blood Vial","Snecko Eye","Juzu Bracelet","Art of War","Oddly Smooth Stone"],"potions_floor_usage":[],"damage_taken":[{"damage":0.0,"enemies":"Cultist","floor":1.0,"turns":1.0},{"damage":0.0,"enemies":"2 Louse","floor":5.0,"turns":1.0},{"damage":0.0,"enemies":"3 Sentries","floor":7.0,"turns":1.0},{"damage":4.0,"enemies":"Jaw Worm","floor":8.0,"turns":3.0},{"damage":0.0,"enemies":"2 Fungi Beasts","floor":10.0,"turns":2.0},{"damage":32.0,"enemies":"Gremlin Nob","floor":13.0,"turns":4.0},{"damage":36.0,"enemies":"Hexaghost","floor":16.0,"turns":9.0},{"damage":25.0,"enemies":"Shell Parasite","floor":18.0,"turns":5.0},{"damage":12.0,"enemies":"2 Thieves","floor":19.0,"turns":4.0},{"damage":0.0,"enemies":"Centurion and Healer","floor":22.0,"turns":4.0},{"damage":24.0,"enemies":"Snake Plant","floor":24.0,"turns":3.0},{"damage":20.0,"enemies":"Snecko","floor":28.0,"turns":5.0},{"damage":24.0,"enemies":"Champ","floor":33.0,"turns":8.0},{"damage":55.0,"enemies":"3 Darklings","floor":35.0,"turns":6.0},{"damage":0.0,"enemies":"3 Shapes","floor":37.0,"turns":7.0},{"damage":0.0,"enemies":"Spire Growth","floor":39.0,"turns":2.0},{"damage":24.0,"enemies":"Nemesis","floor":40.0,"turns":5.0},{"damage":20.0,"enemies":"4 Shapes","floor":41.0,"turns":4.0},{"damage":4.0,"enemies":"Giant Head","floor":44.0,"turns":5.0},{"damage":21.0,"enemies":"Sphere and 2 Shapes","floor":45.0,"turns":6.0},{"damage":70,"enemies":"Awakened One","floor":50,"turns":6},{"damage":48,"enemies":"Time Eater","floor":51,"turns":4}],"seed_played":"327723365478608400","potions_obtained":[{"floor":7.0,"key":"SpeedPotion"},{"floor":8.0,"key":"Energy Potion"},{"floor":16.0,"key":"Swift Potion"},{"floor":19.0,"key":"Explosive Potion"},{"floor":28.0,"key":"Strength Potion"},{"floor":39.0,"key":"AttackPotion"},{"floor":44.0,"key":"FairyPotion"}],"is_trial":false,"path_per_floor":["M","?","?","?","M","R","E","M","T","M","R","?","E","$","R","B",null,"M","M","?","?","M","R","M","$","T","R","M","$","?","?","R","B",null,"M","?","M","$","M","E","M","R","T","E","M","R","?","?","R","B","B"],"character_chosen":"IRONCLAD","items_purchased":["Vajra","True Grit","Heavy Blade"],"campfire_rested":2,"item_purchase_floors":[14,14,25],"current_hp_per_floor":[74,74,63,68,74,74,80,80,80,80,80,72,46,46,46,16,64,45,39,39,39,45,45,27,27,27,27,15,15,15,15,39,23,66,19,19,27,27,35,19,10,34,34,41,31,31,31,89,89,28,0],"gold":193,"neow_bonus":"THREE_ENEMY_KILL","is_prod":false,"is_daily":false,"chose_seed":false,"campfire_upgraded":7,"win_rate":0,"timestamp":1567820581,"path_taken":["M","?","?","?","M","R","E","M","T","M","R","?","E","$","R","BOSS","M","M","?","?","?","R","M","$","T","R","M","$","?","?","R","BOSS","M","?","M","$","M","E","M","R","T","E","M","R","?","?","R","BOSS","BOSS"],"build_version":"2019-07-17","purchased_purges":2,"victory":false,"max_hp_per_floor":[75,75,75,80,80,80,80,80,80,80,80,80,80,80,80,80,80,80,80,80,80,80,80,80,80,80,80,80,80,80,80,80,80,80,80,80,80,80,80,80,83,83,83,86,89,89,89,89,89,92,92],"card_choices":[{"not_picked":["Heavy Blade","Intimidate"],"picked":"Feel No Pain","floor":1.0},{"not_picked":["Havoc","Searing Blow"],"picked":"Headbutt","floor":5.0},{"not_picked":["Clash","Infernal Blade"],"picked":"Cleave","floor":7.0},{"not_picked":["Warcry","Cleave"],"picked":"Shrug It Off","floor":8.0},{"not_picked":["Sword Boomerang","Rage","Havoc"],"picked":"SKIP","floor":10.0},{"not_picked":["Power Through","Cleave","Wild Strike"],"picked":"SKIP","floor":13.0},{"not_picked":["Feed","Berserk"],"picked":"Limit Break","floor":16.0},{"not_picked":["Thunderclap","Havoc"],"picked":"Warcry","floor":18.0},{"not_picked":["Perfected Strike","Blood for Blood"],"picked":"Havoc+1","floor":19.0},{"not_picked":["Perfected Strike","Combust"],"picked":"Sword Boomerang","floor":22.0},{"not_picked":["Cleave","Headbutt"],"picked":"Dark Embrace","floor":24.0},{"not_picked":["Blood for Blood","Havoc"],"picked":"Corruption","floor":28.0},{"not_picked":["Juggernaut","Dark Embrace"],"picked":"Feed","floor":33.0},{"not_picked":["Power Through","Bloodletting"],"picked":"Spot Weakness","floor":35.0},{"not_picked":["Burning Pact","Rampage"],"picked":"Whirlwind","floor":37.0},{"not_picked":["Anger","Metallicize+1","True Grit"],"picked":"SKIP","floor":39.0},{"not_picked":["Twin Strike","Iron Wave"],"picked":"Demon Form","floor":40.0},{"not_picked":["Iron Wave","Warcry"],"picked":"Second Wind+1","floor":41.0},{"not_picked":["Shrug It Off","Iron Wave"],"picked":"Dual Wield","floor":44.0},{"not_picked":["Armaments","Burning Pact"],"picked":"Uppercut+1","floor":45.0}],"player_experience":991930,"relics_obtained":[{"floor":7.0,"key":"Bronze Scales"},{"floor":9.0,"key":"Boot"},{"floor":13.0,"key":"Red Skull"},{"floor":26.0,"key":"Blood Vial"},{"floor":40.0,"key":"Juzu Bracelet"},{"floor":43.0,"key":"Art of War"},{"floor":44.0,"key":"Oddly Smooth Stone"}],"event_choices":[{"cards_removed":["Strike_R"],"damage_healed":0.0,"max_hp_gain":0.0,"max_hp_loss":0.0,"gold_gain":0.0,"event_name":"The Cleric","player_choice":"Card Removal","floor":2.0,"gold_loss":75.0,"damage_taken":0.0},{"damage_healed":0.0,"max_hp_gain":0.0,"max_hp_loss":0.0,"gold_gain":75.0,"event_name":"World of Goop","player_choice":"Gather Gold","floor":3.0,"gold_loss":0.0,"damage_taken":11.0},{"damage_healed":0.0,"max_hp_gain":5.0,"max_hp_loss":0.0,"gold_gain":0.0,"event_name":"Big Fish","player_choice":"Donut","floor":4.0,"gold_loss":0.0,"damage_taken":0.0},{"damage_healed":0.0,"max_hp_gain":0.0,"max_hp_loss":0.0,"gold_gain":50.0,"event_name":"FaceTrader","player_choice":"Touch","floor":12.0,"gold_loss":0.0,"damage_taken":8.0},{"cards_removed":["Strike_R"],"damage_healed":0.0,"max_hp_gain":0.0,"max_hp_loss":0.0,"gold_gain":0.0,"event_name":"Beggar","player_choice":"Gave Gold","floor":20.0,"gold_loss":75.0,"damage_taken":0.0},{"damage_healed":0.0,"max_hp_gain":0.0,"max_hp_loss":0.0,"gold_gain":0.0,"event_name":"Duplicator","player_choice":"Copied","floor":21.0,"gold_loss":0.0,"damage_taken":0.0,"cards_obtained":["True Grit"]},{"damage_healed":0.0,"max_hp_gain":0.0,"max_hp_loss":0.0,"gold_gain":0.0,"event_name":"Back to Basics","player_choice":"Simplicity","floor":30.0,"gold_loss":0.0,"damage_taken":0.0,"cards_upgraded":["Strike_R","Strike_R","Defend_R","Defend_R","Defend_R","Defend_R"]},{"damage_healed":0.0,"max_hp_gain":0.0,"max_hp_loss":0.0,"gold_gain":0.0,"event_name":"Ghosts","player_choice":"Ignored","floor":31.0,"gold_loss":0.0,"damage_taken":0.0},{"damage_healed":0.0,"max_hp_gain":0.0,"max_hp_loss":0.0,"gold_gain":0.0,"event_name":"Tomb of Lord Red Mask","player_choice":"Ignored","floor":36.0,"gold_loss":0.0,"damage_taken":0.0},{"damage_healed":0.0,"max_hp_gain":0.0,"max_hp_loss":0.0,"gold_gain":0.0,"event_name":"SensoryStone","player_choice":"Memory 1","floor":47.0,"gold_loss":0.0,"damage_taken":0.0},{"damage_healed":58.0,"max_hp_gain":0.0,"max_hp_loss":0.0,"gold_gain":0.0,"event_name":"MindBloom","player_choice":"Heal","floor":48.0,"gold_loss":0.0,"damage_taken":0.0,"cards_obtained":["Doubt"]}],"is_beta":false,"boss_relics":[{"not_picked":["Black Blood","Pandora\u0027s Box"],"picked":"Cursed Key"},{"not_picked":["Astrolabe","Busted Crown"],"picked":"Snecko Eye"}],"items_purged_floors":[25,38],"is_endless":false,"potions_floor_spawned":[7,8,16,19,28,39,44],"killed_by":"Time Eater","ascension_level":20}