{"gold_per_floor":[215,226,401,401,105,136,155,172,197,222,234,73,73,73,73,178,178,198,198,209,84,84,84,104,134,134,134,134,144,162,162],"floor_reached":31,"playtime":1413,"items_purged":["Doubt","Strike_G","Parasite"],"score":293,"play_id":"4c6d4b29-466a-4fdc-80ca-cac42c2d68d6","local_time":"20190714223443","is_ascension_mode":true,"campfire_choices":[{"floor":13,"key":"REST"},{"data":"Noxious Fumes","floor":15,"key":"SMITH"},{"data":"Noxious Fumes","floor":23,"key":"SMITH"},{"data":"Footwork","floor":28,"key":"SMITH"}],"neow_cost":"NONE","seed_source_timestamp":175926756210200,"circlet_count":0,"master_deck":["Strike_G","Strike_G","Strike_G","Strike_G","Defend_G","Defend_G","Defend_G","Defend_G","Defend_G","Survivor","Neutralize","Backflip","Terror","Leg Sweep","Noxious Fumes+1","Prepared","Endless Agony","Flechettes","Bane","Footwork+1","Night Terror","Dodge and Roll+1","Noxious Fumes+1","Cloak And Dagger","Cloak And Dagger","Backflip","Backflip"],"relics":["Ring of the Snake","Happy Flower","Bronze Scales","MawBank","Question Card","Coffee Dripper","Omamori","Pen Nib"],"potions_floor_usage":[6,16,18],"damage_taken":[{"damage":1,"enemies":"Jaw Worm","floor":1,"turns":3},{"damage":1,"enemies":"Cultist","floor":2,"turns":5},{"damage":32,"enemies":"3 Sentries","floor":6,"turns":9},{"damage":2,"enemies":"2 Louse","floor":7,"turns":3},{"damage":10,"enemies":"Large Slime","floor":8,"turns":7},{"damage":6,"enemies":"Looter","floor":10,"turns":3},{"damage":26,"enemies":"Hexaghost","floor":16,"turns":10},{"damage":0,"enemies":"3 Byrds","floor":18,"turns":4},{"damage":15,"enemies":"Chosen","floor":20,"turns":5},{"damage":11,"enemies":"3 Cultists","floor":24,"turns":5},{"damage":12,"enemies":"Book of Stabbing","floor":25,"turns":6},{"damage":6,"enemies":"Cultist and Chosen","floor":29,"turns":6},{"damage":4,"enemies":"Shelled Parasite and Fungi","floor":30,"turns":6},{"damage":32,"enemies":"Snecko","floor":31,"turns":6}],"seed_played":"-4045071956726789809","potions_obtained":[{"floor":1,"key":"LiquidBronze"},{"floor":10,"key":"Regen Potion"},{"floor":18,"key":"Fruit Juice"},{"floor":27,"key":"EssenceOfSteel"},{"floor":27,"key":"SpeedPotion"},{"floor":27,"key":"Dexterity Potion"}],"is_trial":false,"path_per_floor":["M","M","?","?","$","E","M","M","T","M","T","$","R","?","R","B",null,"M","?","M","$","?","R","M","E","T","?","R","M","M","M"],"character_chosen":"THE_SILENT","items_purchased":["Noxious Fumes","Happy Flower","Footwork"],"campfire_rested":1,"item_purchase_floors":[5,5,12],"current_hp_per_floor":[69,68,68,68,68,36,34,24,24,18,18,18,39,56,56,45,70,75,75,60,60,60,60,49,37,37,37,37,31,27,0],"gold":162,"neow_bonus":"HUNDRED_GOLD","is_prod":false,"is_daily":false,"chose_seed":false,"campfire_upgraded":3,"win_rate":0,"timestamp":1563158083,"path_taken":["M","M","?","?","$","E","M","M","T","?","?","$","R","?","R","BOSS","M","?","M","$","?","R","M","E","T","?","R","M","M","?"],"build_version":"2019-07-05","purchased_purges":3,"victory":false,"max_hp_per_floor":[70,70,70,70,70,70,70,70,70,70,70,70,70,70,70,70,70,75,75,75,72,72,72,72,72,72,72,72,72,72,72],"card_choices":[{"not_picked":["PiercingWail","Sucker Punch"],"picked":"Backflip","floor":1},{"not_picked":["Blade Dance","Sucker Punch"],"picked":"Terror","floor":2},{"not_picked":["Escape Plan","Acrobatics"],"picked":"Prepared","floor":6},{"not_picked":["Reflex","Distraction"],"picked":"Endless Agony","floor":7},{"not_picked":["Expertise","Prepared"],"picked":"Flechettes","floor":8},{"not_picked":["Quick Slash","Poisoned Stab"],"picked":"Bane","floor":10},{"not_picked":["Doppelganger","Venomology","Storm of Steel"],"picked":"Night Terror","floor":16},{"not_picked":["Blur","Setup","Acrobatics"],"picked":"Dodge and Roll+1","floor":18},{"not_picked":["Deadly Poison","Terror","Dagger Throw","Sucker Punch+1"],"picked":"SKIP","floor":20},{"not_picked":["Calculated Gamble","Escape Plan","Night Terror"],"picked":"Cloak And Dagger","floor":24},{"not_picked":["Acrobatics","Finisher","Flying Knee+1"],"picked":"Cloak And Dagger","floor":25},{"not_picked":["Slice","Underhanded Strike","PiercingWail"],"picked":"Backflip","floor":29},{"not_picked":["Expertise","Deflect","Bouncing Flask"],"picked":"Backflip","floor":30}],"player_experience":344214,"relics_obtained":[{"floor":6,"key":"Bronze Scales"},{"floor":9,"key":"MawBank"},{"floor":11,"key":"Question Card"},{"floor":25,"key":"Omamori"},{"floor":26,"key":"Pen Nib"}],"event_choices":[{"damage_healed":0,"gold_gain":175,"player_choice":"AGREE","damage_taken":0,"max_hp_gain":0,"max_hp_loss":0,"event_name":"Liars Game","floor":3,"gold_loss":0,"cards_obtained":["Doubt"]},{"damage_healed":0,"gold_gain":0,"player_choice":"1 cards matched","damage_taken":0,"max_hp_gain":0,"max_hp_loss":0,"event_name":"Match and Keep!","floor":4,"gold_loss":0,"cards_obtained":["Leg Sweep"]},{"damage_healed":17,"gold_gain":0,"player_choice":"Healed and dodged fight","damage_taken":0,"max_hp_gain":0,"max_hp_loss":0,"event_name":"Mushrooms","floor":14,"gold_loss":0,"cards_obtained":["Parasite"]},{"damage_healed":0,"gold_gain":0,"player_choice":"Read","damage_taken":0,"max_hp_gain":0,"max_hp_loss":0,"event_name":"The Library","floor":19,"gold_loss":0,"cards_obtained":["Noxious Fumes"]},{"damage_healed":0,"gold_gain":0,"player_choice":"Ignored","damage_taken":0,"max_hp_gain":0,"max_hp_loss":0,"event_name":"Cursed Tome","floor":22,"gold_loss":0},{"damage_healed":0,"gold_gain":0,"player_choice":"Got Potions","damage_taken":0,"max_hp_gain":0,"max_hp_loss":0,"event_name":"Lab","floor":27,"gold_loss":0}],"is_beta":false,"boss_relics":[{"not_picked":["Velvet Choker","Orrery"],"picked":"Coffee Dripper"}],"items_purged_floors":[5,12,21],"is_endless":false,"potions_floor_spawned":[1,10,18,29,30],"killed_by":"Snecko","ascension_level":3}