{"gold_per_floor":[365,380,18,18,33,33,52,81,81,95,95,111,111,131,131,205,205,215,23,39,1,13,13,24,52,104,104,22,22,53,2,2,75,75,86,96,0,0,0,0,32,32,77,105,105,115,162,162,162,162],"floor_reached":51,"playtime":2368,"items_purged":["Strike_R"],"score":1378,"play_id":"6f70702d-b378-48a7-a497-1a4c09b562ac","local_time":"20190824093224","is_ascension_mode":true,"campfire_choices":[{"data":"Whirlwind","floor":6.0,"key":"SMITH"},{"data":"1","floor":11.0,"key":"LIFT"},{"data":"2","floor":13.0,"key":"LIFT"},{"data":"3","floor":15.0,"key":"LIFT"},{"data":"Limit Break","floor":23.0,"key":"SMITH"},{"floor":29.0,"key":"REST"},{"data":"Pummel","floor":32.0,"key":"SMITH"},{"data":"Double Tap","floor":40.0,"key":"SMITH"},{"data":"Heavy Blade","floor":42.0,"key":"SMITH"},{"data":"Pummel","floor":45.0,"key":"SMITH"},{"data":"Strike_R","floor":49.0,"key":"PURGE"}],"neow_cost":"TEN_PERCENT_HP_LOSS","seed_source_timestamp":28591955217300,"circlet_count":0,"master_deck":["AscendersBane","Defend_R","Defend_R","Defend_R","Defend_R","Bash","Shrug It Off","Iron Wave","Thunderclap","Finesse","Whirlwind+1","Spot Weakness","Pummel+1","Battle Trance","Feed","Disarm+1","Barricade+1","Combust+1","Limit Break+1","Sword Boomerang","Shrug It Off","Shrug It Off","Pummel+1","Trip","Double Tap+1","Heavy Blade+1","Entrench+1","Seeing Red+1","Bandage Up","Trip"],"special_seed":0,"relics":["Burning Blood","Membership Card","Question Card","Magic Flower","Girya","Astrolabe","Chemical X","Gremlin Horn","Bag of Marbles","Happy Flower","Champion Belt","Sozu","Red Mask","Ornamental Fan","Oddly Smooth Stone","Omamori","Peace Pipe"],"potions_floor_usage":[50],"damage_taken":[{"damage":1.0,"enemies":"Cultist","floor":1.0,"turns":3.0},{"damage":0.0,"enemies":"Small Slimes","floor":2.0,"turns":5.0},{"damage":4.0,"enemies":"Jaw Worm","floor":5.0,"turns":5.0},{"damage":18.0,"enemies":"3 Louse","floor":7.0,"turns":3.0},{"damage":20.0,"enemies":"3 Sentries","floor":8.0,"turns":4.0},{"damage":14.0,"enemies":"Blue Slaver","floor":10.0,"turns":4.0},{"damage":9.0,"enemies":"2 Fungi Beasts","floor":12.0,"turns":2.0},{"damage":4.0,"enemies":"Gremlin Gang","floor":14.0,"turns":3.0},{"damage":23.0,"enemies":"The Guardian","floor":16.0,"turns":13.0},{"damage":16.0,"enemies":"2 Thieves","floor":18.0,"turns":3.0},{"damage":18.0,"enemies":"Shell Parasite","floor":20.0,"turns":5.0},{"damage":15.0,"enemies":"Snake Plant","floor":22.0,"turns":4.0},{"damage":9.0,"enemies":"Snecko","floor":24.0,"turns":4.0},{"damage":42.0,"enemies":"Book of Stabbing","floor":25.0,"turns":5.0},{"damage":18.0,"enemies":"Slavers","floor":30.0,"turns":6.0},{"damage":31.0,"enemies":"Champ","floor":33.0,"turns":8.0},{"damage":0.0,"enemies":"Orb Walker","floor":35.0,"turns":2.0},{"damage":3.0,"enemies":"3 Shapes","floor":36.0,"turns":7.0},{"damage":21.0,"enemies":"Reptomancer","floor":41.0,"turns":3.0},{"damage":19.0,"enemies":"Nemesis","floor":44.0,"turns":7.0},{"damage":0.0,"enemies":"3 Darklings","floor":46.0,"turns":1.0},{"damage":16.0,"enemies":"2 Orb Walkers","floor":47.0,"turns":3.0},{"damage":48,"enemies":"Time Eater","floor":50,"turns":10}],"seed_played":"1663571849928928152","potions_obtained":[{"floor":7.0,"key":"Fire Potion"},{"floor":8.0,"key":"Explosive Potion"},{"floor":10.0,"key":"PowerPotion"},{"floor":24.0,"key":"SteroidPotion"},{"floor":25.0,"key":"GamblersBrew"},{"floor":30.0,"key":"BloodPotion"},{"floor":33.0,"key":"SpeedPotion"}],"is_trial":false,"path_per_floor":["M","M","$","?","M","R","M","E","T","M","R","M","R","M","R","B",null,"M","$","M","$","M","R","M","E","T","?","$","R","E","$","R","B",null,"M","M","?","?","?","R","E","R","T","E","R","M","?","?","R","B",null],"character_chosen":"IRONCLAD","items_purchased":["Membership Card","Thunderclap","AttackPotion","Regen Potion","Finesse","Limit Break","Chemical X","Happy Flower","Trip"],"campfire_rested":1,"item_purchase_floors":[3,3,3,3,3,19,19,28,31],"current_hp_per_floor":[68,68,68,68,68,68,56,42,42,37,37,37,37,42,42,52,64,57,57,53,53,52,52,52,24,24,24,24,47,43,43,43,51,73,80,83,83,79,79,79,67,67,67,57,57,66,59,49,49,16],"gold":162,"neow_bonus":"TWO_FIFTY_GOLD","is_prod":false,"is_daily":false,"chose_seed":false,"campfire_upgraded":6,"win_rate":0,"timestamp":1566653544,"path_taken":["M","M","$","?","?","R","?","E","T","M","R","M","R","M","R","BOSS","M","$","M","?","M","R","?","E","T","?","?","R","E","$","R","BOSS","M","M","?","?","?","R","E","R","T","E","R","?","?","?","R","BOSS"],"build_version":"2019-07-17","purchased_purges":1,"victory":true,"max_hp_per_floor":[68,68,68,68,68,68,68,68,68,68,68,68,68,68,68,68,68,68,68,71,71,74,74,74,77,77,77,77,77,80,80,80,80,80,80,83,83,79,79,79,79,79,79,79,79,79,79,79,79,79],"card_choices":[{"not_picked":["Warcry","Thunderclap"],"picked":"Shrug It Off","floor":1.0},{"not_picked":["Bloodletting","Armaments"],"picked":"Iron Wave","floor":2.0},{"not_picked":["Blood for Blood","Impervious","Bloodletting"],"picked":"Whirlwind","floor":5.0},{"not_picked":["Warcry","Clash","Thunderclap","Twin Strike"],"picked":"SKIP","floor":7.0},{"not_picked":["Cleave","Second Wind","Rage"],"picked":"Spot Weakness","floor":8.0},{"not_picked":["Fire Breathing","Twin Strike","Sentinel","Pommel Strike"],"picked":"SKIP","floor":10.0},{"not_picked":["Anger","Warcry","Armaments"],"picked":"Pummel","floor":12.0},{"not_picked":["Flame Barrier","Evolve","Carnage"],"picked":"Battle Trance","floor":14.0},{"not_picked":["Immolate","Bludgeon","Barricade"],"picked":"Feed","floor":16.0},{"not_picked":["Dual Wield","Spot Weakness+1","Wild Strike","Hemokinesis"],"picked":"SKIP","floor":18.0},{"not_picked":["Clothesline+1","Disarm","Perfected Strike+1"],"picked":"Sword Boomerang","floor":20.0},{"not_picked":["True Grit","Sword Boomerang","Twin Strike"],"picked":"Shrug It Off","floor":22.0},{"not_picked":["Feed","Clash","Uppercut"],"picked":"Shrug It Off","floor":24.0},{"not_picked":["Fire Breathing","Infernal Blade","Iron Wave"],"picked":"Pummel","floor":25.0},{"not_picked":["Havoc","Pommel Strike","Evolve","Sever Soul"],"picked":"SKIP","floor":30.0},{"not_picked":["Bludgeon","Offering","Berserk"],"picked":"Double Tap","floor":33.0},{"not_picked":["Headbutt+1","Pummel","Clothesline","Clash+1"],"picked":"SKIP","floor":35.0},{"not_picked":["Shrug It Off","Warcry+1","Hemokinesis"],"picked":"Heavy Blade","floor":36.0},{"not_picked":["Twin Strike","Clothesline","Reckless Charge+1","Carnage+1"],"picked":"SKIP","floor":41.0},{"not_picked":["Headbutt+1","Uppercut","Clothesline"],"picked":"Entrench+1","floor":44.0},{"not_picked":["Havoc","Perfected Strike","Headbutt+1","Clothesline"],"picked":"SKIP","floor":46.0},{"not_picked":["Body Slam","Twin Strike+1","Berserk"],"picked":"Seeing Red+1","floor":47.0},{"not_picked":["Panacea","Thinking Ahead","Discovery"],"picked":"Bandage Up","floor":48.0},{"not_picked":["Madness","Bandage Up","Jack Of All Trades"],"picked":"Trip","floor":48.0}],"player_experience":904110,"relics_obtained":[{"floor":4.0,"key":"Question Card"},{"floor":8.0,"key":"Magic Flower"},{"floor":9.0,"key":"Girya"},{"floor":25.0,"key":"Gremlin Horn"},{"floor":26.0,"key":"Bag of Marbles"},{"floor":30.0,"key":"Champion Belt"},{"floor":41.0,"key":"Ornamental Fan"},{"floor":43.0,"key":"Oddly Smooth Stone"},{"floor":44.0,"key":"Omamori"},{"floor":47.0,"key":"Peace Pipe"}],"event_choices":[{"damage_healed":0.0,"max_hp_gain":0.0,"max_hp_loss":0.0,"gold_gain":0.0,"event_name":"Wheel of Change","player_choice":"Relic","floor":4.0,"gold_loss":0.0,"damage_taken":0.0},{"damage_healed":0.0,"max_hp_gain":0.0,"max_hp_loss":0.0,"gold_gain":0.0,"event_name":"Vampires","player_choice":"Ignored","floor":27.0,"gold_loss":0.0,"damage_taken":0.0},{"damage_healed":0.0,"max_hp_gain":0.0,"max_hp_loss":0.0,"gold_gain":0.0,"event_name":"Tomb of Lord Red Mask","player_choice":"Paid","floor":37.0,"gold_loss":96.0,"damage_taken":0.0,"relics_obtained":["Red Mask"]},{"damage_healed":0.0,"max_hp_gain":0.0,"max_hp_loss":4.0,"gold_gain":0.0,"event_name":"Winding Halls","player_choice":"Max HP","floor":38.0,"gold_loss":0.0,"damage_taken":0.0},{"damage_healed":0.0,"max_hp_gain":0.0,"max_hp_loss":0.0,"gold_gain":0.0,"event_name":"SecretPortal","player_choice":"Ignored","floor":39.0,"gold_loss":0.0,"damage_taken":0.0},{"damage_healed":0.0,"max_hp_gain":0.0,"max_hp_loss":0.0,"gold_gain":0.0,"event_name":"Mysterious Sphere","player_choice":"Fight","floor":47.0,"gold_loss":0.0,"damage_taken":0.0},{"damage_healed":0.0,"max_hp_gain":0.0,"max_hp_loss":0.0,"gold_gain":0.0,"event_name":"SensoryStone","player_choice":"Memory 3","floor":48.0,"gold_loss":0.0,"damage_taken":10.0}],"is_beta":false,"boss_relics":[{"not_picked":["Lizard Tail","Pandora\u0027s Box"],"picked":"Astrolabe"},{"not_picked":["Tiny House","Orrery"],"picked":"Sozu"}],"items_purged_floors":[21],"is_endless":false,"potions_floor_spawned":[7,8,10,14,24,25,30,33,35,41,46],"ascension_level":17}