{"gold_per_floor":[114,129,144,144,30,60,105,105,105,155,170,185,215,230,230,330,330,345,345,363,288,303,303,8,8,33,45,3,18,18,48,48,148,148,163,45,45,60,75,105,105,120,120,120,0,15,45,60,60,60],"floor_reached":51,"playtime":2274,"items_purged":["Impatience"],"score":987,"play_id":"02185174-ccea-478f-9d2a-7bec7ab8e747","local_time":"20190918224629","daily_mods":["Allstar","Vintage","Night Terrors"],"is_ascension_mode":false,"campfire_choices":[{"data":"Bandage Up","floor":8,"key":"SMITH"},{"data":"Combust","floor":15,"key":"SMITH"},{"data":"Flex","floor":23,"key":"SMITH"},{"data":"Limit Break","floor":32,"key":"SMITH"},{"data":"Shrug It Off","floor":41,"key":"SMITH"},{"data":"Shockwave","floor":49,"key":"SMITH"}],"neow_cost":"","seed_source_timestamp":0,"circlet_count":0,"master_deck":["Strike_R","Strike_R","Strike_R","Defend_R+1","Defend_R","Defend_R+1","Bash","Master of Strategy","Bandage Up+1","Cleave","Combust+1","Shockwave+1","Flex+1","Body Slam+1","Immolate+1","Anger+1","Twin Strike+1","Inflame+1","Shrug It Off+1","Limit Break+1","Ghostly Armor","Fiend Fire+1","Swift Strike+1","Whirlwind+1"],"special_seed":18158,"relics":["Burning Blood","Potion Belt","Dream Catcher","Bird Faced Urn","Juzu Bracelet","Tiny Chest","Orichalcum","Bag of Preparation","Molten Egg 2","Mercury Hourglass","The Courier","Du-Vu Doll","Astrolabe","War Paint","Nilry\u0027s Codex","Red Mask","Paper Frog","Membership Card","Mummified Hand","MawBank","Dodecahedron","Bronze Scales","Busted Crown","Question Card","Sling","Strawberry","Lantern","Centennial Puzzle","Blood Vial","Gremlin Horn","Anchor","Oddly Smooth Stone","Ice Cream","Sundial","Boot"],"potions_floor_usage":[16,16,20,31,33,39,40,50,50],"damage_taken":[{"damage":7,"enemies":"2 Louse","floor":1,"turns":4},{"damage":6,"enemies":"Jaw Worm","floor":2,"turns":4},{"damage":3,"enemies":"Small Slimes","floor":3,"turns":3},{"damage":29,"enemies":"3 Sentries","floor":6,"turns":6},{"damage":4,"enemies":"Looter","floor":7,"turns":3},{"damage":8,"enemies":"2 Fungi Beasts","floor":11,"turns":2},{"damage":10,"enemies":"Lots of Slimes","floor":12,"turns":2},{"damage":17,"enemies":"Lagavulin","floor":13,"turns":6},{"damage":16,"enemies":"Exordium Thugs","floor":14,"turns":4},{"damage":4,"enemies":"Slime Boss","floor":16,"turns":6},{"damage":3,"enemies":"Chosen","floor":18,"turns":3},{"damage":0,"enemies":"Masked Bandits","floor":20,"turns":1},{"damage":0,"enemies":"3 Byrds","floor":22,"turns":2},{"damage":0,"enemies":"Cultist and Chosen","floor":29,"turns":3},{"damage":7,"enemies":"Book of Stabbing","floor":31,"turns":3},{"damage":70,"enemies":"Champ","floor":33,"turns":10},{"damage":8,"enemies":"3 Shapes","floor":35,"turns":3},{"damage":2,"enemies":"Orb Walker","floor":38,"turns":2},{"damage":23,"enemies":"Writhing Mass","floor":39,"turns":4},{"damage":11,"enemies":"Giant Head","floor":40,"turns":5},{"damage":7,"enemies":"Jaw Worm Horde","floor":42,"turns":2},{"damage":2,"enemies":"4 Shapes","floor":46,"turns":1},{"damage":0,"enemies":"Reptomancer","floor":47,"turns":2},{"damage":0,"enemies":"Spire Growth","floor":48,"turns":2},{"damage":25,"enemies":"Time Eater","floor":50,"turns":8}],"seed_played":"-5297948477289280609","potions_obtained":[{"floor":1,"key":"FearPotion"},{"floor":2,"key":"SteroidPotion"},{"floor":7,"key":"FearPotion"},{"floor":12,"key":"GamblersBrew"},{"floor":14,"key":"Fire Potion"},{"floor":22,"key":"FearPotion"},{"floor":29,"key":"PowerPotion"},{"floor":31,"key":"SneckoOil"},{"floor":33,"key":"Ancient Potion"},{"floor":38,"key":"Strength Potion"},{"floor":46,"key":"Dexterity Potion"},{"floor":47,"key":"Ancient Potion"}],"is_trial":false,"path_per_floor":["M","M","M","?","$","E","M","R","T","T","M","M","E","M","R","B",null,"M","?","?","?","M","R","$","?","T","?","$","M","$","E","R","B",null,"M","$","?","M","M","E","R","M","T","?","$","M","E","M","R","B",null],"character_chosen":"IRONCLAD","items_purchased":["Combust","Shockwave","Membership Card","Inflame","Mummified Hand","PowerPotion","Shrug It Off","Limit Break","Sling","Anchor","Oddly Smooth Stone"],"campfire_rested":0,"item_purchase_floors":[5,5,24,24,24,24,28,28,36,45,45],"current_hp_per_floor":[80,80,80,80,80,63,69,69,69,69,75,76,73,71,71,80,80,80,64,70,70,76,76,76,76,76,76,76,80,80,80,80,24,80,78,78,73,87,74,83,83,84,84,84,84,87,87,87,87,80],"gold":60,"neow_bonus":"","is_prod":false,"is_daily":true,"chose_seed":false,"campfire_upgraded":6,"win_rate":0,"timestamp":1568861189,"path_taken":["M","M","M","?","$","E","M","R","T","?","M","M","E","M","R","BOSS","M","?","?","?","M","R","$","?","T","?","?","M","$","E","R","BOSS","M","$","?","M","M","E","R","M","T","?","$","M","E","M","R","BOSS"],"build_version":"2019-07-17","purchased_purges":1,"victory":true,"max_hp_per_floor":[80,80,80,80,80,80,80,80,80,80,80,80,80,80,80,80,80,80,80,80,80,80,80,80,80,80,80,80,80,80,80,80,80,80,80,80,80,87,87,87,87,87,87,87,87,87,87,87,87,87],"card_choices":[{"not_picked":["Fire Breathing","Clash"],"picked":"Flex","floor":6},{"not_picked":["Armaments","Pommel Strike+1"],"picked":"Body Slam+1","floor":13},{"not_picked":["Brutality","Impervious"],"picked":"Immolate+1","floor":16},{"not_picked":["Wild Strike+1","Perfected Strike+1"],"picked":"Twin Strike+1","floor":20},{"not_picked":["Intimidate","Cleave+1"],"picked":"Ghostly Armor","floor":31},{"not_picked":["Reaper+1","Juggernaut"],"picked":"Fiend Fire+1","floor":33},{"not_picked":["Transmutation"],"picked":"Swift Strike+1","floor":37},{"not_picked":["Battle Trance","Flex"],"picked":"SKIP","floor":40},{"not_picked":["Anger+1"],"picked":"Whirlwind+1","floor":47}],"player_experience":79717,"relics_obtained":[{"floor":1,"key":"Potion Belt"},{"floor":2,"key":"Dream Catcher"},{"floor":3,"key":"Bird Faced Urn"},{"floor":6,"key":"Juzu Bracelet"},{"floor":7,"key":"Tiny Chest"},{"floor":9,"key":"Orichalcum"},{"floor":10,"key":"Bag of Preparation"},{"floor":11,"key":"Molten Egg 2"},{"floor":12,"key":"Mercury Hourglass"},{"floor":13,"key":"The Courier"},{"floor":14,"key":"Du-Vu Doll"},{"floor":18,"key":"War Paint"},{"floor":19,"key":"Nilry\u0027s Codex"},{"floor":20,"key":"Red Mask"},{"floor":22,"key":"Paper Frog"},{"floor":26,"key":"MawBank"},{"floor":29,"key":"Dodecahedron"},{"floor":31,"key":"Bronze Scales"},{"floor":35,"key":"Question Card"},{"floor":38,"key":"Strawberry"},{"floor":39,"key":"Lantern"},{"floor":40,"key":"Centennial Puzzle"},{"floor":42,"key":"Blood Vial"},{"floor":43,"key":"Gremlin Horn"},{"floor":46,"key":"Ice Cream"},{"floor":47,"key":"Sundial"},{"floor":48,"key":"Boot"}],"event_choices":[{"damage_healed":0,"gold_gain":0,"cards_transformed":["Strike_R"],"player_choice":"Change","damage_taken":0,"max_hp_gain":0,"max_hp_loss":0,"event_name":"Living Wall","floor":4,"gold_loss":0,"cards_obtained":["Cleave"]},{"damage_healed":0,"gold_gain":0,"player_choice":"Obtained Book","damage_taken":16,"max_hp_gain":0,"max_hp_loss":0,"event_name":"Cursed Tome","floor":19,"gold_loss":0},{"damage_healed":0,"gold_gain":0,"player_choice":"Fought Bandits","damage_taken":0,"max_hp_gain":0,"max_hp_loss":0,"event_name":"Masked Bandits","floor":20,"gold_loss":0},{"cards_removed":["Fire Breathing"],"damage_healed":0,"gold_gain":0,"player_choice":"Gave Gold","damage_taken":0,"max_hp_gain":0,"max_hp_loss":0,"event_name":"Beggar","floor":21,"gold_loss":75},{"cards_removed":["Jack Of All Trades"],"damage_healed":0,"gold_gain":0,"player_choice":"Purged","damage_taken":0,"max_hp_gain":0,"max_hp_loss":0,"event_name":"Purifier","floor":25,"gold_loss":0},{"damage_healed":0,"gold_gain":0,"player_choice":"Upgraded","damage_taken":0,"max_hp_gain":0,"max_hp_loss":0,"event_name":"Upgrade Shrine","floor":27,"gold_loss":0,"cards_upgraded":["Inflame"]},{"damage_healed":0,"gold_gain":0,"player_choice":"Memory 2","damage_taken":5,"max_hp_gain":0,"max_hp_loss":0,"event_name":"SensoryStone","floor":37,"gold_loss":0},{"cards_removed":["Flash of Steel"],"damage_healed":0,"gold_gain":0,"player_choice":"Removed Attack","damage_taken":0,"max_hp_gain":0,"max_hp_loss":0,"event_name":"Falling","floor":44,"gold_loss":0}],"is_beta":false,"boss_relics":[{"not_picked":["Empty Cage","Calling Bell"],"picked":"Astrolabe"},{"not_picked":["Sozu","Tiny House"],"picked":"Busted Crown"}],"items_purged_floors":[36],"is_endless":false,"potions_floor_spawned":[1,2,7,12,14,22,29,31,33,38,46,47,48],"ascension_level":0}