{"gold_per_floor":[112,128,148,148,148,175,175,210,264,280,330,39,39],"floor_reached":13,"playtime":390,"items_purged":["Pain"],"score":177,"play_id":"493b9f4c-48bb-4ef5-bcc4-ec440d9958cb","local_time":"20190828211037","is_ascension_mode":true,"campfire_choices":[{"data":"Clothesline","floor":7.0,"key":"SMITH"}],"neow_cost":"PERCENT_DAMAGE","seed_source_timestamp":641424522600,"circlet_count":0,"master_deck":["AscendersBane","Strike_R","Strike_R","Strike_R","Strike_R","Strike_R","Defend_R+1","Defend_R","Defend_R","Defend_R","Bash","Armaments","Clothesline+1","Cleave","Shockwave+1","Limit Break","Feel No Pain","Dropkick"],"special_seed":0,"relics":["Burning Blood","StoneCalendar","WarpedTongs","Shuriken","Smiling Mask","War Paint"],"potions_floor_usage":[],"damage_taken":[{"damage":7.0,"enemies":"Cultist","floor":1.0,"turns":4.0},{"damage":2.0,"enemies":"2 Louse","floor":2.0,"turns":4.0},{"damage":10.0,"enemies":"Small Slimes","floor":3.0,"turns":3.0},{"damage":22.0,"enemies":"Lagavulin","floor":6.0,"turns":7.0},{"damage":21.0,"enemies":"3 Sentries","floor":8.0,"turns":5.0},{"damage":9.0,"enemies":"Exordium Wildlife","floor":10.0,"turns":6.0},{"damage":21,"enemies":"Large Slime","floor":13,"turns":2}],"seed_played":"-4207834619272718939","potions_obtained":[{"floor":3.0,"key":"PowerPotion"},{"floor":6.0,"key":"Energy Potion"}],"is_trial":false,"path_per_floor":["M","M","M","?","?","E","R","E","T","M","?","$","M"],"character_chosen":"IRONCLAD","items_purchased":["Limit Break","Feel No Pain","Dropkick"],"campfire_rested":0,"item_purchase_floors":[12,12,12],"current_hp_per_floor":[49,53,49,49,49,33,33,18,18,15,15,15,0],"gold":39,"neow_bonus":"ONE_RARE_RELIC","is_prod":false,"is_daily":false,"chose_seed":false,"campfire_upgraded":1,"win_rate":0,"timestamp":1567041037,"path_taken":["M","M","M","?","?","E","R","E","T","?","?","$","?"],"build_version":"2019-07-17","purchased_purges":1,"victory":false,"max_hp_per_floor":[75,75,75,75,75,75,75,75,75,75,75,75,75],"card_choices":[{"not_picked":["Heavy Blade","Seeing Red"],"picked":"Armaments","floor":1.0},{"not_picked":["Sever Soul","Twin Strike"],"picked":"Clothesline","floor":2.0},{"not_picked":["Body Slam","Perfected Strike","Corruption"],"picked":"SKIP","floor":3.0},{"not_picked":["Heavy Blade","Disarm"],"picked":"Cleave","floor":6.0},{"not_picked":["Intimidate","Heavy Blade"],"picked":"Shockwave","floor":8.0},{"not_picked":["Ghostly Armor","Cleave","Corruption"],"picked":"SKIP","floor":10.0}],"player_experience":926060,"relics_obtained":[{"floor":6.0,"key":"Shuriken"},{"floor":8.0,"key":"Smiling Mask"},{"floor":9.0,"key":"War Paint"}],"event_choices":[{"damage_healed":0.0,"max_hp_gain":0.0,"max_hp_loss":0.0,"gold_gain":0.0,"event_name":"Liars Game","player_choice":"Ignored","floor":4.0,"gold_loss":0.0,"damage_taken":0.0},{"damage_healed":0.0,"max_hp_gain":0.0,"max_hp_loss":0.0,"gold_gain":0.0,"event_name":"Accursed Blacksmith","player_choice":"Rummage","floor":5.0,"gold_loss":0.0,"damage_taken":0.0,"relics_obtained":["WarpedTongs"],"cards_obtained":["Pain"]},{"damage_healed":0.0,"max_hp_gain":0.0,"max_hp_loss":0.0,"gold_gain":50.0,"event_name":"Golden Shrine","player_choice":"Pray","floor":11.0,"gold_loss":0.0,"damage_taken":0.0}],"is_beta":false,"boss_relics":[],"items_purged_floors":[12],"is_endless":false,"potions_floor_spawned":[3,6],"killed_by":"Large Slime","ascension_level":18}