{"gold_per_floor":[113,130,148,3,3,31,31,59,127,158,158,168,168,168,168,273,273,285,296,296,313,185,185,216,226,226,244,261,287,303,320,320,424,424,434,452,77,77,77,77,87,120,193,206,233,246,275,288,288,288],"floor_reached":51,"playtime":3907,"items_purged":["Strike_P","Strike_P","Strike_P"],"score":979,"play_id":"4a428bf5-b11a-4fdf-be3c-610e1219c8c4","local_time":"20190929183557","is_ascension_mode":true,"campfire_choices":[{"data":"Eruption","floor":7.0,"key":"SMITH"},{"data":"SashWhip","floor":11.0,"key":"SMITH"},{"data":"Vigilance","floor":13.0,"key":"SMITH"},{"data":"CutThroughFate","floor":15.0,"key":"SMITH"},{"data":"TalkToTheHand","floor":23.0,"key":"SMITH"},{"data":"Ragnarok","floor":32.0,"key":"SMITH"},{"data":"SpiritShield","floor":40.0,"key":"SMITH"},{"data":"Ragnarok","floor":49,"key":"SMITH"}],"neow_cost":"NONE","seed_source_timestamp":0,"circlet_count":0,"master_deck":["Defend_P","Defend_P","Defend_P","Eruption+1","Vigilance+1","CutThroughFate+1","BowlingBash","EmptyBody","SashWhip+1","Consecrate","Brilliance","FearNoEvil","FlyingSleeves","Ragnarok+1","Crescendo","Worship+1","EmptyMind","TalkToTheHand+1","Vault","WreathOfFlame","Swivel+1","FlowState+1","SpiritShield+1","FlurryOfBlows","Judgement","Master of Strategy","Panacea","Enlightenment","Violence","FlowState+1","Doubt","Sanctity","Crescendo+1","Ragnarok+1"],"special_seed":0,"relics":["PureWater","NeowsBlessing","CloakClasp","Art of War","Mummified Hand","Smiling Mask","Runic Pyramid","Ancient Tea Set","Ginger","InkBottle","Cursed Key","Lee\u0027s Waffle","Meat on the Bone","Frozen Egg 2","TeardropLocket"],"potions_floor_usage":[],"damage_taken":[{"damage":0.0,"enemies":"Cultist","floor":1.0,"turns":1.0},{"damage":0.0,"enemies":"Jaw Worm","floor":2.0,"turns":1.0},{"damage":0.0,"enemies":"Small Slimes","floor":3.0,"turns":1.0},{"damage":29.0,"enemies":"3 Sentries","floor":6.0,"turns":8.0},{"damage":17.0,"enemies":"Lagavulin","floor":8.0,"turns":4.0},{"damage":0.0,"enemies":"Gremlin Nob","floor":10.0,"turns":2.0},{"damage":7.0,"enemies":"Blue Slaver","floor":12.0,"turns":3.0},{"damage":3.0,"enemies":"Hexaghost","floor":16.0,"turns":8.0},{"damage":0.0,"enemies":"Spheric Guardian","floor":18.0,"turns":3.0},{"damage":2.0,"enemies":"Shell Parasite","floor":19.0,"turns":3.0},{"damage":10.0,"enemies":"Snake Plant","floor":21.0,"turns":3.0},{"damage":3.0,"enemies":"Book of Stabbing","floor":24.0,"turns":5.0},{"damage":5.0,"enemies":"Sentry and Sphere","floor":25.0,"turns":4.0},{"damage":4.0,"enemies":"Snecko","floor":27.0,"turns":6.0},{"damage":1.0,"enemies":"3 Cultists","floor":28.0,"turns":4.0},{"damage":5.0,"enemies":"Gremlin Leader","floor":29.0,"turns":7.0},{"damage":0.0,"enemies":"Centurion and Healer","floor":30.0,"turns":5.0},{"damage":0.0,"enemies":"Shelled Parasite and Fungi","floor":31.0,"turns":4.0},{"damage":10.0,"enemies":"Automaton","floor":33.0,"turns":11.0},{"damage":10.0,"enemies":"Orb Walker","floor":35.0,"turns":3.0},{"damage":33.0,"enemies":"3 Shapes","floor":36.0,"turns":9.0},{"damage":0.0,"enemies":"Spire Growth","floor":41.0,"turns":4.0},{"damage":5.0,"enemies":"Nemesis","floor":42.0,"turns":7.0},{"damage":4.0,"enemies":"Maw","floor":44.0,"turns":6.0},{"damage":0.0,"enemies":"Giant Head","floor":45.0,"turns":7.0},{"damage":21.0,"enemies":"Jaw Worm Horde","floor":46.0,"turns":4.0},{"damage":23,"enemies":"Reptomancer","floor":47,"turns":4},{"damage":26,"enemies":"Spire Growth","floor":48,"turns":6},{"damage":0,"enemies":"Time Eater","floor":50,"turns":8}],"seed_played":"-3280710980772412486","potions_obtained":[{"floor":1.0,"key":"Strength Potion"},{"floor":12.0,"key":"Block Potion"},{"floor":18.0,"key":"Energy Potion"},{"floor":21.0,"key":"Ancient Potion"},{"floor":27.0,"key":"PowerPotion"},{"floor":28.0,"key":"StancePotion"},{"floor":35.0,"key":"EssenceOfSteel"},{"floor":36.0,"key":"GamblersBrew"},{"floor":42.0,"key":"Strength Potion"}],"is_trial":false,"path_per_floor":["M","M","M","$","?","E","R","E","T","E","R","M","R","?","R","B",null,"M","M","?","M","$","R","E","M","T","M","M","E","M","M","R","B",null,"M","M","$","?","?","R","M","E","T","M","E","M","E","M","R","B",null],"character_chosen":"WATCHER","items_purchased":["EmptyBody","SashWhip","TalkToTheHand","Master of Strategy","Lee\u0027s Waffle"],"campfire_rested":0,"item_purchase_floors":[4,4,22,37,37],"current_hp_per_floor":[72,72,72,72,72,43,43,26,26,26,26,28,28,33,33,30,77,77,75,75,65,65,65,62,57,57,53,52,50,50,50,50,40,77,71,44,84,74,74,74,74,69,69,77,77,62,45,43,43,55],"gold":288,"neow_bonus":"THREE_ENEMY_KILL","is_prod":false,"is_daily":false,"chose_seed":false,"campfire_upgraded":8,"win_rate":0,"timestamp":1569796557,"path_taken":["M","?","M","$","?","E","R","E","T","E","R","?","R","?","R","BOSS","M","M","?","?","$","R","E","M","T","?","M","E","M","?","R","BOSS","M","M","$","?","?","R","M","E","T","?","E","M","E","?","R","BOSS"],"build_version":"2019-09-27","purchased_purges":3,"victory":true,"max_hp_per_floor":[72,72,72,72,72,72,72,72,72,72,72,72,72,77,77,77,77,77,77,77,77,77,77,77,77,77,77,77,77,77,77,77,77,77,77,77,84,84,84,84,84,84,84,84,84,84,84,84,84,84],"card_choices":[{"not_picked":["ForeignInfluence","Prostrate"],"picked":"CutThroughFate","floor":1.0},{"not_picked":["CarveReality","CutThroughFate"],"picked":"BowlingBash","floor":2.0},{"not_picked":["WreathOfFlame","Vengeance","ClearTheMind"],"picked":"SKIP","floor":3.0},{"not_picked":["Perseverance","BowlingBash"],"picked":"Consecrate","floor":6.0},{"not_picked":["Evaluate","CutThroughFate"],"picked":"Brilliance","floor":8.0},{"not_picked":["Indignation","Halt"],"picked":"FearNoEvil","floor":10.0},{"not_picked":["Halt","Vengeance"],"picked":"FlyingSleeves","floor":12.0},{"not_picked":["LessonLearned","Wish"],"picked":"Ragnarok","floor":16.0},{"not_picked":["SashWhip","Weave"],"picked":"Crescendo","floor":18.0},{"not_picked":["ClearTheMind","Swivel"],"picked":"Worship+1","floor":19.0},{"not_picked":["SashWhip+1","JustLucky"],"picked":"EmptyMind","floor":21.0},{"not_picked":["BattleHymn","SashWhip"],"picked":"Vault","floor":24.0},{"not_picked":["ThirdEye","JustLucky"],"picked":"WreathOfFlame","floor":25.0},{"not_picked":["EmptyMind","BowlingBash+1"],"picked":"Swivel+1","floor":27.0},{"not_picked":["FlyingSleeves","Sanctity+1"],"picked":"FlowState+1","floor":28.0},{"not_picked":["FollowUp","FlyingSleeves","Protect"],"picked":"SKIP","floor":29.0},{"not_picked":["Protect","ThirdEye"],"picked":"SpiritShield","floor":30.0},{"not_picked":["Halt","MasterReality+1"],"picked":"FlurryOfBlows","floor":31.0},{"not_picked":["DevaForm","Brilliance"],"picked":"Judgement","floor":33.0},{"not_picked":["Weave+1","Devotion","FollowUp"],"picked":"SKIP","floor":35.0},{"not_picked":["ClearTheMind","BowlingBash+1","FlyingSleeves"],"picked":"SKIP","floor":36.0},{"not_picked":["Metamorphosis","Forethought"],"picked":"Panacea","floor":38.0},{"not_picked":["Mind Blast","Metamorphosis"],"picked":"Enlightenment","floor":38.0},{"not_picked":["Finesse","Panacea"],"picked":"Violence","floor":38.0},{"not_picked":["FollowUp","CrushJoints","ClearTheMind"],"picked":"SKIP","floor":41.0},{"not_picked":["Collect+1","Scrawl+1","SignatureMove"],"picked":"SKIP","floor":42.0},{"not_picked":["JustLucky","Crescendo"],"picked":"Sanctity","floor":44.0},{"not_picked":["PathToVictory","TalkToTheHand","CrushJoints+1"],"picked":"SKIP","floor":45.0},{"not_picked":["Collect+1","EmptyBody+1"],"picked":"Crescendo+1","floor":46.0},{"not_picked":["Vengeance","CarveReality"],"picked":"Ragnarok","floor":47},{"not_picked":["Weave","Prostrate","Conclude"],"picked":"SKIP","floor":48}],"player_experience":1165626,"relics_obtained":[{"floor":6.0,"key":"CloakClasp"},{"floor":8.0,"key":"Art of War"},{"floor":9.0,"key":"Mummified Hand"},{"floor":10.0,"key":"Smiling Mask"},{"floor":24.0,"key":"Ancient Tea Set"},{"floor":26.0,"key":"Ginger"},{"floor":29.0,"key":"InkBottle"},{"floor":42.0,"key":"Meat on the Bone"},{"floor":45.0,"key":"Frozen Egg 2"},{"floor":47,"key":"TeardropLocket"}],"event_choices":[{"cards_removed":["Defend_P"],"damage_healed":0.0,"max_hp_gain":0.0,"max_hp_loss":0.0,"gold_gain":0.0,"event_name":"Purifier","player_choice":"Purged","floor":5.0,"gold_loss":0.0,"damage_taken":0.0},{"damage_healed":0.0,"max_hp_gain":5.0,"max_hp_loss":0.0,"gold_gain":0.0,"event_name":"Big Fish","player_choice":"Donut","floor":14.0,"gold_loss":0.0,"damage_taken":0.0},{"cards_removed":["Strike_P"],"damage_healed":0.0,"max_hp_gain":0.0,"max_hp_loss":0.0,"gold_gain":0.0,"event_name":"Wheel of Change","player_choice":"Card Removal","floor":20.0,"gold_loss":0.0,"damage_taken":0.0},{"damage_healed":0.0,"max_hp_gain":0.0,"max_hp_loss":0.0,"gold_gain":0.0,"event_name":"SensoryStone","player_choice":"Memory 3","floor":38.0,"gold_loss":0.0,"damage_taken":10.0},{"damage_healed":0.0,"max_hp_gain":0.0,"max_hp_loss":0.0,"gold_gain":0.0,"event_name":"Duplicator","player_choice":"Copied","floor":39.0,"gold_loss":0.0,"damage_taken":0.0,"cards_obtained":["FlowState"]}],"is_beta":true,"boss_relics":[{"not_picked":["HolyWater","Ectoplasm"],"picked":"Runic Pyramid"},{"not_picked":["Sozu","Busted Crown"],"picked":"Cursed Key"}],"items_purged_floors":[4,22,37],"is_endless":false,"potions_floor_spawned":[1,12,18,21,27,28,35,36,41,42,47],"ascension_level":3}