{"gold_per_floor":[116,132,21,21,21,46,46,46,46,66,66,8,41,57,57,57],"floor_reached":16,"playtime":541,"items_purged":["Strike_R"],"score":211,"play_id":"fa5d30ea-a2f4-4d4f-81d8-34530601ef2f","local_time":"20190829201548","is_ascension_mode":true,"campfire_choices":[{"floor":7,"key":"REST"},{"data":"Evolve","floor":11,"key":"SMITH"},{"data":"Spot Weakness","floor":15,"key":"SMITH"}],"neow_cost":"NONE","seed_source_timestamp":47262319316200,"circlet_count":0,"master_deck":["AscendersBane","Strike_R","Strike_R","Strike_R","Defend_R","Defend_R","Defend_R","Defend_R","Bash+1","Shrug It Off","Feel No Pain","Spot Weakness+1","Evolve+1","Uppercut","Sword Boomerang"],"special_seed":0,"relics":["Burning Blood","Gambling Chip","StoneCalendar","Calipers"],"potions_floor_usage":[6,13,16],"damage_taken":[{"damage":7.0,"enemies":"Cultist","floor":1.0,"turns":4.0},{"damage":13.0,"enemies":"Jaw Worm","floor":2.0,"turns":5.0},{"damage":56,"enemies":"Lagavulin","floor":6,"turns":8},{"damage":10,"enemies":"Small Slimes","floor":10,"turns":3},{"damage":4,"enemies":"3 Sentries","floor":13,"turns":7},{"damage":20,"enemies":"Gremlin Gang","floor":14,"turns":7},{"damage":24,"enemies":"Hexaghost","floor":16,"turns":7}],"seed_played":"-640527378700177687","potions_obtained":[{"floor":1.0,"key":"Energy Potion"},{"floor":6,"key":"Block Potion"},{"floor":13,"key":"Weak Potion"},{"floor":14,"key":"FearPotion"}],"is_trial":false,"path_per_floor":["M","M","$","?","?","E","R","$","T","M","R","?","E","M","R","B"],"character_chosen":"IRONCLAD","items_purchased":["Feel No Pain"],"campfire_rested":1,"item_purchase_floors":[3],"current_hp_per_floor":[67,60,60,60,60,10,32,32,32,28,28,28,30,16,16,0],"gold":57,"neow_bonus":"REMOVE_CARD","is_prod":false,"is_daily":false,"chose_seed":false,"campfire_upgraded":2,"win_rate":0,"timestamp":1567124148,"path_taken":["M","M","$","?","?","E","R","$","T","M","R","?","E","M","R","BOSS"],"build_version":"2019-07-17","purchased_purges":1,"victory":false,"max_hp_per_floor":[75,75,75,75,75,75,75,75,75,75,75,75,75,75,75,75],"card_choices":[{"not_picked":["Dropkick","Pommel Strike"],"picked":"Shrug It Off","floor":1.0},{"not_picked":["Second Wind","Searing Blow","Blood for Blood"],"picked":"SKIP","floor":2.0},{"not_picked":["Fire Breathing","Sword Boomerang"],"picked":"Spot Weakness","floor":6},{"not_picked":["Demon Form","True Grit"],"picked":"Evolve","floor":10},{"not_picked":["Carnage","Ghostly Armor"],"picked":"Uppercut","floor":13},{"not_picked":["Headbutt","Uppercut"],"picked":"Sword Boomerang","floor":14}],"player_experience":933844,"relics_obtained":[{"floor":6,"key":"Gambling Chip"},{"floor":9,"key":"StoneCalendar"},{"floor":13,"key":"Calipers"}],"event_choices":[{"damage_healed":0.0,"max_hp_gain":0.0,"max_hp_loss":0.0,"gold_gain":0.0,"event_name":"Living Wall","player_choice":"Grow","floor":4.0,"gold_loss":0.0,"damage_taken":0.0,"cards_upgraded":["Bash"]},{"damage_healed":0.0,"max_hp_gain":0.0,"max_hp_loss":0.0,"gold_gain":0.0,"event_name":"Liars Game","player_choice":"Ignored","floor":5.0,"gold_loss":0.0,"damage_taken":0.0},{"damage_healed":0,"gold_gain":0,"player_choice":"Left Gold","damage_taken":0,"max_hp_gain":0,"max_hp_loss":0,"event_name":"World of Goop","floor":12,"gold_loss":58}],"is_beta":false,"boss_relics":[],"items_purged_floors":[3],"is_endless":false,"potions_floor_spawned":[1,6,13,14],"killed_by":"Hexaghost","ascension_level":19}