{"gold_per_floor":[119,130,144,69,89,149,149,177,177,188,259,276,291,309,309,386,386,396,20,38,57,69,69,97,115,169,169,169,76,76,90,90,169,169,186,22,22,37,37,65,65,165,191,209,159,194,144,157,157,157,157],"floor_reached":52,"playtime":2409,"items_purged":["Strike_R","Strike_R","Strike_R","Parasite"],"score":1892,"play_id":"e750267a-c050-481f-89cd-aae3fd53fc20","local_time":"20190904123025","is_ascension_mode":true,"campfire_choices":[{"data":"Uppercut","floor":7.0,"key":"SMITH"},{"data":"Armaments","floor":15.0,"key":"SMITH"},{"data":"Limit Break","floor":23,"key":"SMITH"},{"data":"Whirlwind","floor":28,"key":"SMITH"},{"data":"Flame Barrier","floor":30,"key":"SMITH"},{"data":"Cleave","floor":32,"key":"SMITH"},{"floor":41,"key":"REST"},{"floor":49,"key":"REST"}],"neow_cost":"NONE","seed_source_timestamp":125263231387300,"circlet_count":0,"master_deck":["AscendersBane","Defend_R","Defend_R","Defend_R","Bash","Uppercut+1","Cleave+1","Shockwave","Whirlwind+1","Immolate+1","Armaments+1","Iron Wave+1","Reaper+1","Shockwave","Mayhem+1","Flame Barrier+1","Flame Barrier+1","Limit Break+1","Reaper+1","Blood for Blood+1","Bludgeon+1","Flame Barrier+1","Heavy Blade+1","Headbutt+1","Shrug It Off+1"],"special_seed":0,"relics":["Burning Blood","Dream Catcher","Tiny Chest","Molten Egg 2","Frozen Egg 2","Letter Opener","Snecko Eye","Pantograph","Smiling Mask","Fusion Hammer","Vajra","Centennial Puzzle","Peace Pipe","Art of War","Mango"],"potions_floor_usage":[16,16,24,33,33,44,50,50],"damage_taken":[{"damage":8.0,"enemies":"Small Slimes","floor":1.0,"turns":4.0},{"damage":7.0,"enemies":"Jaw Worm","floor":2.0,"turns":3.0},{"damage":4.0,"enemies":"Cultist","floor":3.0,"turns":3.0},{"damage":13.0,"enemies":"Blue Slaver","floor":5.0,"turns":3.0},{"damage":20.0,"enemies":"3 Sentries","floor":6.0,"turns":3.0},{"damage":42.0,"enemies":"Gremlin Nob","floor":8.0,"turns":5.0},{"damage":0.0,"enemies":"2 Fungi Beasts","floor":10.0,"turns":2.0},{"damage":0.0,"enemies":"3 Louse","floor":12.0,"turns":1.0},{"damage":12.0,"enemies":"Exordium Wildlife","floor":13.0,"turns":2.0},{"damage":1.0,"enemies":"Exordium Thugs","floor":14.0,"turns":3.0},{"damage":41,"enemies":"Slime Boss","floor":16,"turns":8},{"damage":5,"enemies":"Chosen","floor":18,"turns":3},{"damage":11,"enemies":"2 Thieves","floor":20,"turns":2},{"damage":1,"enemies":"Snecko","floor":21,"turns":5},{"damage":3,"enemies":"3 Cultists","floor":22,"turns":3},{"damage":18,"enemies":"Slavers","floor":24,"turns":5},{"damage":19,"enemies":"Shelled Parasite and Fungi","floor":25,"turns":5},{"damage":36,"enemies":"Chosen and Byrds","floor":31,"turns":5},{"damage":84,"enemies":"Automaton","floor":33,"turns":10},{"damage":26,"enemies":"3 Shapes","floor":35,"turns":3},{"damage":42,"enemies":"3 Darklings","floor":38,"turns":3},{"damage":13,"enemies":"Nemesis","floor":40,"turns":5},{"damage":19,"enemies":"Mind Bloom Boss Battle","floor":42,"turns":4},{"damage":0,"enemies":"Writhing Mass","floor":44,"turns":5},{"damage":31,"enemies":"Reptomancer","floor":46,"turns":4},{"damage":0,"enemies":"Transient","floor":48,"turns":6},{"damage":42,"enemies":"Donu and Deca","floor":50,"turns":5},{"damage":53,"enemies":"Awakened One","floor":51,"turns":11}],"seed_played":"-2822697817189041188","potions_obtained":[{"floor":1.0,"key":"PowerPotion"},{"floor":5.0,"key":"Regen Potion"},{"floor":8.0,"key":"GamblersBrew"},{"floor":10.0,"key":"Poison Potion"},{"floor":13.0,"key":"Regen Potion"},{"floor":16,"key":"SpeedPotion"},{"floor":21,"key":"Poison Potion"},{"floor":24,"key":"BloodPotion"},{"floor":25,"key":"BloodPotion"},{"floor":38,"key":"SneckoOil"},{"floor":40,"key":"SteroidPotion"},{"floor":44,"key":"Poison Potion"}],"is_trial":false,"path_per_floor":["M","M","M","?","M","E","R","E","T","M","T","M","M","M","R","B",null,"M","$","M","M","M","R","E","M","T","?","R","$","R","M","R","B",null,"M","$","?","M","?","E","R","?","T","M","$","E","$","M","R","B","B",null],"character_chosen":"IRONCLAD","items_purchased":["Shockwave","Mayhem+1","Blood for Blood+1","Vajra"],"campfire_rested":2,"item_purchase_floors":[19,19,29,36],"current_hp_per_floor":[66,65,67,67,60,55,55,19,19,25,25,31,25,30,30,10,59,60,60,69,75,75,75,67,61,61,61,61,61,61,45,45,52,69,64,64,64,35,35,38,59,68,68,71,71,60,60,82,82,79,51],"gold":157,"neow_bonus":"RANDOM_COMMON_RELIC","is_prod":false,"is_daily":false,"chose_seed":false,"campfire_upgraded":6,"win_rate":0,"timestamp":1567614625,"path_taken":["M","M","M","?","M","E","R","E","T","M","?","M","M","M","R","BOSS","M","$","M","M","M","R","E","M","T","?","R","$","R","?","R","BOSS","M","$","?","M","?","E","R","?","T","?","$","E","$","M","R","BOSS","BOSS"],"build_version":"2019-07-17","purchased_purges":4,"victory":true,"max_hp_per_floor":[75,75,75,75,75,75,75,75,75,75,75,75,75,75,75,75,75,75,75,75,75,75,75,75,75,75,75,75,75,75,75,75,75,75,75,75,71,71,71,71,71,71,71,71,71,85,82,82,82,82,82],"card_choices":[{"not_picked":["Clothesline","Anger"],"picked":"Uppercut","floor":1.0},{"not_picked":["Sword Boomerang","Clash"],"picked":"Cleave","floor":2.0},{"not_picked":["Anger","Carnage"],"picked":"Shockwave","floor":3.0},{"not_picked":["Havoc","Anger"],"picked":"Whirlwind","floor":5.0},{"not_picked":["Seeing Red","Clash","Warcry"],"picked":"SKIP","floor":6.0},{"not_picked":["Wild Strike","Havoc"],"picked":"Immolate","floor":8.0},{"not_picked":["Infernal Blade","Blood for Blood+1"],"picked":"Armaments","floor":10.0},{"not_picked":["Whirlwind+1","Rage","Body Slam+1"],"picked":"SKIP","floor":12.0},{"not_picked":["Havoc","Reckless Charge+1","Whirlwind+1"],"picked":"SKIP","floor":13.0},{"not_picked":["Warcry","Sword Boomerang+1"],"picked":"Iron Wave+1","floor":14.0},{"not_picked":["Bludgeon+1","Barricade+1"],"picked":"Reaper+1","floor":16},{"not_picked":["Perfected Strike+1","Iron Wave+1","Combust+1"],"picked":"SKIP","floor":18},{"not_picked":["Battle Trance","Iron Wave+1"],"picked":"Flame Barrier","floor":20},{"not_picked":["Armaments","Warcry"],"picked":"Flame Barrier+1","floor":21},{"not_picked":["Pommel Strike+1","Clothesline+1"],"picked":"Limit Break","floor":22},{"not_picked":["Warcry","Havoc","Body Slam+1"],"picked":"SKIP","floor":24},{"not_picked":["Anger+1","True Grit","Wild Strike+1"],"picked":"SKIP","floor":25},{"not_picked":["Body Slam+1","Wild Strike+1","Seeing Red"],"picked":"SKIP","floor":31},{"not_picked":["Limit Break","Exhume"],"picked":"Bludgeon+1","floor":33},{"not_picked":["Corruption+1","Searing Blow+1"],"picked":"Flame Barrier+1","floor":35},{"not_picked":["Twin Strike+1","Warcry","Anger+1"],"picked":"SKIP","floor":38},{"not_picked":["Exhume","Anger+1","Infernal Blade"],"picked":"SKIP","floor":40},{"not_picked":["Clothesline+1","Cleave+1"],"picked":"Heavy Blade+1","floor":41},{"not_picked":["Pummel+1","Bloodletting+1"],"picked":"Headbutt+1","floor":44},{"not_picked":["Warcry","Feel No Pain+1","Anger+1"],"picked":"SKIP","floor":46},{"not_picked":["True Grit","Seeing Red","Combust+1"],"picked":"SKIP","floor":48},{"not_picked":["Warcry","Ghostly Armor"],"picked":"Shrug It Off+1","floor":49}],"player_experience":958287,"relics_obtained":[{"floor":6.0,"key":"Tiny Chest"},{"floor":8.0,"key":"Molten Egg 2"},{"floor":9.0,"key":"Frozen Egg 2"},{"floor":11.0,"key":"Letter Opener"},{"floor":24,"key":"Pantograph"},{"floor":26,"key":"Smiling Mask"},{"floor":40,"key":"Centennial Puzzle"},{"floor":42,"key":"Peace Pipe"},{"floor":43,"key":"Art of War"},{"floor":46,"key":"Mango"}],"event_choices":[{"cards_removed":["Strike_R"],"damage_healed":0.0,"max_hp_gain":0.0,"max_hp_loss":0.0,"gold_gain":0.0,"event_name":"The Cleric","player_choice":"Card Removal","floor":4.0,"gold_loss":75.0,"damage_taken":0.0},{"damage_healed":0,"gold_gain":0,"cards_transformed":["Strike_R"],"player_choice":"Transformed","damage_taken":0,"max_hp_gain":0,"max_hp_loss":0,"event_name":"Transmorgrifier","floor":27,"gold_loss":0,"cards_obtained":["Reaper"]},{"damage_healed":0,"gold_gain":0,"player_choice":"Max HP","damage_taken":0,"max_hp_gain":0,"max_hp_loss":4,"event_name":"Winding Halls","floor":37,"gold_loss":0},{"cards_removed":["Defend_R"],"damage_healed":0,"gold_gain":0,"player_choice":"Removed Skill","damage_taken":0,"max_hp_gain":0,"max_hp_loss":0,"event_name":"Falling","floor":39,"gold_loss":0},{"damage_healed":0,"gold_gain":0,"player_choice":"Fight","damage_taken":0,"max_hp_gain":0,"max_hp_loss":0,"event_name":"MindBloom","floor":42,"gold_loss":0}],"is_beta":false,"boss_relics":[{"not_picked":["Empty Cage","Runic Dome"],"picked":"Snecko Eye"},{"not_picked":["Runic Pyramid","Calling Bell"],"picked":"Fusion Hammer"}],"items_purged_floors":[19,29,45,47],"is_endless":false,"potions_floor_spawned":[1,5,8,10,13,16,21,24,25,31,38,40,44],"ascension_level":20}