{"gold_per_floor":[116,86,100,111,123,123,152,152,152,166,9,9,21,32,32,127,127,94,94,114,134,134,160,160,180,252,252,272,28,55,73,73,172,172,182,182,192,65,165,197,70,86,86,103,103,26,26,36,36,36,36,36,36,36],"floor_reached":54,"playtime":2258,"items_purged":["Strike_B","Parasite","Defend_B"],"score":823,"play_id":"98538023-36df-40a1-b0d1-c34270f05034","local_time":"20191003232104","is_ascension_mode":true,"campfire_choices":[{"data":"Conserve Battery","floor":6,"key":"SMITH"},{"data":"Static Discharge","floor":8,"key":"SMITH"},{"floor":12,"key":"REST"},{"data":"Defragment","floor":15,"key":"SMITH"},{"data":"Buffer","floor":24,"key":"SMITH"},{"data":"Loop","floor":32,"key":"SMITH"},{"floor":47,"key":"RECALL"},{"floor":49,"key":"REST"},{"data":"Buffer","floor":52,"key":"SMITH"}],"neow_cost":"CURSE","seed_source_timestamp":0,"circlet_count":0,"master_deck":["Defend_B","Defend_B","Defend_B","Zap","Dualcast","Coolheaded","Go for the Eyes","Leap","Conserve Battery+1","Static Discharge+1","Go for the Eyes","Defragment+1","Ball Lightning","Lockon","Steam","Buffer+1","Ball Lightning","Bite","Bite","Bite","Bite","Bite","Chill","Coolheaded","Defragment+1","Buffer+1","Redo+1","Loop+1","Barrage+1","Electrodynamics","Blizzard+1","Leap+1","Parasite","Compile Driver","Capacitor+1"],"special_seed":0,"relics":["FrozenCore","Ginger","Question Card","Kunai","Philosopher\u0027s Stone","Letter Opener","Bottled Tornado","Smiling Mask","Anchor","Frozen Egg 2"],"potions_floor_usage":[4,16,23,30,33,40,42,50],"damage_taken":[{"damage":6.0,"enemies":"Jaw Worm","floor":1.0,"turns":2.0},{"damage":1.0,"enemies":"Cultist","floor":3.0,"turns":3.0},{"damage":0,"enemies":"Small Slimes","floor":4,"turns":3},{"damage":5,"enemies":"3 Louse","floor":5,"turns":4},{"damage":21,"enemies":"Gremlin Nob","floor":7,"turns":5},{"damage":4,"enemies":"Looter","floor":10,"turns":3},{"damage":9,"enemies":"Blue Slaver","floor":13,"turns":3},{"damage":6,"enemies":"Red Slaver","floor":14,"turns":3},{"damage":30,"enemies":"Slime Boss","floor":16,"turns":8},{"damage":36,"enemies":"2 Thieves","floor":18,"turns":5},{"damage":0,"enemies":"Spheric Guardian","floor":20,"turns":3},{"damage":17,"enemies":"Snake Plant","floor":21,"turns":4},{"damage":4,"enemies":"Book of Stabbing","floor":23,"turns":6},{"damage":10,"enemies":"Chosen and Byrds","floor":25,"turns":6},{"damage":1,"enemies":"Cultist and Chosen","floor":28,"turns":5},{"damage":30,"enemies":"Slavers","floor":30,"turns":2},{"damage":0,"enemies":"Centurion and Healer","floor":31,"turns":7},{"damage":9,"enemies":"Champ","floor":33,"turns":12},{"damage":7,"enemies":"3 Shapes","floor":35,"turns":5},{"damage":6,"enemies":"Orb Walker","floor":37,"turns":3},{"damage":25,"enemies":"Nemesis","floor":40,"turns":9},{"damage":18,"enemies":"3 Darklings","floor":42,"turns":5},{"damage":9,"enemies":"Writhing Mass","floor":44,"turns":6},{"damage":0,"enemies":"Spire Growth","floor":48,"turns":7},{"damage":0,"enemies":"Time Eater","floor":50,"turns":11},{"damage":60,"enemies":"Shield and Spear","floor":54,"turns":3}],"seed_played":"7818297432672224592","potions_obtained":[{"floor":1.0,"key":"Regen Potion"},{"floor":2.0,"key":"Fire Potion"},{"floor":2.0,"key":"EssenceOfSteel"},{"floor":10,"key":"FairyPotion"},{"floor":18,"key":"PowerPotion"},{"floor":30,"key":"Dexterity Potion"},{"floor":31,"key":"Ancient Potion"},{"floor":35,"key":"PowerPotion"},{"floor":48,"key":"Dexterity Potion"}],"is_trial":false,"path_per_floor":["M","?","M","M","M","R","E","R","T","M","$","R","M","M","R","B",null,"M","?","M","M","?","E","R","M","T","?","M","$","E","M","R","B",null,"M","?","M","$","?","E","$","M","T","M","?","$","R","M","R","B",null,"R","$","E"],"character_chosen":"DEFECT","items_purchased":["Defragment","Ball Lightning","Bottled Tornado","FocusPotion","Regen Potion","Capacitor+1"],"campfire_rested":2,"item_purchase_floors":[11,11,29,38,41,46],"current_hp_per_floor":[69,69,68,68,63,63,42,42,42,38,38,60,51,45,45,30,75,39,39,45,36,36,44,44,42,42,42,47,47,21,35,35,44,52,51,49,47,46,46,29,29,26,26,23,23,23,23,33,46,46,46,46,46,0],"gold":36,"neow_bonus":"ONE_RARE_RELIC","is_prod":false,"is_daily":false,"chose_seed":false,"campfire_upgraded":6,"win_rate":0,"timestamp":1570159264,"path_taken":["M","?","?","M","M","R","E","R","T","M","$","R","M","M","R","BOSS","M","?","M","M","?","E","R","?","T","?","M","$","E","M","R","BOSS","M","?","M","$","?","E","$","?","T","M","?","?","R","M","R","BOSS","R","$","E"],"build_version":"2019-07-17","purchased_purges":3,"victory":false,"max_hp_per_floor":[75,75,75,75,75,75,75,75,75,75,75,75,75,75,75,75,75,75,52,52,52,52,52,52,52,52,52,52,52,52,52,52,52,52,52,49,49,46,46,46,46,46,46,46,46,46,46,46,46,46,46,46,46,46],"card_choices":[{"not_picked":["Stack","Darkness"],"picked":"Coolheaded","floor":1.0},{"not_picked":["White Noise","Undo"],"picked":"Go for the Eyes","floor":3.0},{"not_picked":["Barrage","Steam Power"],"picked":"Leap","floor":4},{"not_picked":["Hologram","Steam"],"picked":"Conserve Battery","floor":5},{"not_picked":["White Noise","Auto Shields"],"picked":"Static Discharge","floor":7},{"not_picked":["Turbo","Fusion","Machine Learning"],"picked":"Go for the Eyes","floor":10},{"not_picked":["Stack","Tempest","Streamline"],"picked":"Lockon","floor":13},{"not_picked":["Rebound","Tempest","Turbo"],"picked":"Steam","floor":14},{"not_picked":["Amplify","Hyperbeam","All For One"],"picked":"Buffer","floor":16},{"not_picked":["Sweeping Beam","Turbo+1","Conserve Battery"],"picked":"Ball Lightning","floor":18},{"not_picked":["Reinforced Body","Consume","Barrage+1"],"picked":"Chill","floor":20},{"not_picked":["Aggregate","Sweeping Beam","Redo"],"picked":"Coolheaded","floor":21},{"not_picked":["White Noise","Compile Driver","Consume"],"picked":"Buffer","floor":23},{"not_picked":["Gash+1","Blizzard","Steam"],"picked":"Redo+1","floor":25},{"not_picked":["Rebound","Beam Cell","Darkness","Scrape"],"picked":"SKIP","floor":28},{"not_picked":["Genetic Algorithm","Melter","Double Energy"],"picked":"Barrage+1","floor":30},{"not_picked":["Melter","Skim","Scrape","Barrage"],"picked":"SKIP","floor":31},{"not_picked":["All For One","Meteor Strike","Amplify"],"picked":"Electrodynamics","floor":33},{"not_picked":["Beam Cell","Tempest","Rebound+1"],"picked":"Blizzard+1","floor":35},{"not_picked":["Melter","Sunder+1","Self Repair+1"],"picked":"Hologram","floor":37},{"not_picked":["Skim","Gash+1","Conserve Battery+1"],"picked":"Leap+1","floor":40},{"not_picked":["Loop","Coolheaded","Gash","Fusion+1"],"picked":"SKIP","floor":42},{"not_picked":["Sunder+1","Steam+1","Machine Learning+1"],"picked":"Compile Driver","floor":44},{"not_picked":["Static Discharge+1","Chill","Auto Shields","Sunder"],"picked":"SKIP","floor":48}],"player_experience":102010,"relics_obtained":[{"floor":7,"key":"Question Card"},{"floor":9,"key":"Kunai"},{"floor":23,"key":"Letter Opener"},{"floor":30,"key":"Smiling Mask"},{"floor":40,"key":"Anchor"},{"floor":43,"key":"Frozen Egg 2"}],"event_choices":[{"damage_healed":0.0,"max_hp_gain":0.0,"max_hp_loss":0.0,"gold_gain":0.0,"event_name":"The Woman in Blue","player_choice":"Bought 2 Potions","floor":2.0,"gold_loss":0.0,"damage_taken":0.0},{"damage_healed":0,"gold_gain":0,"player_choice":"Became a vampire","damage_taken":0,"max_hp_gain":0,"max_hp_loss":23,"event_name":"Vampires","floor":19,"gold_loss":0,"cards_obtained":["Bite","Bite","Bite","Bite","Bite"]},{"damage_healed":0,"gold_gain":0,"player_choice":"Copied","damage_taken":0,"max_hp_gain":0,"max_hp_loss":0,"event_name":"Duplicator","floor":22,"gold_loss":0,"cards_obtained":["Defragment"]},{"damage_healed":0,"gold_gain":0,"player_choice":"Read","damage_taken":0,"max_hp_gain":0,"max_hp_loss":0,"event_name":"The Library","floor":27,"gold_loss":0,"cards_obtained":["Loop"]},{"damage_healed":0,"gold_gain":0,"player_choice":"Max HP","damage_taken":0,"max_hp_gain":0,"max_hp_loss":3,"event_name":"Winding Halls","floor":36,"gold_loss":0},{"damage_healed":0,"gold_gain":100,"player_choice":"Pray","damage_taken":0,"max_hp_gain":0,"max_hp_loss":0,"event_name":"Golden Shrine","floor":39,"gold_loss":0},{"cards_removed":["Hologram"],"damage_healed":0,"gold_gain":0,"player_choice":"Removed Skill","damage_taken":0,"max_hp_gain":0,"max_hp_loss":0,"event_name":"Falling","floor":45,"gold_loss":0}],"is_beta":false,"boss_relics":[{"not_picked":["Orrery","Cursed Key"],"picked":"Philosopher\u0027s Stone"},{"not_picked":["Busted Crown","Runic Pyramid"],"picked":"FrozenCore"}],"items_purged_floors":[11,38,41],"is_endless":false,"potions_floor_spawned":[1,3,10,18,20,30,31,35,48],"killed_by":"Shield and Spear","ascension_level":1}