{"gold_per_floor":[211,44,64,29,44,78,78,88,88,108,108,121,196,34,34,108,108,108,108,33,33],"floor_reached":21,"playtime":848,"items_purged":["Strike_R"],"score":344,"play_id":"21873d74-cb97-4874-89a7-77bbc0c217ae","local_time":"20190826232740","is_ascension_mode":true,"campfire_choices":[{"data":"Bash","floor":7.0,"key":"SMITH"},{"floor":15.0,"key":"REST"}],"neow_cost":"NONE","seed_source_timestamp":0,"circlet_count":0,"master_deck":["AscendersBane","Strike_R","Strike_R","Strike_R","Strike_R","Defend_R","Defend_R","Defend_R","Defend_R","Bash+1","Sword Boomerang","Offering","Power Through","Blood for Blood","Fiend Fire","Whirlwind","Armaments","Feel No Pain","Flame Barrier","Feed","Shrug It Off","Shrug It Off"],"special_seed":0,"relics":["Burning Blood","Boot","Art of War","Ectoplasm"],"potions_floor_usage":[16,21,21],"damage_taken":[{"damage":10.0,"enemies":"2 Louse","floor":1.0,"turns":3.0},{"damage":10.0,"enemies":"Small Slimes","floor":3.0,"turns":3.0},{"damage":10.0,"enemies":"Jaw Worm","floor":5.0,"turns":4.0},{"damage":51.0,"enemies":"3 Sentries","floor":6.0,"turns":10.0},{"damage":14.0,"enemies":"3 Louse","floor":8.0,"turns":3.0},{"damage":2.0,"enemies":"Exordium Wildlife","floor":10.0,"turns":3.0},{"damage":12.0,"enemies":"Looter","floor":12.0,"turns":2.0},{"damage":26,"enemies":"Slime Boss","floor":16,"turns":10},{"damage":15,"enemies":"Shell Parasite","floor":18,"turns":5},{"damage":16,"enemies":"Spheric Guardian","floor":19,"turns":4},{"damage":39,"enemies":"3 Cultists","floor":21,"turns":5}],"seed_played":"-4453313436824312538","potions_obtained":[{"floor":10.0,"key":"LiquidBronze"},{"floor":16,"key":"EssenceOfSteel"},{"floor":19,"key":"EssenceOfSteel"}],"is_trial":false,"path_per_floor":["M","$","M","?","M","E","R","M","T","M","?","M","?","$","R","B",null,"M","M","$","M"],"character_chosen":"IRONCLAD","items_purchased":["Offering","Feel No Pain","Flame Barrier"],"campfire_rested":1,"item_purchase_floors":[2,14,14],"current_hp_per_floor":[64,64,60,75,71,26,26,18,18,22,22,16,5,5,27,7,58,49,39,39,0],"gold":33,"neow_bonus":"HUNDRED_GOLD","is_prod":false,"is_daily":false,"chose_seed":false,"campfire_upgraded":1,"win_rate":0,"timestamp":1566876460,"path_taken":["M","$","M","?","M","E","R","M","T","M","?","M","?","$","R","BOSS","M","M","$","M"],"build_version":"2019-07-17","purchased_purges":1,"victory":false,"max_hp_per_floor":[75,75,75,75,75,75,75,75,75,75,75,75,75,75,75,75,75,75,75,75,75],"card_choices":[{"not_picked":["Corruption","Twin Strike"],"picked":"Sword Boomerang","floor":1.0},{"not_picked":["Havoc","Second Wind"],"picked":"Power Through","floor":3.0},{"not_picked":["Clash","Sword Boomerang"],"picked":"Blood for Blood","floor":5.0},{"not_picked":["Entrench","Pummel"],"picked":"Fiend Fire","floor":6.0},{"not_picked":["Pommel Strike","Rage"],"picked":"Whirlwind","floor":8.0},{"not_picked":["Sword Boomerang","Havoc","Iron Wave"],"picked":"SKIP","floor":10.0},{"not_picked":["Headbutt","Iron Wave"],"picked":"Armaments","floor":12.0},{"not_picked":["Impervious","Fiend Fire"],"picked":"Feed","floor":16},{"not_picked":["Headbutt","Armaments"],"picked":"Shrug It Off","floor":18},{"not_picked":["Perfected Strike+1","Power Through"],"picked":"Shrug It Off","floor":19}],"player_experience":914573,"relics_obtained":[{"floor":6.0,"key":"Boot"},{"floor":9.0,"key":"Art of War"}],"event_choices":[{"damage_healed":18.0,"max_hp_gain":0.0,"max_hp_loss":0.0,"gold_gain":0.0,"event_name":"The Cleric","player_choice":"Healed","floor":4.0,"gold_loss":35.0,"damage_taken":0.0},{"damage_healed":0.0,"max_hp_gain":0.0,"max_hp_loss":0.0,"gold_gain":0.0,"event_name":"Dead Adventurer","player_choice":"Searched \u00270\u0027 times","floor":11.0,"gold_loss":0.0,"damage_taken":0.0},{"damage_healed":0.0,"max_hp_gain":0.0,"max_hp_loss":0.0,"gold_gain":75.0,"event_name":"World of Goop","player_choice":"Gather Gold","floor":13.0,"gold_loss":0.0,"damage_taken":11.0}],"is_beta":false,"boss_relics":[{"not_picked":["Runic Dome","Busted Crown"],"picked":"Ectoplasm"}],"items_purged_floors":[20],"is_endless":false,"potions_floor_spawned":[10,16,19],"killed_by":"3 Cultists","ascension_level":18}