{"gold_per_floor":[109,124,124,139,151,151,163,163,163,181,213,228,153,185,185,258,258,275,275,3,21,21,48,48,75,75,75,75,105,124,124,124,202,202,222,222,57,106,116,116,116],"floor_reached":41,"playtime":1830,"items_purged":["Strike_P","Strike_P","Decay"],"score":1110,"play_id":"48642cd1-e40e-481d-a4ac-4299a4001501","local_time":"20191020160257","is_ascension_mode":true,"campfire_choices":[{"data":"Eruption","floor":6.0,"key":"SMITH"},{"data":"Wallop","floor":8.0,"key":"SMITH"},{"data":"Alpha","floor":15.0,"key":"SMITH"},{"floor":24.0,"key":"REST"},{"floor":27.0,"key":"REST"},{"floor":32.0,"key":"REST"},{"data":"Ghostly","floor":40,"key":"SMITH"}],"neow_cost":"NONE","seed_source_timestamp":0,"circlet_count":0,"master_deck":["AscendersBane","Defend_P","Defend_P","Defend_P","Defend_P","Eruption+1","Vigilance","SashWhip","EmptyMind","Consecrate","Wallop+1","Alpha+1","Meditate","Establishment","PathToVictory+1","Ghostly+1","Ghostly","Ghostly","JustLucky","SpiritShield","Collect","JustLucky","Wireheading+1","Perseverance+1","Ragnarok","Scrawl"],"special_seed":0,"relics":["PureWater","Mango","Unceasing Top","Letter Opener","VioletLotus","Strawberry","Kunai","White Beast Statue","Ornamental Fan","Sundial","Busted Crown","Gambling Chip"],"potions_floor_usage":[33,33],"damage_taken":[{"damage":5.0,"enemies":"Cultist","floor":1.0,"turns":4.0},{"damage":3.0,"enemies":"2 Louse","floor":2.0,"turns":4.0},{"damage":2.0,"enemies":"Jaw Worm","floor":4.0,"turns":3.0},{"damage":11.0,"enemies":"2 Fungi Beasts","floor":5.0,"turns":4.0},{"damage":0.0,"enemies":"Looter","floor":7.0,"turns":1.0},{"damage":0.0,"enemies":"3 Louse","floor":10.0,"turns":3.0},{"damage":0.0,"enemies":"Gremlin Nob","floor":11.0,"turns":2.0},{"damage":4.0,"enemies":"2 Fungi Beasts","floor":12.0,"turns":3.0},{"damage":48.0,"enemies":"Lagavulin","floor":14.0,"turns":6.0},{"damage":0.0,"enemies":"Slime Boss","floor":16.0,"turns":4.0},{"damage":22.0,"enemies":"Spheric Guardian","floor":18.0,"turns":5.0},{"damage":19.0,"enemies":"Shell Parasite","floor":21.0,"turns":5.0},{"damage":27.0,"enemies":"Slavers","floor":23.0,"turns":5.0},{"damage":2.0,"enemies":"Gremlin Leader","floor":25.0,"turns":7.0},{"damage":29.0,"enemies":"Slavers","floor":29.0,"turns":5.0},{"damage":1.0,"enemies":"3 Cultists","floor":30.0,"turns":4.0},{"damage":0,"enemies":"Automaton","floor":33,"turns":7},{"damage":2,"enemies":"3 Darklings","floor":35,"turns":4},{"damage":6,"enemies":"2 Orb Walkers","floor":38,"turns":5},{"damage":5,"enemies":"Orb Walker","floor":39,"turns":5},{"damage":45,"enemies":"Nemesis","floor":41,"turns":7}],"seed_played":"2728544635948431144","potions_obtained":[{"floor":1.0,"key":"AttackPotion"},{"floor":5.0,"key":"Dexterity Potion"},{"floor":11.0,"key":"CultistPotion"},{"floor":33,"key":"LiquidBronze"},{"floor":35,"key":"BottledMiracle"},{"floor":38,"key":"Block Potion"}],"is_trial":false,"path_per_floor":["M","M","$","M","M","R","M","R","T","M","E","M","$","E","R","B",null,"M","?","$","M","?","E","R","E","T","R","$","E","M","?","R","B",null,"M","?","$","?","M","R","E"],"character_chosen":"WATCHER","items_purchased":["Strawberry","Scrawl"],"campfire_rested":3,"item_purchase_floors":[20,37],"current_hp_per_floor":[62,59,59,57,46,46,46,46,60,60,60,56,56,8,8,8,68,46,44,51,32,32,5,20,18,18,33,33,4,3,3,18,18,43,41,41,41,35,30,30,0],"gold":116,"neow_bonus":"TEN_PERCENT_HP_BONUS","is_prod":false,"is_daily":false,"chose_seed":false,"campfire_upgraded":4,"win_rate":0,"timestamp":1571601777,"path_taken":["M","M","$","M","?","R","M","R","T","M","E","?","$","E","R","BOSS","M","?","$","M","?","E","R","E","T","R","$","E","M","?","R","BOSS","M","?","$","?","M","R","E"],"build_version":"2019-10-18","purchased_purges":3,"victory":false,"max_hp_per_floor":[74,74,74,74,74,74,74,74,88,88,88,88,88,88,88,88,88,88,44,51,51,51,51,51,51,51,51,51,51,51,51,51,51,51,51,51,51,51,51,51,51],"card_choices":[{"not_picked":["JustLucky","Prostrate"],"picked":"SignatureMove","floor":1.0},{"not_picked":["Protect","WreathOfFlame"],"picked":"SashWhip","floor":2.0},{"not_picked":["CrushJoints","Sanctity"],"picked":"EmptyMind","floor":4.0},{"not_picked":["CrushJoints","ClearTheMind"],"picked":"Consecrate","floor":5.0},{"not_picked":["Indignation","WaveOfTheHand"],"picked":"Wallop","floor":7.0},{"not_picked":["Prostrate","Collect","ThirdEye"],"picked":"SKIP","floor":10.0},{"not_picked":["Nirvana","Study"],"picked":"Alpha","floor":11.0},{"not_picked":["BowlingBash","Consecrate"],"picked":"Meditate","floor":12.0},{"not_picked":["FollowUp","FlurryOfBlows","TalkToTheHand"],"picked":"SKIP","floor":14.0},{"not_picked":["LessonLearned","Alpha"],"picked":"Establishment","floor":16.0},{"not_picked":["JustLucky","Consecrate"],"picked":"PathToVictory+1","floor":18.0},{"not_picked":["JustLucky","Consecrate","EmptyFist"],"picked":"SKIP","floor":21.0},{"not_picked":["Consecrate","EmptyFist"],"picked":"JustLucky","floor":21.0},{"not_picked":["Adaptation","Prostrate+1","EmptyBody"],"picked":"SKIP","floor":23.0},{"not_picked":["ReachHeaven","Consecrate"],"picked":"JustLucky","floor":25.0},{"not_picked":["Collect","DeceiveReality"],"picked":"Wireheading+1","floor":29.0},{"not_picked":["CutThroughFate","Crescendo"],"picked":"Perseverance+1","floor":30.0},{"not_picked":["Wish","DeusExMachina"],"picked":"Ragnarok","floor":33},{"not_picked":["WaveOfTheHand"],"picked":"SKIP","floor":35},{"not_picked":["ReachHeaven"],"picked":"SKIP","floor":39}],"player_experience":1359807,"relics_obtained":[{"floor":9.0,"key":"Mango"},{"floor":11.0,"key":"Unceasing Top"},{"floor":14.0,"key":"Letter Opener"},{"floor":23.0,"key":"Kunai"},{"floor":25.0,"key":"White Beast Statue"},{"floor":26.0,"key":"Ornamental Fan"},{"floor":29.0,"key":"Sundial"},{"floor":38,"key":"Gambling Chip"}],"event_choices":[{"damage_healed":0.0,"max_hp_gain":0.0,"max_hp_loss":44.0,"gold_gain":0.0,"event_name":"Ghosts","player_choice":"Became a Ghost","floor":19.0,"gold_loss":0.0,"damage_taken":0.0,"cards_obtained":["Ghostly","Ghostly","Ghostly"]},{"damage_healed":0.0,"max_hp_gain":0.0,"max_hp_loss":0.0,"gold_gain":0.0,"cards_transformed":["Strike_P","Strike_P"],"event_name":"Drug Dealer","player_choice":"Became Test Subject","floor":22.0,"gold_loss":0.0,"damage_taken":0.0,"cards_obtained":["SpiritShield","Collect"]},{"damage_healed":0.0,"max_hp_gain":0.0,"max_hp_loss":0.0,"gold_gain":0.0,"event_name":"Forgotten Altar","player_choice":"Smashed Altar","floor":31.0,"gold_loss":0.0,"damage_taken":0.0,"cards_obtained":["Decay"]},{"cards_removed":["SignatureMove"],"damage_healed":0,"gold_gain":0,"player_choice":"Removed Attack","damage_taken":0,"max_hp_gain":0,"max_hp_loss":0,"event_name":"Falling","floor":36,"gold_loss":0},{"damage_healed":0,"gold_gain":0,"player_choice":"Fight","damage_taken":0,"max_hp_gain":0,"max_hp_loss":0,"event_name":"Mysterious Sphere","floor":38,"gold_loss":0}],"is_beta":true,"boss_relics":[{"not_picked":["Black Star","SacredBark"],"picked":"VioletLotus"},{"not_picked":["Snecko Eye","Velvet Choker"],"picked":"Busted Crown"}],"items_purged_floors":[13,20,37],"is_endless":false,"potions_floor_spawned":[1,5,7,11,14,16,21,23,29,30,33,35,38,39],"killed_by":"Nemesis","ascension_level":18}