{"gold_per_floor":[111,111,121,138,149,183,183,217,244,244,17,31,59,70,70,144,144,84,41,41,41,41,41,41,41,41,41,41,41,41,41,41,41],"floor_reached":33,"playtime":1118,"items_purged":[],"score":542,"play_id":"855d813d-a52d-4921-aef3-2aa3d056419a","local_time":"20190827220514","is_ascension_mode":true,"campfire_choices":[{"data":"Bash","floor":7.0,"key":"SMITH"},{"data":"Flame Barrier","floor":15,"key":"SMITH"},{"data":"J.A.X.","floor":24,"key":"SMITH"},{"data":"Ghostly","floor":28,"key":"SMITH"},{"data":"True Grit","floor":32,"key":"SMITH"}],"neow_cost":"NONE","seed_source_timestamp":334506338744700,"circlet_count":0,"master_deck":["AscendersBane","Strike_R","Strike_R","Strike_R","Strike_R","Defend_R","Defend_R","Defend_R","Defend_R","Bash+1","Flame Barrier+1","Hemokinesis","Thunderclap","Feed","Clothesline+1","Uppercut","Fiend Fire","Exhume","Burning Pact","Feel No Pain","Shrug It Off","J.A.X.+1","Cleave+1","Ghostly+1","Ghostly+1","Ghostly","True Grit+1"],"special_seed":0,"relics":["Burning Blood","Centennial Puzzle","Boot","Art of War","Pear","Orichalcum","Regal Pillow","Ectoplasm","Whetstone","Strawberry"],"potions_floor_usage":[13,16,27,33],"damage_taken":[{"damage":1.0,"enemies":"Cultist","floor":1.0,"turns":3.0},{"damage":2.0,"enemies":"Jaw Worm","floor":3.0,"turns":5.0},{"damage":3.0,"enemies":"Small Slimes","floor":4.0,"turns":4.0},{"damage":8.0,"enemies":"Blue Slaver","floor":5.0,"turns":4.0},{"damage":11.0,"enemies":"Gremlin Nob","floor":6.0,"turns":3.0},{"damage":26.0,"enemies":"Lagavulin","floor":8.0,"turns":5.0},{"damage":1,"enemies":"3 Louse","floor":12,"turns":3},{"damage":17,"enemies":"Gremlin Nob","floor":13,"turns":4},{"damage":10,"enemies":"Exordium Thugs","floor":14,"turns":4},{"damage":53,"enemies":"Hexaghost","floor":16,"turns":10},{"damage":19,"enemies":"2 Thieves","floor":18,"turns":4},{"damage":9,"enemies":"Shell Parasite","floor":21,"turns":2},{"damage":26,"enemies":"Book of Stabbing","floor":23,"turns":4},{"damage":12,"enemies":"Centurion and Healer","floor":27,"turns":5},{"damage":15,"enemies":"Snake Plant","floor":31,"turns":5},{"damage":65,"enemies":"Champ","floor":33,"turns":14}],"seed_played":"1700181017439499635","potions_obtained":[{"floor":3.0,"key":"Energy Potion"},{"floor":5.0,"key":"Explosive Potion"},{"floor":6.0,"key":"Strength Potion"},{"floor":12,"key":"Swift Potion"},{"floor":18,"key":"Explosive Potion"},{"floor":21,"key":"GamblersBrew"}],"is_trial":false,"path_per_floor":["M","?","M","M","M","E","R","E","T","T","$","M","E","M","R","B",null,"M","$","?","M","?","E","R","?","T","M","R","$","?","M","R","B"],"character_chosen":"IRONCLAD","items_purchased":["Orichalcum","Block Potion","Feel No Pain"],"campfire_rested":0,"item_purchase_floors":[11,11,19],"current_hp_per_floor":[73,78,80,80,78,73,73,56,56,66,66,74,66,65,65,18,81,68,68,68,65,65,45,45,45,52,49,49,49,49,40,40,0],"gold":41,"neow_bonus":"REMOVE_CARD","is_prod":false,"is_daily":false,"chose_seed":false,"campfire_upgraded":5,"win_rate":0,"timestamp":1566957914,"path_taken":["M","?","M","M","M","E","R","E","T","?","$","M","E","M","R","BOSS","M","$","?","M","?","E","R","?","T","M","R","?","?","?","R","BOSS"],"build_version":"2019-07-17","purchased_purges":0,"victory":false,"max_hp_per_floor":[75,80,80,80,80,80,80,83,83,93,93,96,99,102,102,102,102,102,102,102,102,102,102,102,51,58,61,61,61,61,61,61,61],"card_choices":[{"not_picked":["Sword Boomerang","Flex"],"picked":"Flame Barrier","floor":1.0},{"not_picked":["Wild Strike","Body Slam"],"picked":"Hemokinesis","floor":3.0},{"not_picked":["Ghostly Armor","Hemokinesis"],"picked":"Thunderclap","floor":4.0},{"not_picked":["Clash","Bloodletting","Body Slam"],"picked":"SKIP","floor":5.0},{"not_picked":["Shockwave","Pummel"],"picked":"Feed","floor":6.0},{"not_picked":["Perfected Strike","Sword Boomerang"],"picked":"Clothesline","floor":8.0},{"not_picked":["Carnage","Corruption"],"picked":"Uppercut","floor":12},{"not_picked":["Havoc","Infernal Blade","Iron Wave"],"picked":"SKIP","floor":13},{"not_picked":["Metallicize","Seeing Red"],"picked":"Fiend Fire","floor":14},{"not_picked":["Dark Embrace","Feed"],"picked":"Exhume","floor":16},{"not_picked":["Wild Strike","Perfected Strike+1"],"picked":"Burning Pact","floor":18},{"not_picked":["Wild Strike","Cleave"],"picked":"Shrug It Off","floor":21},{"not_picked":["Armaments","Entrench"],"picked":"Cleave","floor":23},{"not_picked":["Body Slam+1","Thunderclap+1","Iron Wave"],"picked":"SKIP","floor":27},{"not_picked":["Armaments","Inflame"],"picked":"True Grit","floor":31}],"player_experience":920989,"relics_obtained":[{"floor":6.0,"key":"Centennial Puzzle"},{"floor":8.0,"key":"Boot"},{"floor":9.0,"key":"Art of War"},{"floor":10.0,"key":"Pear"},{"floor":13,"key":"Regal Pillow"},{"floor":23,"key":"Whetstone"},{"floor":26,"key":"Strawberry"}],"event_choices":[{"damage_healed":0.0,"max_hp_gain":5.0,"max_hp_loss":0.0,"gold_gain":0.0,"event_name":"Big Fish","player_choice":"Donut","floor":2.0,"gold_loss":0.0,"damage_taken":0.0},{"damage_healed":0,"gold_gain":0,"player_choice":"Ignored","damage_taken":0,"max_hp_gain":0,"max_hp_loss":0,"event_name":"The Mausoleum","floor":20,"gold_loss":0},{"damage_healed":0,"gold_gain":0,"player_choice":"Obtain J.A.X.","damage_taken":0,"max_hp_gain":0,"max_hp_loss":0,"event_name":"Drug Dealer","floor":22,"gold_loss":0,"cards_obtained":["J.A.X."]},{"damage_healed":0,"gold_gain":0,"player_choice":"Became a Ghost","damage_taken":0,"max_hp_gain":0,"max_hp_loss":51,"event_name":"Ghosts","floor":25,"gold_loss":0,"cards_obtained":["Ghostly","Ghostly","Ghostly"]},{"damage_healed":0,"gold_gain":0,"player_choice":"Upgraded","damage_taken":0,"max_hp_gain":0,"max_hp_loss":0,"event_name":"Upgrade Shrine","floor":30,"gold_loss":0,"cards_upgraded":["Ghostly"]}],"is_beta":false,"boss_relics":[{"not_picked":["Runic Dome","White Beast Statue"],"picked":"Ectoplasm"}],"items_purged_floors":[],"is_endless":false,"potions_floor_spawned":[3,5,6,12,18,21],"killed_by":"Champ","ascension_level":18}