{"gold_per_floor":[212,225,244,244,255,255,285,285,358,408,433,433,168,188,188,188],"floor_reached":16,"playtime":509,"items_purged":["Strike_R"],"score":209,"play_id":"2b1cbf76-51a6-4c15-ab66-b9a72f670c66","local_time":"20190828203832","is_ascension_mode":true,"campfire_choices":[{"data":"Hemokinesis","floor":6,"key":"SMITH"},{"floor":8,"key":"REST"},{"data":"Armaments","floor":12,"key":"SMITH"},{"data":"True Grit","floor":15,"key":"SMITH"}],"neow_cost":"NONE","seed_source_timestamp":416365592216900,"circlet_count":0,"master_deck":["AscendersBane","Strike_R","Strike_R","Strike_R","Strike_R","Defend_R","Defend_R","Defend_R","Defend_R","Bash+1","Iron Wave","Battle Trance","Hemokinesis+1","Armaments+1","Clothesline","Feel No Pain","True Grit+1","Warcry"],"relics":["Burning Blood","StoneCalendar","Bottled Flame","Orichalcum"],"potions_floor_usage":[7,11,11],"damage_taken":[{"damage":10,"enemies":"Small Slimes","floor":1,"turns":3},{"damage":4,"enemies":"Jaw Worm","floor":2,"turns":5},{"damage":16,"enemies":"2 Louse","floor":3,"turns":4},{"damage":32,"enemies":"Large Slime","floor":5,"turns":5},{"damage":27,"enemies":"3 Sentries","floor":7,"turns":10},{"damage":10,"enemies":"Gremlin Nob","floor":11,"turns":3},{"damage":11,"enemies":"Blue Slaver","floor":14,"turns":4},{"damage":22,"enemies":"The Guardian","floor":16,"turns":2}],"seed_played":"-7933965974621636549","potions_obtained":[{"floor":1,"key":"SpeedPotion"},{"floor":2,"key":"LiquidBronze"},{"floor":5,"key":"Swift Potion"},{"floor":7,"key":"Poison Potion"}],"is_trial":false,"path_per_floor":["M","M","M","?","M","R","E","R","T","?","E","R","$","M","R","B"],"character_chosen":"IRONCLAD","items_purchased":["Feel No Pain","True Grit","Warcry"],"campfire_rested":1,"item_purchase_floors":[13,13,13],"current_hp_per_floor":[64,66,56,56,30,30,9,31,31,31,27,27,27,22,22,0],"gold":188,"neow_bonus":"HUNDRED_GOLD","is_prod":false,"is_daily":false,"chose_seed":false,"campfire_upgraded":3,"win_rate":0,"timestamp":1567039112,"path_taken":["M","M","M","?","M","R","E","R","T","?","E","R","$","M","R","BOSS"],"build_version":"2019-07-17","purchased_purges":1,"victory":false,"max_hp_per_floor":[75,75,75,75,75,75,75,75,75,75,75,75,75,75,75,75],"card_choices":[{"not_picked":["Rage","Havoc"],"picked":"Iron Wave","floor":1},{"not_picked":["Second Wind","Rupture"],"picked":"Battle Trance","floor":2},{"not_picked":["Dual Wield","Body Slam"],"picked":"Hemokinesis","floor":3},{"not_picked":["Twin Strike","Sword Boomerang"],"picked":"Armaments","floor":5},{"not_picked":["Heavy Blade","Perfected Strike","Clash"],"picked":"SKIP","floor":7},{"not_picked":["Dual Wield","Perfected Strike"],"picked":"Clothesline","floor":11},{"not_picked":["Anger","Cleave","Infernal Blade"],"picked":"SKIP","floor":14}],"player_experience":925551,"relics_obtained":[{"floor":7,"key":"StoneCalendar"},{"floor":9,"key":"Bottled Flame"},{"floor":11,"key":"Orichalcum"}],"event_choices":[{"damage_healed":0,"gold_gain":0,"player_choice":"Grow","damage_taken":0,"max_hp_gain":0,"max_hp_loss":0,"event_name":"Living Wall","floor":4,"gold_loss":0,"cards_upgraded":["Bash"]},{"damage_healed":0,"gold_gain":50,"player_choice":"Gained Gold","damage_taken":0,"max_hp_gain":0,"max_hp_loss":0,"event_name":"Golden Wing","floor":10,"gold_loss":0}],"is_beta":false,"boss_relics":[],"items_purged_floors":[13],"is_endless":false,"potions_floor_spawned":[1,2,5,7],"killed_by":"The Guardian","ascension_level":18}