{"gold_per_floor":[117,292,292,292,312,339,45,45,45,45,45,45],"floor_reached":12,"playtime":286,"items_purged":[],"score":78,"play_id":"ad5b004e-61d9-4f48-a0fd-1c9653a39e3f","local_time":"20190929182923","is_ascension_mode":true,"campfire_choices":[{"floor":8,"key":"REST"},{"data":"Rage","floor":10,"key":"SMITH"}],"neow_cost":"NONE","seed_source_timestamp":0,"circlet_count":0,"master_deck":["Strike_R","Strike_R","Strike_R+1","Strike_R","Strike_R","Defend_R","Defend_R","Defend_R+1","Defend_R","Bash","Twin Strike","Doubt","Thunderclap","Disarm","Rage+1","Shockwave"],"special_seed":0,"relics":["Burning Blood","Dream Catcher","Happy Flower","Molten Egg 2","Darkstone Periapt"],"potions_floor_usage":[],"damage_taken":[{"damage":7.0,"enemies":"2 Louse","floor":1.0,"turns":3.0},{"damage":3,"enemies":"Small Slimes","floor":5,"turns":3},{"damage":48,"enemies":"Lagavulin","floor":6,"turns":8},{"damage":49,"enemies":"3 Sentries","floor":12,"turns":6}],"seed_played":"912252684853987575","potions_obtained":[{"floor":6,"key":"Swift Potion"}],"is_trial":false,"path_per_floor":["M","?","?","?","M","E","$","R","T","R","$","E"],"character_chosen":"IRONCLAD","items_purchased":["Rage","Molten Egg 2"],"campfire_rested":1,"item_purchase_floors":[7,7],"current_hp_per_floor":[87,87,69,62,65,23,23,49,49,49,49,0],"gold":45,"neow_bonus":"TEN_PERCENT_HP_BONUS","is_prod":false,"is_daily":false,"chose_seed":false,"campfire_upgraded":1,"win_rate":0,"timestamp":1569796163,"path_taken":["M","?","?","?","?","E","$","R","T","R","?","E"],"build_version":"2019-07-17","purchased_purges":0,"victory":false,"max_hp_per_floor":[88,88,88,88,88,88,88,88,88,88,88,88],"card_choices":[{"not_picked":["Anger","Bloodletting"],"picked":"Twin Strike","floor":1},{"not_picked":["Sever Soul","Twin Strike"],"picked":"Thunderclap","floor":5},{"not_picked":["Double Tap","Flex"],"picked":"Disarm","floor":6},{"not_picked":["Perfected Strike+1","Fire Breathing"],"picked":"Shockwave","floor":8}],"player_experience":95246,"relics_obtained":[{"floor":6,"key":"Happy Flower"},{"floor":9,"key":"Darkstone Periapt"}],"event_choices":[{"damage_healed":0,"gold_gain":175,"player_choice":"AGREE","damage_taken":0,"max_hp_gain":0,"max_hp_loss":0,"event_name":"Liars Game","floor":2,"gold_loss":0,"cards_obtained":["Doubt"]},{"damage_healed":0,"gold_gain":0,"player_choice":"Entered Light","damage_taken":18,"max_hp_gain":0,"max_hp_loss":0,"event_name":"Shining Light","floor":3,"gold_loss":0,"cards_upgraded":["Defend_R","Strike_R"]},{"damage_healed":0,"gold_gain":0,"player_choice":"Success","damage_taken":7,"relics_obtained":["Dream Catcher"],"max_hp_gain":0,"max_hp_loss":0,"event_name":"Scrap Ooze","floor":4,"gold_loss":0}],"is_beta":false,"boss_relics":[],"items_purged_floors":[],"is_endless":false,"potions_floor_spawned":[6],"killed_by":"3 Sentries","ascension_level":1}