{"gold_per_floor":[99,99,1,1,1,1,1,1,1,1,1,1,1,1,1,1,1,1,0,0,0],"floor_reached":21,"playtime":812,"items_purged":["Strike_B"],"score":325,"play_id":"3cb8d619-0e2d-4640-b4cc-43fb1c57d57c","local_time":"20190812164917","is_ascension_mode":true,"campfire_choices":[{"data":"Zap","floor":7,"key":"SMITH"},{"data":"Static Discharge","floor":11,"key":"SMITH"},{"data":"Coolheaded","floor":15,"key":"SMITH"}],"neow_cost":"NONE","seed_source_timestamp":26014244576200,"circlet_count":0,"master_deck":["AscendersBane","Strike_B","Strike_B","Strike_B","Defend_B","Defend_B","Defend_B","Defend_B","Zap+1","Dualcast","Static Discharge+1","Leap","Coolheaded+1","Conserve Battery","Sweeping Beam","Compile Driver","Redo","Biased Cognition","Conserve Battery","Capacitor"],"relics":["Ectoplasm","Shuriken","Happy Flower","Centennial Puzzle","Calipers","Sozu"],"potions_floor_usage":[6,16],"damage_taken":[{"damage":2,"enemies":"Jaw Worm","floor":1,"turns":3},{"damage":8,"enemies":"2 Louse","floor":2,"turns":2},{"damage":9,"enemies":"3 Sentries","floor":6,"turns":4},{"damage":0,"enemies":"Cultist","floor":8,"turns":4},{"damage":2,"enemies":"Lagavulin","floor":10,"turns":9},{"damage":6,"enemies":"Lots of Slimes","floor":12,"turns":3},{"damage":2,"enemies":"2 Fungi Beasts","floor":14,"turns":3},{"damage":15,"enemies":"Hexaghost","floor":16,"turns":9},{"damage":2,"enemies":"3 Byrds","floor":18,"turns":4},{"damage":10,"enemies":"2 Thieves","floor":19,"turns":5},{"damage":19,"enemies":"Snake Plant","floor":20,"turns":2},{"damage":58,"enemies":"Cultist and Chosen","floor":21,"turns":6}],"seed_played":"-8312326368702029100","potions_obtained":[{"floor":5,"key":"PowerPotion"},{"floor":5,"key":"Block Potion"},{"floor":10,"key":"Strength Potion"},{"floor":12,"key":"SpeedPotion"}],"is_trial":false,"path_per_floor":["M","M","$","?","?","E","R","M","T","E","R","M","$","M","R","B",null,"M","M","M","M"],"character_chosen":"DEFECT","items_purchased":["Coolheaded"],"campfire_rested":0,"item_purchase_floors":[3],"current_hp_per_floor":[62,54,54,51,51,42,42,42,42,40,40,34,34,32,32,17,58,56,46,27,0],"gold":0,"neow_bonus":"BOSS_RELIC","is_prod":false,"is_daily":false,"chose_seed":false,"campfire_upgraded":3,"win_rate":0,"timestamp":1565642957,"path_taken":["M","M","$","?","?","E","R","?","T","E","R","M","$","M","R","BOSS","M","M","M","M"],"build_version":"2019-07-17","purchased_purges":1,"victory":false,"max_hp_per_floor":[71,71,71,71,71,71,71,71,71,71,71,71,71,71,71,71,71,71,71,71,71],"card_choices":[{"not_picked":["Redo","Barrage"],"picked":"Static Discharge","floor":1},{"not_picked":["Recycle","Rebound"],"picked":"Leap","floor":2},{"not_picked":["Heatsinks","Amplify"],"picked":"Conserve Battery","floor":6},{"not_picked":["Beam Cell","Double Energy"],"picked":"Sweeping Beam","floor":8},{"not_picked":["Barrage","Steam"],"picked":"Compile Driver","floor":10},{"not_picked":["Streamline","Compile Driver"],"picked":"Redo","floor":12},{"not_picked":["Coolheaded","Rebound","Turbo"],"picked":"SKIP","floor":14},{"not_picked":["Amplify","All For One"],"picked":"Biased Cognition","floor":16},{"not_picked":["Redo","Rip and Tear"],"picked":"Conserve Battery","floor":18},{"not_picked":["Redo+1","Compile Driver","Sweeping Beam"],"picked":"SKIP","floor":19},{"not_picked":["Hologram","Steam"],"picked":"Capacitor","floor":20}],"player_experience":704260,"relics_obtained":[{"floor":6,"key":"Happy Flower"},{"floor":9,"key":"Centennial Puzzle"},{"floor":10,"key":"Calipers"}],"event_choices":[{"damage_healed":0,"gold_gain":0,"player_choice":"Success","damage_taken":3,"relics_obtained":["Shuriken"],"max_hp_gain":0,"max_hp_loss":0,"event_name":"Scrap Ooze","floor":4,"gold_loss":0},{"damage_healed":0,"gold_gain":0,"player_choice":"Got Potions","damage_taken":0,"max_hp_gain":0,"max_hp_loss":0,"event_name":"Lab","floor":5,"gold_loss":0}],"is_beta":false,"boss_relics":[{"not_picked":["Black Star","Philosopher\u0027s Stone"],"picked":"Sozu"}],"items_purged_floors":[3],"is_endless":false,"potions_floor_spawned":[10,12],"killed_by":"Cultist and Chosen","ascension_level":14}