{"gold_per_floor":[109,109,191,366,384,447,130,147,216,216,233,181,195,208,208,303,303,314,413,425,444,444],"floor_reached":22,"playtime":1247,"items_purged":["Doubt"],"score":298,"play_id":"0552ab4b-b4dc-4fd8-b035-e56715c64177","local_time":"20190722103758","is_ascension_mode":true,"campfire_choices":[{"data":"Zap","floor":10,"key":"SMITH"},{"data":"Redo","floor":15,"key":"SMITH"}],"neow_cost":"NONE","seed_source_timestamp":71406964225100,"circlet_count":0,"master_deck":["Strike_B","Strike_B","Strike_B+1","Strike_B","Defend_B","Defend_B","Defend_B","Defend_B","Zap+1","Dualcast","Cold Snap+1","Darkness","Compile Driver","Undo","Redo+1","Leap","Ball Lightning","Hologram","Fission","Melter","Turbo","Steam+1"],"relics":["Cracked Core","NeowsBlessing","Pear","Tiny Chest","Anchor","Shuriken","Happy Flower","Cursed Key"],"potions_floor_usage":[16,16,22],"damage_taken":[{"damage":0,"enemies":"Jaw Worm","floor":1,"turns":1},{"damage":0,"enemies":"2 Louse","floor":5,"turns":1},{"damage":0,"enemies":"3 Sentries","floor":6,"turns":1},{"damage":0,"enemies":"Small Slimes","floor":8,"turns":3},{"damage":2,"enemies":"Red Slaver","floor":11,"turns":3},{"damage":5,"enemies":"Large Slime","floor":13,"turns":5},{"damage":0,"enemies":"2 Fungi Beasts","floor":14,"turns":3},{"damage":25,"enemies":"Hexaghost","floor":16,"turns":10},{"damage":3,"enemies":"Spheric Guardian","floor":18,"turns":4},{"damage":0,"enemies":"Shell Parasite","floor":20,"turns":4},{"damage":25,"enemies":"Snecko","floor":21,"turns":6},{"damage":52,"enemies":"Masked Bandits","floor":22,"turns":5}],"seed_played":"2558955715124659262","potions_obtained":[{"floor":6,"key":"Weak Potion"},{"floor":13,"key":"SteroidPotion"},{"floor":14,"key":"Block Potion"},{"floor":16,"key":"SpeedPotion"},{"floor":21,"key":"SteroidPotion"}],"is_trial":false,"path_per_floor":["M","?","T","?","M","E","$","M","T","R","M","?","M","M","R","B",null,"M","?","M","M","?"],"character_chosen":"DEFECT","items_purchased":["Anchor","Compile Driver","Undo"],"campfire_rested":0,"item_purchase_floors":[7,7,7],"current_hp_per_floor":[68,53,63,63,63,63,63,63,63,63,61,61,56,56,56,31,72,69,69,69,44,0],"gold":444,"neow_bonus":"THREE_ENEMY_KILL","is_prod":false,"is_daily":false,"chose_seed":false,"campfire_upgraded":2,"win_rate":0,"timestamp":1563806278,"path_taken":["M","?","?","?","M","E","$","M","T","R","M","?","?","M","R","BOSS","M","?","M","M","?"],"build_version":"2019-07-17","purchased_purges":1,"victory":false,"max_hp_per_floor":[75,75,85,85,85,85,85,85,85,85,85,85,85,85,85,85,85,85,85,85,85,85],"card_choices":[{"not_picked":["Fusion","Beam Cell"],"picked":"Cold Snap","floor":1},{"not_picked":["Streamline","Barrage","Beam Cell"],"picked":"SKIP","floor":5},{"not_picked":["Chill","Double Energy"],"picked":"Darkness","floor":6},{"not_picked":["Sweeping Beam","Compile Driver"],"picked":"Redo","floor":8},{"not_picked":["Stack","Go for the Eyes"],"picked":"Leap","floor":11},{"not_picked":["Blizzard","Rebound"],"picked":"Ball Lightning","floor":13},{"not_picked":["Lockon","Force Field"],"picked":"Hologram","floor":14},{"not_picked":["All For One","Amplify"],"picked":"Fission","floor":16},{"not_picked":["Tempest","Redo"],"picked":"Melter","floor":18},{"not_picked":["Rebound","Leap"],"picked":"Turbo","floor":20},{"not_picked":["Go for the Eyes","Streamline"],"picked":"Steam+1","floor":21}],"player_experience":477254,"relics_obtained":[{"floor":3,"key":"Pear"},{"floor":6,"key":"Tiny Chest"},{"floor":9,"key":"Shuriken"}],"event_choices":[{"damage_healed":0,"gold_gain":0,"player_choice":"Entered Light","damage_taken":15,"max_hp_gain":0,"max_hp_loss":0,"event_name":"Shining Light","floor":2,"gold_loss":0,"cards_upgraded":["Cold Snap","Strike_B"]},{"damage_healed":0,"gold_gain":175,"player_choice":"AGREE","damage_taken":0,"max_hp_gain":0,"max_hp_loss":0,"event_name":"Liars Game","floor":4,"gold_loss":0,"cards_obtained":["Doubt"]},{"damage_healed":0,"gold_gain":0,"player_choice":"Paid Gold","damage_taken":0,"relics_obtained":["Happy Flower"],"max_hp_gain":0,"max_hp_loss":0,"event_name":"WeMeetAgain","floor":12,"gold_loss":52},{"damage_healed":0,"gold_gain":99,"player_choice":"Stole From Cult","damage_taken":0,"max_hp_gain":0,"max_hp_loss":0,"event_name":"Nest","floor":19,"gold_loss":0},{"damage_healed":0,"gold_gain":0,"player_choice":"Fought Bandits","damage_taken":0,"max_hp_gain":0,"max_hp_loss":0,"event_name":"Masked Bandits","floor":22,"gold_loss":0}],"is_beta":false,"boss_relics":[{"not_picked":["Coffee Dripper","Astrolabe"],"picked":"Cursed Key"}],"items_purged_floors":[7],"is_endless":false,"potions_floor_spawned":[6,13,14,16,21],"killed_by":"Masked Bandits","ascension_level":8}