{"gold_per_floor":[365,440,454,197,207,207,234,1,1,32,42,42,42,60,60,133,133,148,2,16,31,49,81,81,81,127,139,153,78,78,78,78,152,152,162,262,262,281,281,281,315,315,315,347,347],"floor_reached":45,"playtime":2826,"items_purged":["Strike_R","Strike_R"],"score":977,"play_id":"d0e5aa1e-4741-4620-9e51-bd3b9e4332b0","local_time":"20190903112010","is_ascension_mode":true,"campfire_choices":[{"data":"Immolate","floor":6.0,"key":"SMITH"},{"data":"Demon Form","floor":12.0,"key":"SMITH"},{"data":"Flame Barrier","floor":15.0,"key":"SMITH"},{"data":"Armaments","floor":25.0,"key":"SMITH"},{"data":"Berserk","floor":30.0,"key":"SMITH"},{"floor":32.0,"key":"REST"},{"floor":40.0,"key":"REST"}],"neow_cost":"TEN_PERCENT_HP_LOSS","seed_source_timestamp":0,"circlet_count":0,"master_deck":["AscendersBane","Strike_R","Defend_R","Defend_R","Defend_R","Defend_R","Bash","Battle Trance","Demon Form+1","Immolate+1","True Grit","Shrug It Off","Offering","Shockwave","Flame Barrier+1","Iron Wave","Clothesline","Berserk+1","Thunderclap","Disarm","Armaments+1","Twin Strike","Warcry","Uppercut","Seeing Red","Burning Pact","RitualDagger","Limit Break","Havoc+1","Decay","Shrug It Off","Battle Trance+1","Writhe","Heavy Blade+1"],"special_seed":0,"relics":["Burning Blood","Peace Pipe","Blue Candle","Bag of Marbles","Runic Pyramid","Bottled Tornado","Dream Catcher","Sozu","Calipers","Molten Egg 2","Paper Frog","Kunai"],"potions_floor_usage":[],"damage_taken":[{"damage":14.0,"enemies":"2 Louse","floor":1.0,"turns":4.0},{"damage":14.0,"enemies":"Jaw Worm","floor":3.0,"turns":5.0},{"damage":1.0,"enemies":"Cultist","floor":5.0,"turns":4.0},{"damage":36.0,"enemies":"Gremlin Nob","floor":7.0,"turns":4.0},{"damage":11.0,"enemies":"3 Sentries","floor":10.0,"turns":4.0},{"damage":0.0,"enemies":"Lots of Slimes","floor":11.0,"turns":2.0},{"damage":0.0,"enemies":"3 Louse","floor":14.0,"turns":2.0},{"damage":22.0,"enemies":"The Guardian","floor":16.0,"turns":11.0},{"damage":4.0,"enemies":"2 Thieves","floor":18.0,"turns":2.0},{"damage":6.0,"enemies":"Chosen","floor":20.0,"turns":4.0},{"damage":14.0,"enemies":"Snake Plant","floor":21.0,"turns":5.0},{"damage":12.0,"enemies":"Cultist and Chosen","floor":22.0,"turns":5.0},{"damage":30.0,"enemies":"Gremlin Leader","floor":23.0,"turns":5.0},{"damage":15.0,"enemies":"Centurion and Healer","floor":27.0,"turns":4.0},{"damage":18.0,"enemies":"Snake Plant","floor":28.0,"turns":5.0},{"damage":41.0,"enemies":"Automaton","floor":33.0,"turns":8.0},{"damage":23.0,"enemies":"Orb Walker","floor":35.0,"turns":4.0},{"damage":6.0,"enemies":"Mind Bloom Boss Battle","floor":36.0,"turns":5.0},{"damage":17.0,"enemies":"3 Shapes","floor":38.0,"turns":7.0},{"damage":21.0,"enemies":"Nemesis","floor":41.0,"turns":7.0},{"damage":38.0,"enemies":"Giant Head","floor":44.0,"turns":7.0},{"damage":14,"enemies":"Spire Growth","floor":45,"turns":2}],"seed_played":"-2412337783202674200","potions_obtained":[{"floor":10.0,"key":"Poison Potion"},{"floor":14.0,"key":"Regen Potion"},{"floor":16.0,"key":"Block Potion"},{"floor":20.0,"key":"Regen Potion"},{"floor":22.0,"key":"EntropicBrew"},{"floor":28.0,"key":"AttackPotion"}],"is_trial":false,"path_per_floor":["M","?","M","$","M","R","E","$","T","E","M","R","?","M","R","B",null,"M","$","M","M","M","E","?","R","T","M","M","?","R","?","R","B",null,"M","?","?","M","?","R","E","?","T","E","M"],"character_chosen":"IRONCLAD","items_purchased":["Immolate","True Grit","Shockwave","Fire Potion","Disarm","Armaments","Twin Strike"],"campfire_rested":2,"item_purchase_floors":[4,4,8,8,19,19,19],"current_hp_per_floor":[60,49,41,41,46,46,16,16,16,11,17,17,17,23,23,22,57,59,59,59,51,45,52,52,52,52,43,31,31,31,25,45,10,54,37,37,37,26,26,46,31,45,45,13,0],"gold":347,"neow_bonus":"TWO_FIFTY_GOLD","is_prod":false,"is_daily":false,"chose_seed":false,"campfire_upgraded":5,"win_rate":0,"timestamp":1567524010,"path_taken":["M","?","M","$","M","R","E","$","T","E","M","R","?","M","R","BOSS","M","$","?","?","M","E","?","R","T","M","M","?","R","?","R","BOSS","M","?","?","?","?","R","E","?","T","E","M"],"build_version":"2019-07-17","purchased_purges":2,"victory":false,"max_hp_per_floor":[68,68,68,68,68,68,68,68,68,68,68,68,68,68,68,68,68,68,68,68,68,68,68,68,68,68,68,68,68,68,68,68,68,68,68,68,68,68,68,68,68,68,68,68,68],"card_choices":[{"not_picked":["Anger","Warcry"],"picked":"Battle Trance","floor":1.0},{"not_picked":["Wild Strike","Heavy Blade"],"picked":"Demon Form","floor":3.0},{"not_picked":["Infernal Blade","Warcry"],"picked":"Shrug It Off","floor":5.0},{"not_picked":["Armaments","Cleave"],"picked":"Offering","floor":7.0},{"not_picked":["Body Slam","Heavy Blade"],"picked":"Flame Barrier","floor":10.0},{"not_picked":["Wild Strike","Cleave","Sentinel"],"picked":"SKIP","floor":11.0},{"not_picked":["Clash","Exhume"],"picked":"Clothesline","floor":14.0},{"not_picked":["Double Tap","Exhume"],"picked":"Berserk","floor":16.0},{"not_picked":["Reckless Charge","Sword Boomerang"],"picked":"Thunderclap","floor":18.0},{"not_picked":["Sever Soul","Flex","Twin Strike"],"picked":"SKIP","floor":20.0},{"not_picked":["Cleave","Thunderclap"],"picked":"Warcry","floor":21.0},{"not_picked":["Juggernaut","Shockwave","Iron Wave"],"picked":"SKIP","floor":22.0},{"not_picked":["Body Slam","Hemokinesis+1"],"picked":"Uppercut","floor":23.0},{"not_picked":["Sever Soul","Entrench","Disarm"],"picked":"SKIP","floor":27.0},{"not_picked":["Clothesline","Cleave"],"picked":"Burning Pact","floor":28.0},{"not_picked":["Hemokinesis","Double Tap"],"picked":"Shrug It Off+1","floor":32.0},{"not_picked":["Immolate","Barricade"],"picked":"Limit Break","floor":33.0},{"not_picked":["Shrug It Off","Headbutt"],"picked":"Havoc+1","floor":35.0},{"not_picked":["Dropkick","True Grit"],"picked":"Shrug It Off","floor":38.0},{"not_picked":["Searing Blow","Iron Wave"],"picked":"Battle Trance+1","floor":41.0},{"not_picked":["Berserk","Sentinel"],"picked":"Heavy Blade+1","floor":44.0}],"player_experience":948947,"relics_obtained":[{"floor":7.0,"key":"Peace Pipe"},{"floor":9.0,"key":"Blue Candle"},{"floor":10.0,"key":"Bag of Marbles"},{"floor":23.0,"key":"Bottled Tornado"},{"floor":26.0,"key":"Dream Catcher"},{"floor":36.0,"key":"Calipers"},{"floor":41.0,"key":"Molten Egg 2"},{"floor":43.0,"key":"Paper Frog"},{"floor":44.0,"key":"Kunai"}],"event_choices":[{"damage_healed":0.0,"max_hp_gain":0.0,"max_hp_loss":0.0,"gold_gain":75.0,"event_name":"World of Goop","player_choice":"Gather Gold","floor":2.0,"gold_loss":0.0,"damage_taken":11.0},{"damage_healed":0.0,"max_hp_gain":0.0,"max_hp_loss":0.0,"gold_gain":0.0,"cards_transformed":["Strike_R"],"event_name":"Transmorgrifier","player_choice":"Transformed","floor":13.0,"gold_loss":0.0,"damage_taken":0.0,"cards_obtained":["Iron Wave"]},{"damage_healed":0.0,"max_hp_gain":0.0,"max_hp_loss":0.0,"gold_gain":0.0,"event_name":"The Library","player_choice":"Read","floor":24.0,"gold_loss":0.0,"damage_taken":0.0,"cards_obtained":["Seeing Red"]},{"cards_removed":["Strike_R"],"damage_healed":0.0,"max_hp_gain":0.0,"max_hp_loss":0.0,"gold_gain":0.0,"event_name":"Beggar","player_choice":"Gave Gold","floor":29.0,"gold_loss":75.0,"damage_taken":0.0},{"damage_healed":0.0,"max_hp_gain":0.0,"max_hp_loss":0.0,"gold_gain":0.0,"event_name":"Nest","player_choice":"Joined the Cult","floor":31.0,"gold_loss":0.0,"damage_taken":6.0,"cards_obtained":["RitualDagger"]},{"damage_healed":0.0,"max_hp_gain":0.0,"max_hp_loss":0.0,"gold_gain":0.0,"event_name":"MindBloom","player_choice":"Fight","floor":36.0,"gold_loss":0.0,"damage_taken":0.0},{"damage_healed":0.0,"max_hp_gain":0.0,"max_hp_loss":0.0,"gold_gain":0.0,"event_name":"Wheel of Change","player_choice":"Cursed","floor":37.0,"gold_loss":0.0,"damage_taken":0.0,"cards_obtained":["Decay"]},{"cards_removed":["Shrug It Off"],"damage_healed":0.0,"max_hp_gain":0.0,"max_hp_loss":0.0,"gold_gain":0.0,"event_name":"Falling","player_choice":"Removed Skill","floor":39.0,"gold_loss":0.0,"damage_taken":0.0},{"damage_healed":14.0,"max_hp_gain":0.0,"max_hp_loss":0.0,"gold_gain":0.0,"event_name":"Winding Halls","player_choice":"Writhe","floor":42.0,"gold_loss":0.0,"damage_taken":0.0,"cards_obtained":["Writhe"]}],"is_beta":false,"boss_relics":[{"not_picked":["Mark of Pain","Black Blood"],"picked":"Runic Pyramid"},{"not_picked":["Lizard Tail","Calling Bell"],"picked":"Sozu"}],"items_purged_floors":[4,8],"is_endless":false,"potions_floor_spawned":[10,14,16,20,22,28,35,36,41,44],"killed_by":"Spire Growth","ascension_level":19}