{"gold_per_floor":[115,27,102,27,27,27,54,64,145,161,180,205,8,8,8,84,84,99,109,109,24,2,2,2],"floor_reached":24,"playtime":652,"items_purged":["Strike_R"],"score":504,"play_id":"88a88ac0-55b5-409d-b578-8ced39e2915b","local_time":"20190922165417","is_ascension_mode":true,"campfire_choices":[{"data":"Bash","floor":6,"key":"SMITH"},{"data":"Bludgeon","floor":15,"key":"SMITH"},{"floor":23,"key":"REST"}],"neow_cost":"NONE","seed_source_timestamp":0,"circlet_count":0,"master_deck":["AscendersBane","Strike_R+1","Strike_R","Strike_R","Defend_R+1","Defend_R+1","Defend_R","Defend_R","Bash+1","Wild Strike+1","Fire Breathing","Uppercut","Shrug It Off","Clothesline","Flame Barrier","Bludgeon+1","Limit Break","Decay","True Grit"],"special_seed":0,"relics":["Burning Blood","Lantern","Whetstone","The Courier","Gremlin Horn","Sundial","Sozu","Pantograph"],"potions_floor_usage":[7,16,16],"damage_taken":[{"damage":6,"enemies":"Jaw Worm","floor":1,"turns":5},{"damage":8,"enemies":"Gremlin Nob","floor":7,"turns":3},{"damage":7,"enemies":"Small Slimes","floor":8,"turns":3},{"damage":0,"enemies":"2 Louse","floor":10,"turns":2},{"damage":1,"enemies":"Blue Slaver","floor":11,"turns":3},{"damage":27,"enemies":"3 Sentries","floor":12,"turns":5},{"damage":0,"enemies":"Slime Boss","floor":16,"turns":5},{"damage":55,"enemies":"3 Byrds","floor":18,"turns":5},{"damage":2,"enemies":"Chosen","floor":19,"turns":4},{"damage":41,"enemies":"Book of Stabbing","floor":24,"turns":5}],"seed_played":"8405568886376219772","potions_obtained":[{"floor":1,"key":"AttackPotion"},{"floor":11,"key":"BloodPotion"},{"floor":12,"key":"Strength Potion"},{"floor":16,"key":"ElixirPotion"}],"is_trial":false,"path_per_floor":["M","$","?","?","?","R","E","M","T","M","M","E","$","?","R","B",null,"M","M","?","?","$","R","E"],"character_chosen":"IRONCLAD","items_purchased":["Fire Breathing","Bludgeon","True Grit"],"campfire_rested":1,"item_purchase_floors":[2,13,22],"current_hp_per_floor":[68,68,57,57,34,34,32,31,31,37,42,21,21,10,10,31,64,15,19,19,19,19,41,0],"gold":2,"neow_bonus":"RANDOM_COMMON_RELIC","is_prod":false,"is_daily":false,"chose_seed":false,"campfire_upgraded":2,"win_rate":0,"timestamp":1569185657,"path_taken":["M","$","?","?","?","R","E","M","T","?","M","E","$","?","R","BOSS","M","M","?","?","$","R","E"],"build_version":"2019-09-20","purchased_purges":1,"victory":false,"max_hp_per_floor":[75,75,75,75,75,75,75,75,75,75,75,75,75,75,75,75,75,75,75,75,75,75,75,75],"card_choices":[{"not_picked":["Corruption","Infernal Blade"],"picked":"Wild Strike","floor":1},{"not_picked":["Wild Strike","Clothesline"],"picked":"Uppercut","floor":7},{"not_picked":["Iron Wave","Armaments"],"picked":"Shrug It Off","floor":8},{"not_picked":["Clash","Warcry"],"picked":"Clothesline","floor":10},{"not_picked":["Body Slam","Perfected Strike","Clash"],"picked":"SKIP","floor":11},{"not_picked":["Rampage","Flex"],"picked":"Flame Barrier","floor":12},{"not_picked":["Double Tap","Impervious"],"picked":"Limit Break","floor":16},{"not_picked":["Havoc","Ghostly Armor","Body Slam"],"picked":"SKIP","floor":18},{"not_picked":["Clash","Dropkick+1","Twin Strike"],"picked":"SKIP","floor":19}],"player_experience":1114981,"relics_obtained":[{"floor":7,"key":"Whetstone"},{"floor":9,"key":"The Courier"},{"floor":12,"key":"Gremlin Horn"}],"event_choices":[{"damage_healed":0,"gold_gain":75,"player_choice":"Gather Gold","damage_taken":11,"max_hp_gain":0,"max_hp_loss":0,"event_name":"World of Goop","floor":3,"gold_loss":0},{"cards_removed":["Strike_R"],"damage_healed":0,"gold_gain":0,"player_choice":"Card Removal","damage_taken":0,"max_hp_gain":0,"max_hp_loss":0,"event_name":"The Cleric","floor":4,"gold_loss":75},{"damage_healed":0,"gold_gain":0,"player_choice":"Entered Light","damage_taken":23,"max_hp_gain":0,"max_hp_loss":0,"event_name":"Shining Light","floor":5,"gold_loss":0,"cards_upgraded":["Defend_R","Defend_R"]},{"damage_healed":0,"gold_gain":0,"player_choice":"Success","damage_taken":11,"relics_obtained":["Sundial"],"max_hp_gain":0,"max_hp_loss":0,"event_name":"Scrap Ooze","floor":14,"gold_loss":0},{"damage_healed":0,"gold_gain":0,"player_choice":"Smashed Altar","damage_taken":0,"max_hp_gain":0,"max_hp_loss":0,"event_name":"Forgotten Altar","floor":20,"gold_loss":0,"cards_obtained":["Decay"]},{"damage_healed":0,"gold_gain":0,"player_choice":"Obtained Relic","damage_taken":0,"relics_obtained":["Pantograph"],"max_hp_gain":0,"max_hp_loss":0,"event_name":"Addict","floor":21,"gold_loss":85}],"is_beta":true,"boss_relics":[{"not_picked":["SacredBark","Fusion Hammer"],"picked":"Sozu"}],"items_purged_floors":[13],"is_endless":false,"potions_floor_spawned":[1,11,12,16,18],"killed_by":"Book of Stabbing","ascension_level":20}