{"gold_per_floor":[112,122,122,136,155,185,201,201,275,275,275,46,79,97,97,201,201,215,215,226,44,44,71,0,0,0,0,19,47,47,63,63,63],"floor_reached":33,"playtime":1575,"items_purged":[],"score":508,"play_id":"2c3501f0-c8d9-48a9-ab75-7ec6887867ad","local_time":"20191003184205","is_ascension_mode":true,"campfire_choices":[{"data":"Wireheading","floor":8.0,"key":"SMITH"},{"data":"Wallop","floor":11.0,"key":"SMITH"},{"data":"CrushJoints","floor":15.0,"key":"SMITH"},{"data":"Ragnarok","floor":30,"key":"SMITH"},{"data":"Panache","floor":32,"key":"SMITH"}],"neow_cost":"PERCENT_DAMAGE","seed_source_timestamp":0,"circlet_count":0,"master_deck":["Defend_P","Defend_P","Defend_P","Defend_P","Eruption+1","Vigilance","Wireheading+1","EmptyMind","Wallop+1","FlyingSleeves+1","Adaptation","ReachHeaven","Dark Shackles","CrushJoints+1","Nirvana","EmptyBody","Panache+1","Tantrum+1","Bite","Bite","Bite","Bite","Bite","Ragnarok+1","Sanctity+1"],"special_seed":0,"relics":["PureWater","CloakClasp","Pen Nib","Darkstone Periapt","Oddly Smooth Stone","Coffee Dripper","Nloth\u0027s Gift","Whetstone","Bottled Flame","Potion Belt"],"potions_floor_usage":[23,23,29],"damage_taken":[{"damage":3.0,"enemies":"2 Louse","floor":1.0,"turns":3.0},{"damage":6.0,"enemies":"Jaw Worm","floor":2.0,"turns":4.0},{"damage":0.0,"enemies":"Cultist","floor":4.0,"turns":3.0},{"damage":0.0,"enemies":"Red Slaver","floor":5.0,"turns":4.0},{"damage":16.0,"enemies":"3 Sentries","floor":6.0,"turns":7.0},{"damage":2.0,"enemies":"Exordium Thugs","floor":7.0,"turns":3.0},{"damage":5.0,"enemies":"Lagavulin","floor":13.0,"turns":5.0},{"damage":2.0,"enemies":"2 Fungi Beasts","floor":14.0,"turns":3.0},{"damage":0.0,"enemies":"The Guardian","floor":16.0,"turns":7.0},{"damage":0.0,"enemies":"3 Byrds","floor":18.0,"turns":5.0},{"damage":4.0,"enemies":"Chosen","floor":20.0,"turns":4.0},{"damage":40,"enemies":"Slavers","floor":23,"turns":3},{"damage":6,"enemies":"Centurion and Healer","floor":28,"turns":20},{"damage":44,"enemies":"Book of Stabbing","floor":29,"turns":8},{"damage":23,"enemies":"Snake Plant","floor":31,"turns":4},{"damage":49,"enemies":"Collector","floor":33,"turns":2}],"seed_played":"-3238823020722162323","potions_obtained":[{"floor":2.0,"key":"Block Potion"},{"floor":4.0,"key":"EntropicBrew"},{"floor":5.0,"key":"Swift Potion"},{"floor":16.0,"key":"Fruit Juice"},{"floor":18.0,"key":"FearPotion"},{"floor":28,"key":"Weak Potion"}],"is_trial":false,"path_per_floor":["M","M","?","M","M","E","M","R","T","?","R","$","E","M","R","B",null,"M","?","M","$","?","E","?","?","T","$","M","E","R","M","R","B"],"character_chosen":"WATCHER","items_purchased":["Oddly Smooth Stone","Dark Shackles","Panache"],"campfire_rested":0,"item_purchase_floors":[12,12,21],"current_hp_per_floor":[44,38,38,38,38,22,20,20,20,44,44,44,53,51,51,56,82,82,82,78,78,60,20,20,20,20,20,67,34,34,19,19,0],"gold":63,"neow_bonus":"ONE_RARE_RELIC","is_prod":false,"is_daily":false,"chose_seed":false,"campfire_upgraded":5,"win_rate":0,"timestamp":1570142525,"path_taken":["M","M","?","M","M","E","M","R","T","?","R","?","E","M","R","BOSS","M","?","?","$","?","E","?","?","T","?","?","E","R","M","R","BOSS"],"build_version":"2019-10-03","purchased_purges":0,"victory":false,"max_hp_per_floor":[72,72,72,72,72,72,72,72,72,72,72,72,86,86,86,91,91,91,91,91,91,96,96,96,67,67,67,67,67,67,67,67,67],"card_choices":[{"not_picked":["BowlingBash","ClearTheMind"],"picked":"Wireheading","floor":1.0},{"not_picked":["FlyingSleeves","Meditate"],"picked":"EmptyMind","floor":2.0},{"not_picked":["WreathOfFlame","Evaluate"],"picked":"Wallop","floor":4.0},{"not_picked":["Fasting2","BowlingBash"],"picked":"FlyingSleeves","floor":5.0},{"not_picked":["Sanctity","SignatureMove"],"picked":"Adaptation","floor":6.0},{"not_picked":["EmptyFist","BattleHymn"],"picked":"ReachHeaven","floor":7.0},{"not_picked":["BowlingBash","EmptyMind","Weave"],"picked":"SKIP","floor":13.0},{"not_picked":["Crescendo","Wish"],"picked":"CrushJoints","floor":14.0},{"not_picked":["Devotion","Ragnarok"],"picked":"Nirvana","floor":16.0},{"not_picked":["Halt+1","ClearTheMind"],"picked":"EmptyBody","floor":18.0},{"not_picked":["Prostrate+1","ReachHeaven+1","Worship"],"picked":"SKIP","floor":20.0},{"not_picked":["Establishment","Crescendo"],"picked":"Tantrum+1","floor":23},{"not_picked":["Halt","FollowUp+1","ReachHeaven+1"],"picked":"SKIP","floor":28},{"not_picked":["SpiritShield+1","SandsOfTime"],"picked":"Ragnarok","floor":29},{"not_picked":["EmptyBody","Tantrum"],"picked":"Sanctity+1","floor":31}],"player_experience":1217203,"relics_obtained":[{"floor":6.0,"key":"Pen Nib"},{"floor":9.0,"key":"Darkstone Periapt"},{"floor":13.0,"key":"Mango"},{"floor":23,"key":"Whetstone"},{"floor":26,"key":"Bottled Flame"},{"floor":29,"key":"Potion Belt"}],"event_choices":[{"damage_healed":0.0,"max_hp_gain":0.0,"max_hp_loss":0.0,"gold_gain":0.0,"event_name":"Living Wall","player_choice":"Grow","floor":3.0,"gold_loss":0.0,"damage_taken":0.0,"cards_upgraded":["Eruption"]},{"damage_healed":24.0,"max_hp_gain":0.0,"max_hp_loss":0.0,"gold_gain":0.0,"event_name":"Big Fish","player_choice":"Banana","floor":10.0,"gold_loss":0.0,"damage_taken":0.0},{"damage_healed":0.0,"max_hp_gain":0.0,"max_hp_loss":0.0,"gold_gain":0.0,"event_name":"N\u0027loth","player_choice":"Traded Relic","floor":19.0,"relics_lost":["Mango"],"gold_loss":0.0,"damage_taken":0.0,"relics_obtained":["Nloth\u0027s Gift"]},{"damage_healed":0,"gold_gain":0,"player_choice":"Shed Blood","damage_taken":23,"max_hp_gain":5,"max_hp_loss":0,"event_name":"Forgotten Altar","floor":22,"gold_loss":0},{"damage_healed":0,"gold_gain":0,"player_choice":"Paid Fearfully","damage_taken":0,"max_hp_gain":0,"max_hp_loss":0,"event_name":"Masked Bandits","floor":24,"gold_loss":71},{"damage_healed":0,"gold_gain":0,"player_choice":"Became a vampire","damage_taken":0,"max_hp_gain":0,"max_hp_loss":29,"event_name":"Vampires","floor":25,"gold_loss":0,"cards_obtained":["Bite","Bite","Bite","Bite","Bite"]}],"is_beta":true,"boss_relics":[{"not_picked":["SlaversCollar","Busted Crown"],"picked":"Coffee Dripper"}],"items_purged_floors":[],"is_endless":false,"potions_floor_spawned":[2,4,5,7,16,18,28],"killed_by":"Collector","ascension_level":8}