{"gold_per_floor":[117,136,147,12,30,30,55,55,79,79,111,36,47,59,59,131,131,150,65,79,4,4,4,4,34,59,90,2,35,35,52,52,126,126,140,158,0,19,30,61,61,61,61,90,90,105,133,89,89,89],"floor_reached":51,"playtime":2395,"items_purged":["Strike_P"],"score":1720,"play_id":"64848bf9-90a8-4f73-a4c7-65c2593bca14","local_time":"20191012203604","is_ascension_mode":true,"campfire_choices":[{"data":"Eruption","floor":6.0,"key":"SMITH"},{"data":"FlurryOfBlows","floor":8.0,"key":"SMITH"},{"data":"Consecrate","floor":10.0,"key":"SMITH"},{"data":"Scrawl","floor":15.0,"key":"SMITH"},{"data":"BowlingBash","floor":23.0,"key":"SMITH"},{"data":"SashWhip","floor":30.0,"key":"SMITH"},{"data":"TalkToTheHand","floor":32.0,"key":"SMITH"},{"floor":41,"key":"REST"},{"floor":45,"key":"REST"},{"floor":49,"key":"REST"}],"neow_cost":"NONE","seed_source_timestamp":0,"circlet_count":0,"master_deck":["AscendersBane","Strike_P","Strike_P","Defend_P","Defend_P","Defend_P","Defend_P","Eruption+1","Vigilance","Tantrum","FlurryOfBlows+1","BowlingBash+1","FearNoEvil","Consecrate+1","EmptyBody","Scrawl+1","Vault","Crescendo","CutThroughFate","TalkToTheHand+1","SashWhip+1","Wish","Evaluate","Wireheading","SignatureMove+1","EmptyMind+1","Adaptation","EmptyMind","ConjureBlade","Study"],"special_seed":0,"relics":["HolyWater","Happy Flower","Akabeko","Potion Belt","Toy Ornithopter","Ginger","Kunai","Mercury Hourglass","Anchor","Regal Pillow","Lantern","Fusion Hammer","Red Mask","Mango","Bottled Tornado","Bottled Lightning","Bronze Scales"],"potions_floor_usage":[50,50,50],"damage_taken":[{"damage":0.0,"enemies":"Cultist","floor":1.0,"turns":3.0},{"damage":0.0,"enemies":"Small Slimes","floor":2.0,"turns":2.0},{"damage":0.0,"enemies":"2 Louse","floor":3.0,"turns":4.0},{"damage":18.0,"enemies":"Red Slaver","floor":5.0,"turns":4.0},{"damage":0.0,"enemies":"Gremlin Nob","floor":7.0,"turns":2.0},{"damage":3.0,"enemies":"3 Sentries","floor":11.0,"turns":3.0},{"damage":0.0,"enemies":"Looter","floor":13.0,"turns":1.0},{"damage":0.0,"enemies":"Large Slime","floor":14.0,"turns":2.0},{"damage":0.0,"enemies":"Slime Boss","floor":16.0,"turns":4.0},{"damage":7.0,"enemies":"2 Thieves","floor":18.0,"turns":3.0},{"damage":0.0,"enemies":"Shell Parasite","floor":20.0,"turns":3.0},{"damage":0.0,"enemies":"Gremlin Leader","floor":25.0,"turns":3.0},{"damage":5.0,"enemies":"Slavers","floor":27.0,"turns":3.0},{"damage":0.0,"enemies":"Gremlin Leader","floor":29.0,"turns":4.0},{"damage":0.0,"enemies":"Centurion and Healer","floor":31.0,"turns":2.0},{"damage":48.0,"enemies":"Champ","floor":33.0,"turns":12.0},{"damage":8,"enemies":"3 Darklings","floor":35,"turns":3},{"damage":0,"enemies":"3 Shapes","floor":36,"turns":2},{"damage":0,"enemies":"3 Darklings","floor":38,"turns":4},{"damage":6,"enemies":"Writhing Mass","floor":39,"turns":5},{"damage":0,"enemies":"Giant Head","floor":40,"turns":5},{"damage":25,"enemies":"Nemesis","floor":44,"turns":8},{"damage":0,"enemies":"4 Shapes","floor":46,"turns":3},{"damage":8,"enemies":"Giant Head","floor":47,"turns":6},{"damage":31,"enemies":"Donu and Deca","floor":50,"turns":6}],"seed_played":"-5239553570606186586","potions_obtained":[{"floor":1.0,"key":"Ancient Potion"},{"floor":2.0,"key":"Weak Potion"},{"floor":25.0,"key":"SteroidPotion"},{"floor":29.0,"key":"FearPotion"},{"floor":38,"key":"SpeedPotion"}],"is_trial":false,"path_per_floor":["M","M","M","$","M","R","E","R","T","R","E","?","M","M","R","B",null,"M","?","M","$","?","R","?","E","T","E","$","E","R","M","R","B",null,"M","M","?","M","M","E","R","?","T","E","R","M","E","$","R","B",null],"character_chosen":"WATCHER","items_purchased":["FearNoEvil","Consecrate","TalkToTheHand","Study"],"campfire_rested":3,"item_purchase_floors":[4,4,28,48],"current_hp_per_floor":[61,61,61,61,43,43,43,43,43,43,40,40,40,40,40,40,61,54,54,54,54,54,54,54,54,54,49,49,49,49,49,49,1,51,43,43,43,43,37,51,82,78,78,53,78,78,70,70,78,52],"gold":89,"neow_bonus":"RANDOM_COMMON_RELIC","is_prod":false,"is_daily":false,"chose_seed":false,"campfire_upgraded":7,"win_rate":0,"timestamp":1570926964,"path_taken":["M","M","M","$","M","R","E","R","T","R","E","?","M","M","R","BOSS","M","?","M","$","?","R","?","E","T","E","$","E","R","M","R","BOSS","M","M","?","M","M","E","R","?","T","E","R","M","E","$","R","BOSS"],"build_version":"2019-10-11","purchased_purges":1,"victory":true,"max_hp_per_floor":[68,68,68,68,68,68,68,68,68,68,68,68,68,68,68,68,68,68,68,68,68,68,68,68,68,68,68,68,68,68,68,68,68,68,68,68,68,68,68,82,82,78,78,78,78,78,78,78,78,78],"card_choices":[{"not_picked":["CrushJoints","Wallop"],"picked":"Tantrum","floor":1.0},{"not_picked":["Pray","BowlingBash"],"picked":"FlurryOfBlows","floor":2.0},{"not_picked":["Swivel","PathToVictory"],"picked":"BowlingBash","floor":3.0},{"not_picked":["PathToVictory","ForeignInfluence","Conclude"],"picked":"SKIP","floor":5.0},{"not_picked":["SashWhip","Sanctity"],"picked":"EmptyBody","floor":7.0},{"not_picked":["Collect","WindmillStrike","CrushJoints"],"picked":"SKIP","floor":11.0},{"not_picked":["Sanctity","SashWhip"],"picked":"Scrawl","floor":13.0},{"not_picked":["Weave","Protect","Swivel"],"picked":"SKIP","floor":14.0},{"not_picked":["ConjureBlade","Alpha"],"picked":"Vault","floor":16.0},{"not_picked":["ThirdEye","WreathOfFlame"],"picked":"Crescendo","floor":18.0},{"not_picked":["SashWhip","FlurryOfBlows"],"picked":"CutThroughFate","floor":20.0},{"not_picked":["Wish","FlyingSleeves","CarveReality+1"],"picked":"SKIP","floor":25.0},{"not_picked":["CutThroughFate","Indignation","Halt"],"picked":"SKIP","floor":27.0},{"not_picked":["FlyingSleeves","EmptyBody"],"picked":"SashWhip","floor":29.0},{"not_picked":["JustLucky","FlyingSleeves","CarveReality+1"],"picked":"SKIP","floor":31.0},{"not_picked":["MasterReality","Blasphemy"],"picked":"Wish","floor":33.0},{"not_picked":["JustLucky","FlurryOfBlows"],"picked":"Evaluate","floor":35},{"not_picked":["ClearTheMind","SandsOfTime"],"picked":"Wireheading","floor":36},{"not_picked":["Conclude","PathToVictory"],"picked":"SignatureMove+1","floor":38},{"not_picked":["FollowUp+1","EmptyFist","JustLucky+1"],"picked":"SKIP","floor":39},{"not_picked":["Evaluate","WheelKick+1"],"picked":"EmptyMind+1","floor":40},{"not_picked":["Collect+1","Judgement"],"picked":"Adaptation","floor":44},{"not_picked":["FlyingSleeves","Wallop"],"picked":"EmptyMind","floor":46},{"not_picked":["Prostrate","LessonLearned"],"picked":"ConjureBlade","floor":47}],"player_experience":1312669,"relics_obtained":[{"floor":7.0,"key":"Akabeko"},{"floor":9.0,"key":"Potion Belt"},{"floor":11.0,"key":"Toy Ornithopter"},{"floor":25.0,"key":"Mercury Hourglass"},{"floor":26.0,"key":"Anchor"},{"floor":27.0,"key":"Regal Pillow"},{"floor":29.0,"key":"Lantern"},{"floor":40,"key":"Mango"},{"floor":43,"key":"Bottled Tornado"},{"floor":44,"key":"Bottled Lightning"},{"floor":47,"key":"Bronze Scales"}],"event_choices":[{"cards_removed":["Strike_P"],"damage_healed":0.0,"max_hp_gain":0.0,"max_hp_loss":0.0,"gold_gain":0.0,"event_name":"The Cleric","player_choice":"Card Removal","floor":12.0,"gold_loss":75.0,"damage_taken":0.0},{"damage_healed":0.0,"max_hp_gain":0.0,"max_hp_loss":0.0,"gold_gain":0.0,"event_name":"Addict","player_choice":"Obtained Relic","floor":19.0,"gold_loss":85.0,"damage_taken":0.0,"relics_obtained":["Ginger"]},{"damage_healed":0.0,"max_hp_gain":0.0,"max_hp_loss":0.0,"gold_gain":0.0,"event_name":"Ghosts","player_choice":"Ignored","floor":22.0,"gold_loss":0.0,"damage_taken":0.0},{"damage_healed":0.0,"max_hp_gain":0.0,"max_hp_loss":0.0,"gold_gain":0.0,"event_name":"WeMeetAgain","player_choice":"Gave Potion","floor":24.0,"gold_loss":0.0,"damage_taken":0.0,"relics_obtained":["Kunai"]},{"damage_healed":0,"gold_gain":0,"player_choice":"Paid","damage_taken":0,"relics_obtained":["Red Mask"],"max_hp_gain":0,"max_hp_loss":0,"event_name":"Tomb of Lord Red Mask","floor":37,"gold_loss":158},{"damage_healed":0,"gold_gain":0,"player_choice":"Max HP","damage_taken":0,"max_hp_gain":0,"max_hp_loss":4,"event_name":"Winding Halls","floor":42,"gold_loss":0}],"is_beta":true,"boss_relics":[{"not_picked":["Velvet Choker","Tiny House"],"picked":"HolyWater"},{"not_picked":["SacredBark","Busted Crown"],"picked":"Fusion Hammer"}],"items_purged_floors":[21],"is_endless":false,"potions_floor_spawned":[1,2,25,29,38,39,40,47],"ascension_level":16}