{"gold_per_floor":[118,131,150,200,15,15,15,48,48,48,60,70,80,121,121,204,204,228,257,182,182,232,269,269,306,333,368,368,381,381,296,296,379,379,421,421,13,13,13,13,35,72,72,72,86,107,107],"floor_reached":47,"playtime":2339,"items_purged":["Strike_P","Strike_P+1"],"score":1103,"play_id":"e1e856d7-d2ba-4506-89bd-54b7e5a657d4","local_time":"20191012222455","is_ascension_mode":true,"campfire_choices":[{"data":"Eruption","floor":6.0,"key":"SMITH"},{"floor":10.0,"key":"REST"},{"data":"Vigilance","floor":15.0,"key":"SMITH"},{"floor":24.0,"key":"REST"},{"floor":30.0,"key":"DIG"},{"floor":32.0,"key":"DIG"},{"floor":40.0,"key":"DIG"},{"floor":44.0,"key":"DIG"}],"neow_cost":"NONE","seed_source_timestamp":0,"circlet_count":0,"master_deck":["AscendersBane","Strike_P+1","Strike_P+1","Defend_P+1","Defend_P+1","Defend_P+1","Defend_P+1","Eruption+1","Vigilance+1","JustLucky+1","EmptyBody+1","FollowUp+1","LessonLearned+1","Consecrate+1","CutThroughFate+1","CrushJoints+1","Vengeance+1","Vault+1","SignatureMove+1","WaveOfTheHand+1","Crescendo+1","Scrawl+1","EmptyBody+1","Wish+1","Fasting2+1","Sanctity+1","Violence+1","TalkToTheHand","LikeWater+1","Protect+1"],"special_seed":0,"relics":["PureWater","Vajra","CloakClasp","Ginger","CeramicFish","Velvet Choker","Bag of Preparation","Toxic Egg 2","Juzu Bracelet","Shovel","Pocketwatch","Centennial Puzzle","Frozen Egg 2","Philosopher\u0027s Stone","Bronze Scales","Happy Flower","Regal Pillow","Yang","Whetstone"],"potions_floor_usage":[],"damage_taken":[{"damage":1.0,"enemies":"Small Slimes","floor":1.0,"turns":3.0},{"damage":1.0,"enemies":"Cultist","floor":2.0,"turns":3.0},{"damage":0.0,"enemies":"Jaw Worm","floor":3.0,"turns":5.0},{"damage":15.0,"enemies":"3 Sentries","floor":8.0,"turns":3.0},{"damage":0.0,"enemies":"2 Fungi Beasts","floor":11.0,"turns":3.0},{"damage":4.0,"enemies":"Gremlin Gang","floor":12.0,"turns":6.0},{"damage":5.0,"enemies":"Blue Slaver","floor":13.0,"turns":3.0},{"damage":0.0,"enemies":"Gremlin Nob","floor":14.0,"turns":2.0},{"damage":25.0,"enemies":"The Guardian","floor":16.0,"turns":13.0},{"damage":14.0,"enemies":"Spheric Guardian","floor":18.0,"turns":5.0},{"damage":0.0,"enemies":"Shell Parasite","floor":19.0,"turns":1.0},{"damage":23.0,"enemies":"Book of Stabbing","floor":23.0,"turns":5.0},{"damage":0.0,"enemies":"Slavers","floor":25.0,"turns":4.0},{"damage":8.0,"enemies":"Book of Stabbing","floor":27.0,"turns":6.0},{"damage":0.0,"enemies":"Cultist and Chosen","floor":29.0,"turns":4.0},{"damage":59.0,"enemies":"Champ","floor":33.0,"turns":9.0},{"damage":0.0,"enemies":"3 Shapes","floor":35.0,"turns":6.0},{"damage":0.0,"enemies":"Orb Walker","floor":41.0,"turns":4.0},{"damage":0.0,"enemies":"Giant Head","floor":42.0,"turns":7.0},{"damage":22.0,"enemies":"Spire Growth","floor":45.0,"turns":7.0},{"damage":6.0,"enemies":"Maw","floor":46.0,"turns":5.0},{"damage":37,"enemies":"Reptomancer","floor":47,"turns":4}],"seed_played":"8931539675802261084","potions_obtained":[{"floor":1.0,"key":"AttackPotion"},{"floor":3.0,"key":"AttackPotion"},{"floor":11.0,"key":"EssenceOfSteel"},{"floor":12.0,"key":"Swift Potion"},{"floor":23.0,"key":"Weak Potion"},{"floor":27.0,"key":"Regen Potion"},{"floor":29.0,"key":"FairyPotion"},{"floor":33.0,"key":"Ancient Potion"},{"floor":42.0,"key":"Ancient Potion"}],"is_trial":false,"path_per_floor":["M","M","M","?","$","R","$","E","T","R","M","M","M","E","R","B",null,"M","M","$","?","?","E","R","E","T","E","?","M","R","?","R","B",null,"M","?","$","?","?","R","M","E","T","R","M","M","E"],"character_chosen":"WATCHER","items_purchased":["LessonLearned","Consecrate","Fasting2+1","Sanctity+1","Violence+1"],"campfire_rested":2,"item_purchase_floors":[5,5,37,37,37],"current_hp_per_floor":[60,59,59,53,53,53,53,38,38,58,58,54,49,49,49,24,57,43,43,43,43,43,20,40,40,40,32,13,25,25,25,25,21,60,60,60,60,60,60,60,60,60,60,60,38,32,0],"gold":107,"neow_bonus":"RANDOM_COMMON_RELIC","is_prod":false,"is_daily":false,"chose_seed":false,"campfire_upgraded":2,"win_rate":0,"timestamp":1570933495,"path_taken":["M","M","M","?","?","R","$","E","T","R","M","M","M","E","R","BOSS","M","M","$","?","?","E","R","E","T","E","?","M","R","?","R","BOSS","M","?","$","?","?","R","M","E","T","R","M","M","E"],"build_version":"2019-10-11","purchased_purges":2,"victory":false,"max_hp_per_floor":[68,68,68,68,68,68,68,68,68,68,68,68,68,68,68,68,68,68,68,68,68,68,68,68,68,68,68,73,73,73,73,73,73,73,73,73,73,69,69,69,69,69,69,69,69,69,69],"card_choices":[{"not_picked":["WaveOfTheHand","FlyingSleeves"],"picked":"JustLucky","floor":1.0},{"not_picked":["FlyingSleeves","DeceiveReality"],"picked":"EmptyBody","floor":2.0},{"not_picked":["Study","EmptyBody"],"picked":"FollowUp","floor":3.0},{"not_picked":["ClearTheMind","Sanctity"],"picked":"CutThroughFate","floor":8.0},{"not_picked":["FollowUp","Fasting2","FlyingSleeves"],"picked":"SKIP","floor":11.0},{"not_picked":["JustLucky","Consecrate"],"picked":"CrushJoints","floor":12.0},{"not_picked":["SpiritShield","Protect","FlyingSleeves"],"picked":"SKIP","floor":13.0},{"not_picked":["Perseverance","Alpha"],"picked":"Vengeance","floor":14.0},{"not_picked":["MasterReality","LessonLearned"],"picked":"Vault","floor":16.0},{"not_picked":["EmptyFist","DeceiveReality"],"picked":"SignatureMove+1","floor":18.0},{"not_picked":["FlyingSleeves+1","EmptyFist"],"picked":"WaveOfTheHand","floor":19.0},{"not_picked":["Collect","JustLucky"],"picked":"Crescendo","floor":23.0},{"not_picked":["Wallop","Ragnarok"],"picked":"Scrawl","floor":25.0},{"not_picked":["Omniscience+1","MentalFortress"],"picked":"EmptyBody+1","floor":27.0},{"not_picked":["Consecrate","Sanctity+1","CarveReality+1"],"picked":"SKIP","floor":29.0},{"not_picked":["DeusExMachina+1","Vault+1"],"picked":"Wish+1","floor":33.0},{"not_picked":["EmptyFist","SashWhip","Prostrate+1"],"picked":"SKIP","floor":35.0},{"not_picked":["CrushJoints","FlurryOfBlows"],"picked":"TalkToTheHand","floor":41.0},{"not_picked":["Halt+1","Wallop"],"picked":"LikeWater+1","floor":42.0},{"not_picked":["Fasting2+1","WreathOfFlame+1","BowlingBash"],"picked":"SKIP","floor":45.0},{"not_picked":["BowlingBash","Vault+1"],"picked":"Protect+1","floor":46.0}],"player_experience":1315064,"relics_obtained":[{"floor":8.0,"key":"CloakClasp"},{"floor":9.0,"key":"Ginger"},{"floor":14.0,"key":"CeramicFish"},{"floor":23.0,"key":"Bag of Preparation"},{"floor":25.0,"key":"Toxic Egg 2"},{"floor":26.0,"key":"Juzu Bracelet"},{"floor":27.0,"key":"Shovel"},{"floor":30.0,"key":"Pocketwatch"},{"floor":32.0,"key":"Frozen Egg 2"},{"floor":40.0,"key":"Happy Flower"},{"floor":42.0,"key":"Regal Pillow"},{"floor":43.0,"key":"Yang"},{"floor":44.0,"key":"Whetstone"}],"event_choices":[{"damage_healed":0.0,"max_hp_gain":0.0,"max_hp_loss":0.0,"gold_gain":50.0,"event_name":"FaceTrader","player_choice":"Touch","floor":4.0,"gold_loss":0.0,"damage_taken":6.0},{"damage_healed":0.0,"max_hp_gain":0.0,"max_hp_loss":0.0,"gold_gain":0.0,"event_name":"Back to Basics","player_choice":"Simplicity","floor":21.0,"gold_loss":0.0,"damage_taken":0.0,"cards_upgraded":["Strike_P","Strike_P","Defend_P","Defend_P"]},{"damage_healed":0.0,"max_hp_gain":0.0,"max_hp_loss":0.0,"gold_gain":100.0,"event_name":"The Joust","player_choice":"Bet on Murderer","floor":22.0,"gold_loss":50.0,"damage_taken":0.0},{"damage_healed":0.0,"max_hp_gain":5.0,"max_hp_loss":0.0,"gold_gain":0.0,"event_name":"Forgotten Altar","player_choice":"Shed Blood","floor":28.0,"gold_loss":0.0,"damage_taken":24.0},{"damage_healed":0.0,"max_hp_gain":0.0,"max_hp_loss":0.0,"gold_gain":0.0,"event_name":"Addict","player_choice":"Obtained Relic","floor":31.0,"gold_loss":85.0,"damage_taken":0.0,"relics_obtained":["Centennial Puzzle"]},{"damage_healed":0.0,"max_hp_gain":0.0,"max_hp_loss":0.0,"gold_gain":0.0,"event_name":"WeMeetAgain","player_choice":"Gave Potion","floor":36.0,"gold_loss":0.0,"damage_taken":0.0,"relics_obtained":["Bronze Scales"]},{"damage_healed":0.0,"max_hp_gain":0.0,"max_hp_loss":4.0,"gold_gain":0.0,"event_name":"Winding Halls","player_choice":"Max HP","floor":38.0,"gold_loss":0.0,"damage_taken":0.0},{"damage_healed":0.0,"max_hp_gain":0.0,"max_hp_loss":0.0,"gold_gain":0.0,"event_name":"Upgrade Shrine","player_choice":"Upgraded","floor":39.0,"gold_loss":0.0,"damage_taken":0.0,"cards_upgraded":["WaveOfTheHand"]}],"is_beta":true,"boss_relics":[{"not_picked":["SacredBark","Pandora\u0027s Box"],"picked":"Velvet Choker"},{"not_picked":["Snecko Eye","Busted Crown"],"picked":"Philosopher\u0027s Stone"}],"items_purged_floors":[20,37],"is_endless":false,"potions_floor_spawned":[1,3,11,12,14,23,27,29,33,42],"killed_by":"Reptomancer","ascension_level":17}