{"gold_per_floor":[119,69,87,105,105,105,120,120,120,120,133,149,149,74,74,170,170,186,101,129,147,165,165,165,184,211,211,62,62,75,89,89,89],"floor_reached":33,"playtime":2138,"items_purged":["Strike_B","Recycle"],"score":263,"play_id":"08b13446-d8bb-4c49-a1ca-d3776e860bc4","local_time":"20191006205557","is_ascension_mode":true,"campfire_choices":[{"data":"Stack","floor":6,"key":"SMITH"},{"data":"Go for the Eyes","floor":10,"key":"SMITH"},{"data":"Stack","floor":15,"key":"SMITH"},{"floor":23,"key":"REST"},{"data":"Gash","floor":27,"key":"SMITH"},{"data":"Conserve Battery","floor":29,"key":"SMITH"},{"data":"Steam Power","floor":32,"key":"SMITH"}],"neow_cost":"NONE","seed_source_timestamp":155107348880200,"circlet_count":0,"master_deck":["Strike_B+1","Defend_B+1","Defend_B","Defend_B","Zap+1","Stack+1","Ball Lightning","Go for the Eyes+1","Stack+1","Gash+1","Auto Shields+1","Hologram+1","Steam Power+1","Conserve Battery+1","Leap","Hologram+1"],"relics":["Cracked Core","Oddly Smooth Stone","Philosopher\u0027s Stone","Darkstone Periapt","Red Mask","Omamori"],"potions_floor_usage":[16,16,16,20,30,31,33],"damage_taken":[{"damage":2,"enemies":"Jaw Worm","floor":1,"turns":4},{"damage":5,"enemies":"Small Slimes","floor":3,"turns":3},{"damage":0,"enemies":"2 Louse","floor":4,"turns":2},{"damage":1,"enemies":"Looter","floor":7,"turns":3},{"damage":0,"enemies":"Blue Slaver","floor":11,"turns":3},{"damage":0,"enemies":"Large Slime","floor":12,"turns":5},{"damage":27,"enemies":"Slime Boss","floor":16,"turns":8},{"damage":2,"enemies":"Chosen","floor":18,"turns":6},{"damage":31,"enemies":"Masked Bandits","floor":20,"turns":6},{"damage":14,"enemies":"Spheric Guardian","floor":21,"turns":5},{"damage":14,"enemies":"Centurion and Healer","floor":22,"turns":13},{"damage":16,"enemies":"Snecko","floor":25,"turns":6},{"damage":0,"enemies":"Snake Plant","floor":30,"turns":6},{"damage":0,"enemies":"Centurion and Healer","floor":31,"turns":12},{"damage":48,"enemies":"Collector","floor":33,"turns":13}],"seed_played":"123246707449146800","potions_obtained":[{"floor":1,"key":"Explosive Potion"},{"floor":3,"key":"AttackPotion"},{"floor":7,"key":"AttackPotion"},{"floor":12,"key":"PowerPotion"},{"floor":16,"key":"Dexterity Potion"},{"floor":18,"key":"FearPotion"},{"floor":22,"key":"Dexterity Potion"},{"floor":30,"key":"Regen Potion"}],"is_trial":false,"path_per_floor":["M","?","M","M","?","R","M","?","T","R","M","M","?","$","R","B",null,"M","?","?","M","M","R","?","M","T","R","$","R","M","M","R","B"],"character_chosen":"DEFECT","items_purchased":["Leap"],"campfire_rested":1,"item_purchase_floors":[28],"current_hp_per_floor":[73,73,68,68,61,61,60,65,65,65,65,65,49,49,49,22,80,78,78,47,33,19,43,43,27,27,27,27,27,27,42,42,0],"gold":89,"neow_bonus":"UPGRADE_CARD","is_prod":false,"is_daily":false,"chose_seed":false,"campfire_upgraded":6,"win_rate":0,"timestamp":1570409757,"path_taken":["M","?","M","M","?","R","M","?","T","R","M","M","?","$","R","BOSS","M","?","?","M","M","R","?","M","T","R","$","R","M","M","R","BOSS"],"build_version":"2019-07-17","purchased_purges":2,"victory":false,"max_hp_per_floor":[75,75,75,75,75,75,75,80,80,80,80,80,80,80,80,80,80,80,80,80,80,80,80,80,80,80,80,80,80,80,80,80,80],"card_choices":[{"not_picked":["Sunder","Tempest","Fusion"],"picked":"SKIP","floor":1},{"not_picked":["Capacitor","Tempest"],"picked":"Stack","floor":3},{"not_picked":["Streamline","Sweeping Beam"],"picked":"Ball Lightning","floor":4},{"not_picked":["Rip and Tear","Skim"],"picked":"Go for the Eyes","floor":7},{"not_picked":["Heatsinks","Turbo"],"picked":"Stack","floor":11},{"not_picked":["Turbo","Beam Cell"],"picked":"Gash","floor":12},{"not_picked":["Beam Cell+1","Storm","Ball Lightning"],"picked":"SKIP","floor":18},{"not_picked":["Capacitor","Conserve Battery+1"],"picked":"Auto Shields+1","floor":20},{"not_picked":["Sunder","Fusion"],"picked":"Hologram+1","floor":21},{"not_picked":["Force Field","Loop","Ball Lightning"],"picked":"SKIP","floor":22},{"not_picked":["Melter","Redo+1"],"picked":"Conserve Battery","floor":25},{"not_picked":["Steam","Turbo"],"picked":"Hologram+1","floor":30},{"not_picked":["Multi-Cast","Redo+1","Barrage"],"picked":"SKIP","floor":31}],"player_experience":106867,"relics_obtained":[{"floor":9,"key":"Oddly Smooth Stone"},{"floor":20,"key":"Red Mask"},{"floor":26,"key":"Omamori"}],"event_choices":[{"cards_removed":["Strike_B"],"damage_healed":0,"gold_gain":0,"player_choice":"Card Removal","damage_taken":0,"max_hp_gain":0,"max_hp_loss":0,"event_name":"The Cleric","floor":2,"gold_loss":50},{"cards_removed":["Strike_B"],"damage_healed":0,"gold_gain":0,"player_choice":"Card Removal","damage_taken":7,"max_hp_gain":0,"max_hp_loss":0,"event_name":"Golden Wing","floor":5,"gold_loss":0},{"damage_healed":0,"gold_gain":0,"player_choice":"Donut","damage_taken":0,"max_hp_gain":5,"max_hp_loss":0,"event_name":"Big Fish","floor":8,"gold_loss":0},{"damage_healed":0,"gold_gain":0,"player_choice":"Entered Light","damage_taken":16,"max_hp_gain":0,"max_hp_loss":0,"event_name":"Shining Light","floor":13,"gold_loss":0,"cards_upgraded":["Strike_B","Defend_B"]},{"damage_healed":0,"gold_gain":0,"player_choice":"Obtained Relic","damage_taken":0,"relics_obtained":["Darkstone Periapt"],"max_hp_gain":0,"max_hp_loss":0,"event_name":"Addict","floor":19,"gold_loss":85},{"damage_healed":0,"gold_gain":0,"player_choice":"Fought Bandits","damage_taken":0,"max_hp_gain":0,"max_hp_loss":0,"event_name":"Masked Bandits","floor":20,"gold_loss":0},{"damage_healed":0,"gold_gain":0,"cards_transformed":["Dualcast","Defend_B"],"player_choice":"Became Test Subject","damage_taken":0,"max_hp_gain":0,"max_hp_loss":0,"event_name":"Drug Dealer","floor":24,"gold_loss":0,"cards_obtained":["Steam Power","Recycle"]}],"is_beta":false,"boss_relics":[{"not_picked":["Inserter","Orrery"],"picked":"Philosopher\u0027s Stone"}],"items_purged_floors":[14,28],"is_endless":false,"potions_floor_spawned":[1,3,7,12,16,18,22,30],"killed_by":"Collector","ascension_level":2}