{"gold_per_floor":[110,125,181,194,4,29,29,29,29,29,62,80,92,115,115,220,220,189,206,225,51,67,67,99,113,113,138,13,13,38,49,49,152,152,171,191,191,5,19,19],"floor_reached":40,"playtime":2599,"items_purged":["Strike_B","White Noise","Strike_B","Strike_B"],"score":481,"play_id":"b356b837-60bb-4476-9539-5724256537e0","local_time":"20190930005545","is_ascension_mode":true,"campfire_choices":[{"floor":7.0,"key":"REST"},{"data":"Self Repair","floor":10.0,"key":"SMITH"},{"data":"Fusion","floor":15.0,"key":"SMITH"},{"data":"Consume","floor":23.0,"key":"SMITH"},{"floor":29.0,"key":"REST"},{"floor":32.0,"key":"REST"}],"neow_cost":"NONE","seed_source_timestamp":0,"circlet_count":0,"master_deck":["Defend_B","Defend_B","Defend_B","Defend_B+1","Zap","Dualcast","Doom and Gloom","Glacier","Self Repair+1","Conserve Battery+1","Capacitor","Cold Snap+1","Core Surge+1","Zap","Coolheaded","Heatsinks","Fusion+1","Machine Learning","Compile Driver+1","Steam","Consume+1","Redo+1","Sweeping Beam+1","Barrage+1","Go for the Eyes+1","Biased Cognition","Biased Cognition","Ball Lightning+1","Hologram","Consume+1","Self Repair","Buffer"],"special_seed":0,"relics":["FrozenCore","Molten Egg 2","Bottled Tornado","Bag of Preparation","Art of War","Inserter","War Paint","PreservedInsect","Ancient Tea Set","Potion Belt"],"potions_floor_usage":[40],"damage_taken":[{"damage":10.0,"enemies":"Small Slimes","floor":1.0,"turns":3.0},{"damage":6.0,"enemies":"Cultist","floor":2.0,"turns":4.0},{"damage":9.0,"enemies":"Jaw Worm","floor":4.0,"turns":7.0},{"damage":8.0,"enemies":"Lagavulin","floor":6.0,"turns":9.0},{"damage":19.0,"enemies":"Gremlin Nob","floor":11.0,"turns":4.0},{"damage":19.0,"enemies":"Exordium Thugs","floor":12.0,"turns":4.0},{"damage":2.0,"enemies":"Red Slaver","floor":13.0,"turns":5.0},{"damage":17.0,"enemies":"The Guardian","floor":16.0,"turns":13.0},{"damage":23.0,"enemies":"2 Thieves","floor":18.0,"turns":5.0},{"damage":15.0,"enemies":"Chosen","floor":19.0,"turns":7.0},{"damage":8.0,"enemies":"Centurion and Healer","floor":20.0,"turns":8.0},{"damage":14.0,"enemies":"Snecko","floor":22.0,"turns":8.0},{"damage":34.0,"enemies":"Slavers","floor":24.0,"turns":3.0},{"damage":0.0,"enemies":"Snake Plant","floor":25.0,"turns":6.0},{"damage":5.0,"enemies":"Book of Stabbing","floor":27.0,"turns":6.0},{"damage":31.0,"enemies":"Slavers","floor":30.0,"turns":3.0},{"damage":14.0,"enemies":"Cultist and Chosen","floor":31.0,"turns":5.0},{"damage":28.0,"enemies":"Collector","floor":33.0,"turns":13.0},{"damage":29,"enemies":"3 Darklings","floor":35,"turns":6},{"damage":7,"enemies":"3 Shapes","floor":36,"turns":4},{"damage":35,"enemies":"3 Darklings","floor":39,"turns":6},{"damage":60,"enemies":"Giant Head","floor":40,"turns":11}],"seed_played":"1583730712379346524","potions_obtained":[{"floor":1.0,"key":"Explosive Potion"},{"floor":2.0,"key":"SpeedPotion"},{"floor":6.0,"key":"Regen Potion"},{"floor":11.0,"key":"SkillPotion"},{"floor":22.0,"key":"PowerPotion"},{"floor":25.0,"key":"AttackPotion"},{"floor":27.0,"key":"FocusPotion"},{"floor":30.0,"key":"Fruit Juice"},{"floor":33.0,"key":"SpeedPotion"},{"floor":36,"key":"LiquidBronze"}],"is_trial":false,"path_per_floor":["M","M","?","M","$","E","R","?","T","R","E","M","M","T","R","B",null,"M","M","M","$","M","R","E","M","T","E","$","R","E","M","R","B",null,"M","M","?","$","M","E"],"character_chosen":"DEFECT","items_purchased":["Conserve Battery","Capacitor","Consume","Self Repair"],"campfire_rested":3,"item_purchase_floors":[5,5,21,38],"current_hp_per_floor":[65,59,59,50,50,49,71,71,71,71,62,53,61,61,61,54,75,62,57,59,59,55,55,31,41,41,46,46,68,52,48,72,54,80,51,54,54,54,36,0],"gold":19,"neow_bonus":"TRANSFORM_CARD","is_prod":false,"is_daily":false,"chose_seed":false,"campfire_upgraded":3,"win_rate":0,"timestamp":1569819345,"path_taken":["M","M","?","M","$","E","R","?","T","R","E","?","M","?","R","BOSS","M","M","M","$","M","R","E","M","T","E","$","R","E","M","R","BOSS","M","M","?","$","?","E"],"build_version":"2019-07-17","purchased_purges":4,"victory":false,"max_hp_per_floor":[75,75,75,75,75,75,75,75,75,75,75,75,75,75,75,75,75,75,75,75,75,75,75,75,75,75,75,75,75,80,80,80,80,80,80,80,80,80,80,80],"card_choices":[{"not_picked":["Chaos","Reinforced Body"],"picked":"Doom and Gloom","floor":1.0},{"not_picked":["Scrape","Aggregate"],"picked":"Glacier","floor":2.0},{"not_picked":["White Noise","Hello World"],"picked":"Self Repair","floor":4.0},{"not_picked":["Stack","Aggregate"],"picked":"Cold Snap","floor":6.0},{"not_picked":["Steam","Reprogram"],"picked":"Coolheaded","floor":11.0},{"not_picked":["Hologram","Streamline+1"],"picked":"Heatsinks","floor":12.0},{"not_picked":["BootSequence","Rebound+1"],"picked":"Fusion","floor":13.0},{"not_picked":["Fission","Seek"],"picked":"Machine Learning","floor":16.0},{"not_picked":["Coolheaded","Stack"],"picked":"Compile Driver+1","floor":18.0},{"not_picked":["Chill","Darkness+1"],"picked":"Steam","floor":19.0},{"not_picked":["Scrape+1","Cold Snap+1","Compile Driver+1"],"picked":"SKIP","floor":20.0},{"not_picked":["Leap+1","Hello World+1"],"picked":"Redo+1","floor":22.0},{"not_picked":["Reboot","White Noise","Cold Snap+1"],"picked":"SKIP","floor":24.0},{"not_picked":["Leap","Hello World"],"picked":"Sweeping Beam+1","floor":25.0},{"not_picked":["Hologram","Steam"],"picked":"Barrage+1","floor":27.0},{"not_picked":["Beam Cell+1","Fusion+1"],"picked":"Go for the Eyes+1","floor":30.0},{"not_picked":["Streamline+1","Beam Cell+1"],"picked":"Biased Cognition","floor":31.0},{"not_picked":["Meteor Strike+1","All For One+1"],"picked":"Biased Cognition","floor":33.0},{"not_picked":["Sweeping Beam+1","Streamline+1"],"picked":"Ball Lightning+1","floor":35},{"not_picked":["Leap+1","Aggregate"],"picked":"Hologram","floor":36},{"not_picked":["Conserve Battery+1","Fusion"],"picked":"Buffer","floor":39}],"player_experience":95532,"relics_obtained":[{"floor":6.0,"key":"Molten Egg 2"},{"floor":9.0,"key":"Bottled Tornado"},{"floor":11.0,"key":"Bag of Preparation"},{"floor":14.0,"key":"Art of War"},{"floor":24.0,"key":"War Paint"},{"floor":26.0,"key":"PreservedInsect"},{"floor":27.0,"key":"Ancient Tea Set"},{"floor":30.0,"key":"Potion Belt"}],"event_choices":[{"damage_healed":0.0,"max_hp_gain":0.0,"max_hp_loss":0.0,"gold_gain":56.0,"event_name":"Golden Wing","player_choice":"Gained Gold","floor":3.0,"gold_loss":0.0,"damage_taken":0.0},{"damage_healed":0.0,"max_hp_gain":0.0,"max_hp_loss":0.0,"gold_gain":0.0,"event_name":"Match and Keep!","player_choice":"2 cards matched","floor":8.0,"gold_loss":0.0,"damage_taken":0.0,"cards_obtained":["Core Surge","Zap"]},{"damage_healed":0,"gold_gain":0,"player_choice":"Copied","damage_taken":0,"max_hp_gain":0,"max_hp_loss":0,"event_name":"Duplicator","floor":37,"gold_loss":0,"cards_obtained":["Consume"]}],"is_beta":false,"boss_relics":[{"not_picked":["Empty Cage","Orrery"],"picked":"Inserter"},{"not_picked":["Runic Dome","Astrolabe"],"picked":"FrozenCore"}],"items_purged_floors":[5,21,28,38],"is_endless":false,"potions_floor_spawned":[1,2,6,11,22,25,27,30,33,36],"killed_by":"Giant Head","ascension_level":1}