{"gold_per_floor":[365,378,393,393,20,47,47,47,71,102,202,227,238,257,257,358,358,348,348,66,83,83,83,108,134,161,188,188,287,257,257,257,353,353,370,387,407,49,64,64,92,92,137,137,156,156,0,100,100,100,100,100,0,26,26],"floor_reached":56,"playtime":2536,"items_purged":["Strike_B","Strike_B","Strike_B"],"score":1393,"play_id":"adb0e244-1c78-4870-9838-01e4631669e4","local_time":"20191023000005","is_ascension_mode":true,"campfire_choices":[{"data":"Genetic Algorithm","floor":8,"key":"SMITH"},{"floor":15,"key":"REST"},{"data":"Defragment","floor":23,"key":"SMITH"},{"floor":28,"key":"REST"},{"data":"Conserve Battery","floor":32,"key":"SMITH"},{"floor":40,"key":"REST"},{"data":"Seek","floor":42,"key":"SMITH"},{"data":"Rainbow","floor":46,"key":"SMITH"},{"floor":49,"key":"RECALL"},{"data":"Biased Cognition","floor":52,"key":"SMITH"}],"neow_cost":"CURSE","seed_source_timestamp":7956463023800,"circlet_count":0,"master_deck":["Strike_B","Defend_B","Defend_B","Defend_B","Defend_B","Zap","Dualcast","Conserve Battery+1","Beam Cell+1","Genetic Algorithm+1","Static Discharge","Streamline","BootSequence","Cold Snap","Conserve Battery","Defragment+1","Biased Cognition+1","CurseOfTheBell","Cold Snap+1","Defragment","Sweeping Beam+1","Self Repair+1","Leap+1","Loop+1","Seek+1","Skim+1","Ball Lightning+1","Loop+1","Coolheaded","Rainbow+1","Echo Form","Core Surge","Hologram"],"relics":["Cracked Core","Singing Bowl","MealTicket","Happy Flower","Regal Pillow","Calling Bell","Lantern","The Courier","Gambling Chip","Nloth\u0027s Gift","ClockworkSouvenir","Juzu Bracelet","Question Card","Whetstone","TungstenRod","SlaversCollar","DollysMirror","Strawberry","Symbiotic Virus","Blood Vial"],"potions_floor_usage":[10,12,16,27,33,36,37,39,54,55,55],"damage_taken":[{"damage":7,"enemies":"Small Slimes","floor":1,"turns":4},{"damage":6,"enemies":"Cultist","floor":2,"turns":4},{"damage":3,"enemies":"2 Louse","floor":3,"turns":2},{"damage":27,"enemies":"Lagavulin","floor":6,"turns":6},{"damage":10,"enemies":"3 Sentries","floor":10,"turns":5},{"damage":6,"enemies":"Gremlin Nob","floor":12,"turns":3},{"damage":4,"enemies":"Exordium Thugs","floor":13,"turns":4},{"damage":11,"enemies":"Lots of Slimes","floor":14,"turns":5},{"damage":25,"enemies":"The Guardian","floor":16,"turns":12},{"damage":17,"enemies":"2 Thieves","floor":18,"turns":4},{"damage":9,"enemies":"3 Byrds","floor":21,"turns":5},{"damage":23,"enemies":"Book of Stabbing","floor":25,"turns":5},{"damage":23,"enemies":"Gremlin Leader","floor":27,"turns":8},{"damage":42,"enemies":"Collector","floor":33,"turns":12},{"damage":31,"enemies":"3 Shapes","floor":35,"turns":3},{"damage":27,"enemies":"3 Darklings","floor":36,"turns":6},{"damage":29,"enemies":"Sphere and 2 Shapes","floor":37,"turns":6},{"damage":53,"enemies":"4 Shapes","floor":39,"turns":4},{"damage":25,"enemies":"Nemesis","floor":41,"turns":7},{"damage":2,"enemies":"Maw","floor":45,"turns":6},{"damage":13,"enemies":"Donu and Deca","floor":50,"turns":8},{"damage":56,"enemies":"Shield and Spear","floor":54,"turns":8},{"damage":34,"enemies":"The Heart","floor":55,"turns":9}],"seed_played":"7022867775715041758","potions_obtained":[{"floor":6,"key":"Block Potion"},{"floor":10,"key":"Fire Potion"},{"floor":16,"key":"SkillPotion"},{"floor":18,"key":"Regen Potion"},{"floor":30,"key":"Regen Potion"},{"floor":30,"key":"PotionOfCapacity"},{"floor":33,"key":"Block Potion"},{"floor":37,"key":"Block Potion"},{"floor":39,"key":"AttackPotion"}],"is_trial":false,"path_per_floor":["M","M","M","?","$","E","$","R","T","E","?","E","M","M","R","B",null,"M","?","$","M","?","R","T","E","T","E","R","?","?","?","R","B",null,"M","M","M","$","M","R","E","R","T","?","M","R","$","?","R","B",null,"R","$","E","B",null],"character_chosen":"DEFECT","items_purchased":["Singing Bowl","Static Discharge","PowerPotion","Streamline","ClockworkSouvenir","Defragment","Sweeping Beam","DollysMirror","Strawberry","Coolheaded","Core Surge","Energy Potion","FocusPotion","Hologram"],"campfire_rested":3,"item_purchase_floors":[5,5,5,5,20,20,20,38,38,38,47,53,53,53],"current_hp_per_floor":[68,62,59,59,59,32,47,47,47,37,37,33,29,18,56,31,77,60,60,75,66,52,52,52,39,39,26,65,65,65,65,65,48,82,61,46,39,61,8,50,35,35,35,80,82,82,82,82,82,79,82,82,82,38,16],"gold":26,"neow_bonus":"TWO_FIFTY_GOLD","is_prod":false,"is_daily":false,"chose_seed":false,"campfire_upgraded":6,"win_rate":0,"timestamp":1571803205,"path_taken":["M","M","M","?","$","E","?","R","T","E","?","E","M","M","R","BOSS","M","?","$","?","?","R","?","E","T","E","R","?","?","?","R","BOSS","M","M","M","$","M","R","E","R","T","?","M","R","$","?","R","BOSS","R","$","E","BOSS"],"build_version":"2019-10-22","purchased_purges":3,"victory":true,"max_hp_per_floor":[75,75,75,75,75,75,75,75,75,75,75,77,77,77,77,77,77,77,77,77,77,82,82,82,82,82,82,82,82,82,82,82,82,82,82,84,84,91,91,91,91,91,91,80,82,82,82,82,82,82,82,82,82,84,84],"card_choices":[{"not_picked":["Rebound","Tempest"],"picked":"Conserve Battery","floor":1},{"not_picked":["Reboot","Sunder"],"picked":"Beam Cell","floor":2},{"not_picked":["Blizzard","Gash"],"picked":"Genetic Algorithm","floor":3},{"not_picked":["Sweeping Beam","Redo"],"picked":"BootSequence","floor":6},{"not_picked":["Melter","Streamline"],"picked":"Cold Snap","floor":10},{"not_picked":["Barrage","White Noise","Chaos"],"picked":"Singing Bowl","floor":12},{"not_picked":["Melter","Streamline"],"picked":"Conserve Battery","floor":13},{"not_picked":["Recycle","Consume"],"picked":"Defragment","floor":14},{"not_picked":["Core Surge","Meteor Strike"],"picked":"Biased Cognition","floor":16},{"not_picked":["Fusion","Stack"],"picked":"Cold Snap+1","floor":18},{"not_picked":["Scrape","Meteor Strike"],"picked":"Self Repair+1","floor":21},{"not_picked":["Steam","Fission"],"picked":"Leap+1","floor":25},{"not_picked":["Scrape","Storm","Auto Shields"],"picked":"Loop+1","floor":27},{"not_picked":["Machine Learning","Creative AI","Thunder Strike"],"picked":"Seek","floor":33},{"not_picked":["Redo","Meteor Strike","Hologram"],"picked":"Skim+1","floor":35},{"not_picked":["BootSequence","FTL","Heatsinks+1","Redo+1"],"picked":"Singing Bowl","floor":36},{"not_picked":["Doom and Gloom+1","Turbo+1","Hologram"],"picked":"Ball Lightning+1","floor":37},{"not_picked":["Rip and Tear+1","Doom and Gloom+1","Recycle+1"],"picked":"Rainbow","floor":39},{"not_picked":["Gash","Self Repair+1","Blizzard+1"],"picked":"Echo Form","floor":41},{"not_picked":["Stack","Gash+1","Turbo","Aggregate+1"],"picked":"Singing Bowl","floor":45},{"not_picked":["Genetic Algorithm+1","Hello World","Consume","Conserve Battery"],"picked":"Singing Bowl","floor":54}],"player_experience":125304,"relics_obtained":[{"floor":6,"key":"MealTicket"},{"floor":9,"key":"Happy Flower"},{"floor":10,"key":"Nunchaku"},{"floor":12,"key":"Regal Pillow"},{"floor":17,"key":"Lantern"},{"floor":17,"key":"The Courier"},{"floor":17,"key":"Gambling Chip"},{"floor":24,"key":"Juzu Bracelet"},{"floor":25,"key":"Question Card"},{"floor":26,"key":"Whetstone"},{"floor":27,"key":"TungstenRod"},{"floor":41,"key":"Symbiotic Virus"},{"floor":54,"key":"Blood Vial"}],"event_choices":[{"cards_removed":["Doubt"],"damage_healed":0,"gold_gain":0,"player_choice":"Card Removal","damage_taken":0,"max_hp_gain":0,"max_hp_loss":0,"event_name":"Wheel of Change","floor":4,"gold_loss":0},{"damage_healed":0,"gold_gain":100,"player_choice":"Pray","damage_taken":0,"max_hp_gain":0,"max_hp_loss":0,"event_name":"Golden Shrine","floor":11,"gold_loss":0},{"damage_healed":0,"gold_gain":0,"player_choice":"Traded Relic","damage_taken":0,"relics_obtained":["Nloth\u0027s Gift"],"max_hp_gain":0,"max_hp_loss":0,"event_name":"N\u0027loth","floor":19,"relics_lost":["Nunchaku"],"gold_loss":0},{"damage_healed":0,"gold_gain":0,"player_choice":"Shed Blood","damage_taken":19,"max_hp_gain":5,"max_hp_loss":0,"event_name":"Forgotten Altar","floor":22,"gold_loss":0},{"damage_healed":0,"gold_gain":99,"player_choice":"Stole From Cult","damage_taken":0,"max_hp_gain":0,"max_hp_loss":0,"event_name":"Nest","floor":29,"gold_loss":0},{"damage_healed":0,"gold_gain":0,"player_choice":"Bought 2 Potions","damage_taken":0,"max_hp_gain":0,"max_hp_loss":0,"event_name":"The Woman in Blue","floor":30,"gold_loss":0},{"damage_healed":0,"gold_gain":0,"player_choice":"Ignored","damage_taken":0,"max_hp_gain":0,"max_hp_loss":0,"event_name":"Vampires","floor":31,"gold_loss":0},{"damage_healed":80,"gold_gain":0,"player_choice":"Heal","damage_taken":0,"max_hp_gain":0,"max_hp_loss":11,"event_name":"The Moai Head","floor":44,"gold_loss":0},{"damage_healed":0,"gold_gain":100,"player_choice":"Pray","damage_taken":0,"max_hp_gain":0,"max_hp_loss":0,"event_name":"Golden Shrine","floor":48,"gold_loss":0}],"is_beta":true,"boss_relics":[{"not_picked":["Snecko Eye","Runic Dome"],"picked":"Calling Bell"},{"not_picked":["Cursed Key","Tiny House"],"picked":"SlaversCollar"}],"items_purged_floors":[20,38,47],"is_endless":false,"potions_floor_spawned":[6,10,16,18,33,35,37,39],"ascension_level":3}