{"gold_per_floor":[112,187,187,22,32,32,60,60,115,131,141,155,184,204,204,204],"floor_reached":16,"playtime":849,"items_purged":[],"score":207,"play_id":"dd5479a9-5a46-4723-9379-69c1e6481b91","local_time":"20191019220555","is_ascension_mode":true,"campfire_choices":[{"data":"Searing Blow","floor":6.0,"key":"SMITH"},{"data":"Searing Blow+1","floor":8.0,"key":"SMITH"},{"data":"Searing Blow+2","floor":15,"key":"SMITH"}],"neow_cost":"NONE","seed_source_timestamp":0,"circlet_count":0,"master_deck":["AscendersBane","Strike_R","Strike_R","Strike_R","Strike_R","Strike_R","Defend_R","Defend_R","Defend_R","Defend_R","Bash","Disarm","Searing Blow+3","Shrug It Off","Flame Barrier","Battle Trance","Ghostly Armor","Feel No Pain"],"special_seed":0,"relics":["Burning Blood","Art of War","Kunai","Bag of Marbles","Ginger"],"potions_floor_usage":[13],"damage_taken":[{"damage":10.0,"enemies":"2 Louse","floor":1.0,"turns":4.0},{"damage":4.0,"enemies":"Cultist","floor":5.0,"turns":3.0},{"damage":68.0,"enemies":"Lagavulin","floor":7.0,"turns":8.0},{"damage":2.0,"enemies":"Small Slimes","floor":10.0,"turns":3.0},{"damage":0.0,"enemies":"2 Fungi Beasts","floor":11.0,"turns":4.0},{"damage":12.0,"enemies":"3 Louse","floor":12.0,"turns":3.0},{"damage":19.0,"enemies":"Gremlin Nob","floor":13.0,"turns":4.0},{"damage":6,"enemies":"Exordium Thugs","floor":14,"turns":6},{"damage":16,"enemies":"The Guardian","floor":16,"turns":2}],"seed_played":"8593140828247411621","potions_obtained":[{"floor":10.0,"key":"SteroidPotion"},{"floor":11.0,"key":"SkillPotion"},{"floor":13,"key":"Fruit Juice"}],"is_trial":false,"path_per_floor":["M","?","?","$","M","R","E","R","T","M","M","M","E","M","R","B"],"character_chosen":"IRONCLAD","items_purchased":["Art of War"],"campfire_rested":0,"item_purchase_floors":[4],"current_hp_per_floor":[71,60,82,82,82,82,20,20,20,24,30,24,16,16,16,0],"gold":204,"neow_bonus":"TEN_PERCENT_HP_BONUS","is_prod":false,"is_daily":false,"chose_seed":false,"campfire_upgraded":3,"win_rate":0,"timestamp":1571515555,"path_taken":["M","?","?","$","M","R","E","R","T","?","M","M","E","M","R","BOSS"],"build_version":"2019-07-17","purchased_purges":0,"victory":false,"max_hp_per_floor":[82,82,82,82,82,82,82,82,82,82,82,82,87,87,87,87],"card_choices":[{"not_picked":["Clothesline","Reckless Charge"],"picked":"Disarm","floor":1.0},{"not_picked":["Thunderclap","Iron Wave"],"picked":"Searing Blow","floor":5.0},{"not_picked":["Headbutt","Pommel Strike"],"picked":"Shrug It Off","floor":7.0},{"not_picked":["Iron Wave","Feel No Pain"],"picked":"Flame Barrier","floor":10.0},{"not_picked":["Pummel","Heavy Blade","Iron Wave"],"picked":"SKIP","floor":11.0},{"not_picked":["Perfected Strike","Anger"],"picked":"Battle Trance","floor":12.0},{"not_picked":["Dual Wield","Rage"],"picked":"Ghostly Armor","floor":13},{"not_picked":["Shrug It Off","Feed"],"picked":"Feel No Pain","floor":14}],"player_experience":517996,"relics_obtained":[{"floor":7.0,"key":"Kunai"},{"floor":9.0,"key":"Bag of Marbles"},{"floor":13,"key":"Ginger"}],"event_choices":[{"damage_healed":0.0,"max_hp_gain":0.0,"max_hp_loss":0.0,"gold_gain":75.0,"event_name":"World of Goop","player_choice":"Gather Gold","floor":2.0,"gold_loss":0.0,"damage_taken":11.0},{"damage_healed":22.0,"max_hp_gain":0.0,"max_hp_loss":0.0,"gold_gain":0.0,"event_name":"Wheel of Change","player_choice":"Full Heal","floor":3.0,"gold_loss":0.0,"damage_taken":0.0}],"is_beta":false,"boss_relics":[],"items_purged_floors":[],"is_endless":false,"potions_floor_spawned":[10,11,13],"killed_by":"The Guardian","ascension_level":17}