{"gold_per_floor":[116,134,151,163,176,176,191,191,191,191,191,212,225,249,249,380,380,394,394,130,130,115,115,129,129,156,156,174,0,15,29,29,29],"floor_reached":33,"playtime":2657,"items_purged":["Strike_G"],"score":270,"play_id":"ba74863e-5a0a-47ad-8fbd-b04ee5ad0be3","local_time":"20190920224509","is_ascension_mode":false,"campfire_choices":[{"data":"Deadly Poison","floor":6,"key":"SMITH"},{"floor":11,"key":"REST"},{"data":"Deadly Poison","floor":15,"key":"SMITH"},{"floor":23,"key":"REST"},{"data":"Tools of the Trade","floor":25,"key":"SMITH"},{"data":"Leg Sweep","floor":27,"key":"SMITH"},{"floor":32,"key":"REST"}],"neow_cost":"NONE","seed_source_timestamp":682661554525300,"circlet_count":0,"master_deck":["Strike_G","Defend_G","Defend_G","Defend_G","Defend_G","Defend_G","Survivor+1","Neutralize","Backflip","Well Laid Plans","Deadly Poison+1","Blade Dance","Poisoned Stab+1","Escape Plan","Leg Sweep+1","Deadly Poison+1","Backflip","Tools of the Trade+1","Caltrops+1","Endless Agony+1","Corpse Explosion+1","Bane+1","Necronomicurse","Deadly Poison","Poisoned Stab","Flash of Steel","Noxious Fumes","Deadly Poison","Bouncing Flask"],"relics":["Ring of the Snake","NeowsBlessing","Golden Idol","Paper Crane","Astrolabe","Necronomicon","Ancient Tea Set"],"potions_floor_usage":[30,30,31,33,33],"damage_taken":[{"damage":0,"enemies":"Cultist","floor":1,"turns":1},{"damage":0,"enemies":"Jaw Worm","floor":2,"turns":1},{"damage":0,"enemies":"2 Louse","floor":3,"turns":1},{"damage":7,"enemies":"Looter","floor":4,"turns":4},{"damage":8,"enemies":"2 Fungi Beasts","floor":5,"turns":4},{"damage":3,"enemies":"3 Louse","floor":7,"turns":4},{"damage":0,"enemies":"Large Slime","floor":12,"turns":6},{"damage":0,"enemies":"2 Fungi Beasts","floor":13,"turns":4},{"damage":0,"enemies":"3 Louse","floor":14,"turns":3},{"damage":1,"enemies":"Hexaghost","floor":16,"turns":9},{"damage":2,"enemies":"Shell Parasite","floor":18,"turns":5},{"damage":16,"enemies":"2 Thieves","floor":22,"turns":4},{"damage":17,"enemies":"Snecko","floor":24,"turns":6},{"damage":15,"enemies":"Snake Plant","floor":28,"turns":4},{"damage":15,"enemies":"Centurion and Healer","floor":30,"turns":3},{"damage":8,"enemies":"Chosen and Byrds","floor":31,"turns":6},{"damage":25,"enemies":"Automaton","floor":33,"turns":6}],"seed_played":"-6464270973357348355","potions_obtained":[{"floor":1,"key":"Energy Potion"},{"floor":3,"key":"Swift Potion"},{"floor":7,"key":"SteroidPotion"},{"floor":12,"key":"Weak Potion"},{"floor":18,"key":"Explosive Potion"},{"floor":30,"key":"Explosive Potion"},{"floor":31,"key":"SkillPotion"}],"is_trial":false,"path_per_floor":["M","M","M","M","M","R","M","?","T","?","R","M","M","M","R","B",null,"M","?","$","?","M","R","M","R","T","R","M","?","M","M","R","B"],"character_chosen":"THE_SILENT","items_purchased":["Deadly Poison","Poisoned Stab","Flash of Steel"],"campfire_rested":3,"item_purchase_floors":[20,20,20],"current_hp_per_floor":[70,70,70,63,55,55,52,35,35,21,42,42,42,42,42,41,70,68,52,52,52,36,57,40,40,40,40,25,25,10,2,23,0],"gold":29,"neow_bonus":"THREE_ENEMY_KILL","is_prod":false,"is_daily":false,"chose_seed":false,"campfire_upgraded":4,"win_rate":0.0,"timestamp":1569033909,"path_taken":["M","M","?","M","?","R","M","?","T","?","R","M","M","M","R","BOSS","M","?","$","?","M","R","M","R","T","R","M","?","M","M","R","BOSS"],"build_version":"2019-07-17","purchased_purges":1,"victory":false,"max_hp_per_floor":[70,70,70,70,70,70,70,70,70,70,70,70,70,70,70,70,70,70,70,70,70,70,70,70,70,70,70,70,70,70,70,70,70],"card_choices":[{"not_picked":["Underhanded Strike","Riddle With Holes"],"picked":"Backflip","floor":1},{"not_picked":["Tactician","Dagger Spray"],"picked":"Well Laid Plans","floor":2},{"not_picked":["Caltrops","Dagger Throw"],"picked":"Deadly Poison","floor":3},{"not_picked":["Heel Hook","Flying Knee"],"picked":"Blade Dance","floor":4},{"not_picked":["Prepared","Skewer"],"picked":"Poisoned Stab","floor":5},{"not_picked":["All Out Attack","Expertise"],"picked":"Escape Plan","floor":7},{"not_picked":["Deflect","Acrobatics"],"picked":"Leg Sweep","floor":12},{"not_picked":["Quick Slash","PiercingWail"],"picked":"Deadly Poison","floor":13},{"not_picked":["Heel Hook","Dagger Spray"],"picked":"Backflip","floor":14},{"not_picked":["Doppelganger","Night Terror"],"picked":"Tools of the Trade","floor":16},{"not_picked":["Flechettes","Backflip"],"picked":"Bane+1","floor":18},{"not_picked":["Deflect","Flying Knee","Tactician"],"picked":"SKIP","floor":22},{"not_picked":["Deflect+1","Acrobatics"],"picked":"Deadly Poison","floor":24},{"not_picked":["Malaise","Slice+1","Dagger Spray"],"picked":"SKIP","floor":28},{"not_picked":["Flying Knee","Acrobatics+1"],"picked":"Bouncing Flask","floor":30},{"not_picked":["Masterful Stab","Caltrops","Flying Knee"],"picked":"SKIP","floor":31}],"player_experience":50354,"relics_obtained":[{"floor":9,"key":"Paper Crane"},{"floor":19,"key":"Necronomicon"},{"floor":26,"key":"Ancient Tea Set"}],"event_choices":[{"damage_healed":0,"gold_gain":0,"player_choice":"Take Damage","damage_taken":17,"relics_obtained":["Golden Idol"],"max_hp_gain":0,"max_hp_loss":0,"event_name":"Golden Idol","floor":8,"gold_loss":0},{"damage_healed":0,"gold_gain":0,"player_choice":"Entered Light","damage_taken":14,"max_hp_gain":0,"max_hp_loss":0,"event_name":"Shining Light","floor":10,"gold_loss":0,"cards_upgraded":["Poisoned Stab","Survivor"]},{"damage_healed":0,"gold_gain":0,"player_choice":"Obtained Book","damage_taken":16,"max_hp_gain":0,"max_hp_loss":0,"event_name":"Cursed Tome","floor":19,"gold_loss":0},{"damage_healed":0,"gold_gain":0,"player_choice":"Read","damage_taken":0,"max_hp_gain":0,"max_hp_loss":0,"event_name":"The Library","floor":21,"gold_loss":0,"cards_obtained":["Noxious Fumes"]},{"damage_healed":0,"gold_gain":0,"player_choice":"Paid Fearfully","damage_taken":0,"max_hp_gain":0,"max_hp_loss":0,"event_name":"Masked Bandits","floor":29,"gold_loss":174}],"is_beta":false,"boss_relics":[{"not_picked":["Orrery","WristBlade"],"picked":"Astrolabe"}],"items_purged_floors":[20],"is_endless":false,"potions_floor_spawned":[1,3,7,12,13,14,18,30,31],"killed_by":"Automaton","ascension_level":0}