{"gold_per_floor":[115,131,131,144,154,154,180,180,180,206,225,225,61,78,78,156,156,173,173,187,201,40,74,86,86],"floor_reached":25,"playtime":1324,"items_purged":["Strike_P"],"score":494,"play_id":"67eaa619-646e-4843-b9a7-95922244b9af","local_time":"20191019230835","is_ascension_mode":true,"campfire_choices":[{"data":"Eruption","floor":6.0,"key":"SMITH"},{"data":"Consecrate","floor":8,"key":"SMITH"},{"data":"WaveOfTheHand","floor":12,"key":"SMITH"},{"data":"FlurryOfBlows","floor":15,"key":"SMITH"}],"neow_cost":"PERCENT_DAMAGE","seed_source_timestamp":90460567716900,"circlet_count":0,"master_deck":["AscendersBane","Strike_P","Strike_P","Defend_P","Defend_P","Defend_P","Defend_P","Eruption+1","Vigilance","Vault","CutThroughFate","Consecrate+1","LikeWater","FearNoEvil","Crescendo","FlurryOfBlows+1","WaveOfTheHand+1","Wireheading","Judgement","Halt","EmptyBody","LikeWater","Tantrum+1","ReachHeaven"],"special_seed":0,"relics":["PureWater","Potion Belt","InkBottle","Calipers","Orichalcum","Philosopher\u0027s Stone","Singing Bowl"],"potions_floor_usage":[7,10,16,21,24],"damage_taken":[{"damage":3.0,"enemies":"2 Louse","floor":1.0,"turns":4.0},{"damage":0.0,"enemies":"Cultist","floor":2.0,"turns":3.0},{"damage":2.0,"enemies":"Small Slimes","floor":4.0,"turns":5.0},{"damage":1.0,"enemies":"Red Slaver","floor":5.0,"turns":6.0},{"damage":9,"enemies":"3 Sentries","floor":7,"turns":10},{"damage":0,"enemies":"Gremlin Nob","floor":10,"turns":2},{"damage":0,"enemies":"Gremlin Gang","floor":11,"turns":1},{"damage":7,"enemies":"Large Slime","floor":14,"turns":4},{"damage":9,"enemies":"Hexaghost","floor":16,"turns":10},{"damage":0,"enemies":"Spheric Guardian","floor":18,"turns":1},{"damage":12,"enemies":"Shell Parasite","floor":20,"turns":4},{"damage":3,"enemies":"Snecko","floor":21,"turns":6},{"damage":28,"enemies":"Gremlin Leader","floor":23,"turns":10},{"damage":10,"enemies":"Centurion and Healer","floor":24,"turns":5},{"damage":2,"enemies":"Snake Plant","floor":25,"turns":2}],"seed_played":"-2250193667042221938","potions_obtained":[{"floor":2.0,"key":"LiquidMemories"},{"floor":5.0,"key":"CultistPotion"},{"floor":10,"key":"Swift Potion"},{"floor":14,"key":"Fire Potion"},{"floor":16,"key":"Dexterity Potion"},{"floor":19,"key":"AttackPotion"},{"floor":19,"key":"SneckoOil"},{"floor":20,"key":"Swift Potion"},{"floor":23,"key":"FearPotion"}],"is_trial":false,"path_per_floor":["M","M","?","M","M","R","E","R","T","E","M","R","$","M","R","B",null,"M","?","M","M","$","E","M","M"],"character_chosen":"WATCHER","items_purchased":["Orichalcum","LikeWater"],"campfire_rested":0,"item_purchase_floors":[13,22],"current_hp_per_floor":[40,40,40,38,37,37,28,28,28,28,28,28,28,21,21,12,54,54,54,42,39,39,11,1,0],"gold":86,"neow_bonus":"THREE_RARE_CARDS","is_prod":false,"is_daily":false,"chose_seed":false,"campfire_upgraded":4,"win_rate":0,"timestamp":1571540915,"path_taken":["M","M","?","M","M","R","E","R","T","E","?","R","$","M","R","BOSS","M","?","M","?","$","E","M","?"],"build_version":"2019-10-18","purchased_purges":1,"victory":false,"max_hp_per_floor":[68,68,68,68,68,68,68,68,68,68,68,68,68,68,68,68,68,68,68,68,68,68,68,68,68],"card_choices":[{"not_picked":["Establishment","Omniscience"],"picked":"Vault","floor":0.0},{"not_picked":["ThirdEye","SashWhip"],"picked":"CutThroughFate","floor":1.0},{"not_picked":["ThirdEye","Sanctity"],"picked":"Consecrate","floor":2.0},{"not_picked":["BowlingBash","CarveReality"],"picked":"LikeWater","floor":4.0},{"not_picked":["Alpha","CarveReality"],"picked":"FearNoEvil","floor":5.0},{"not_picked":["Nirvana","FlyingSleeves"],"picked":"Crescendo","floor":7},{"not_picked":["SashWhip","FollowUp"],"picked":"FlurryOfBlows","floor":10},{"not_picked":["SashWhip","Consecrate"],"picked":"WaveOfTheHand","floor":11},{"not_picked":["EmptyFist","Indignation"],"picked":"Wireheading","floor":14},{"not_picked":["DeusExMachina","Wish"],"picked":"Judgement","floor":16},{"not_picked":["FlyingSleeves","Sanctity","JustLucky"],"picked":"SKIP","floor":18},{"not_picked":["MentalFortress","Prostrate"],"picked":"Halt","floor":20},{"not_picked":["DeceiveReality","Perseverance"],"picked":"EmptyBody","floor":21},{"not_picked":["FlurryOfBlows+1","Evaluate"],"picked":"Tantrum+1","floor":23},{"not_picked":["FlyingSleeves","EmptyBody+1"],"picked":"ReachHeaven","floor":24}],"player_experience":1357066,"relics_obtained":[{"floor":7,"key":"Potion Belt"},{"floor":9,"key":"InkBottle"},{"floor":10,"key":"Calipers"},{"floor":23,"key":"Singing Bowl"}],"event_choices":[{"cards_removed":["Strike_P"],"damage_healed":0.0,"max_hp_gain":0.0,"max_hp_loss":0.0,"gold_gain":0.0,"event_name":"Bonfire Elementals","player_choice":"Offered Basic","floor":3.0,"gold_loss":0.0,"damage_taken":0.0},{"damage_healed":0,"gold_gain":0,"player_choice":"Got Potions","damage_taken":0,"max_hp_gain":0,"max_hp_loss":0,"event_name":"Lab","floor":19,"gold_loss":0}],"is_beta":true,"boss_relics":[{"not_picked":["Coffee Dripper","Fusion Hammer"],"picked":"Philosopher\u0027s Stone"}],"items_purged_floors":[22],"is_endless":false,"potions_floor_spawned":[2,5,10,14,16,20,23],"killed_by":"Snake Plant","ascension_level":18}