{"gold_per_floor":[117,117,132,144,64,64,5,5,52,75,87,114,153,184,196,286,298,330,362,33,33,83,111,125,125],"floor_reached":25,"playtime":839,"items_purged":["Strike_R"],"score":446,"play_id":"b81bdbf1-56aa-4d7c-a604-27f164ee2108","local_time":"20190906222746","is_ascension_mode":true,"campfire_choices":[{"data":"Uppercut","floor":6.0,"key":"SMITH"},{"data":"True Grit","floor":8.0,"key":"SMITH"},{"data":"Disarm","floor":11.0,"key":"SMITH"},{"data":"Spot Weakness","floor":15,"key":"SMITH"}],"neow_cost":"NONE","seed_source_timestamp":335717050094100,"circlet_count":0,"master_deck":["AscendersBane","Strike_R","Strike_R","Strike_R","Strike_R","Defend_R","Defend_R","Defend_R","Defend_R","Bash","Uppercut+1","Disarm+1","Hemokinesis","Fiend Fire","True Grit+1","Cleave","Armaments","Spot Weakness+1","Heavy Blade","Reaper","Uppercut","Flame Barrier","Double Tap"],"special_seed":0,"relics":["Burning Blood","NeowsBlessing","MawBank","Orichalcum","Snecko Eye","PreservedInsect"],"potions_floor_usage":[23,24],"damage_taken":[{"damage":0.0,"enemies":"Jaw Worm","floor":1.0,"turns":1.0},{"damage":0.0,"enemies":"Cultist","floor":3.0,"turns":1.0},{"damage":0.0,"enemies":"Small Slimes","floor":4.0,"turns":1.0},{"damage":14.0,"enemies":"Red Slaver","floor":10.0,"turns":3.0},{"damage":14.0,"enemies":"Looter","floor":12.0,"turns":2.0},{"damage":6.0,"enemies":"Gremlin Nob","floor":13.0,"turns":3.0},{"damage":8,"enemies":"3 Louse","floor":14,"turns":4},{"damage":6,"enemies":"Hexaghost","floor":16,"turns":7},{"damage":24,"enemies":"Spheric Guardian","floor":18,"turns":4},{"damage":19,"enemies":"Shell Parasite","floor":19,"turns":5},{"damage":33,"enemies":"Slavers","floor":23,"turns":6},{"damage":17,"enemies":"Snecko","floor":24,"turns":7},{"damage":24,"enemies":"Shelled Parasite and Fungi","floor":25,"turns":2}],"seed_played":"4196226604345113435","potions_obtained":[{"floor":3.0,"key":"Energy Potion"},{"floor":4.0,"key":"Explosive Potion"},{"floor":13.0,"key":"FearPotion"},{"floor":18,"key":"Dexterity Potion"},{"floor":23,"key":"GamblersBrew"}],"is_trial":false,"path_per_floor":["M","?","M","M","$","R","$","R","T","M","R","M","E","M","R","B",null,"M","M","$","?","?","E","M","M"],"character_chosen":"IRONCLAD","items_purchased":["Fiend Fire","True Grit","Flame Barrier","Double Tap"],"campfire_rested":0,"item_purchase_floors":[5,7,20,20],"current_hp_per_floor":[74,63,69,75,75,75,75,75,75,67,67,59,59,57,57,57,71,57,46,46,25,25,22,21,0],"gold":125,"neow_bonus":"THREE_ENEMY_KILL","is_prod":false,"is_daily":false,"chose_seed":false,"campfire_upgraded":4,"win_rate":0,"timestamp":1567823266,"path_taken":["M","?","?","M","$","R","$","R","T","M","R","M","E","?","R","BOSS","M","M","$","?","?","E","M","M"],"build_version":"2019-07-17","purchased_purges":1,"victory":false,"max_hp_per_floor":[75,75,75,75,75,75,75,75,75,75,75,75,75,75,75,75,75,75,75,75,80,80,80,80,80],"card_choices":[{"not_picked":["Cleave","Intimidate"],"picked":"Uppercut","floor":1.0},{"not_picked":["Headbutt","Twin Strike"],"picked":"Disarm","floor":3.0},{"not_picked":["True Grit","Dropkick"],"picked":"Hemokinesis","floor":4.0},{"not_picked":["Iron Wave","Dual Wield"],"picked":"Cleave","floor":10.0},{"not_picked":["Heavy Blade","Corruption"],"picked":"Armaments","floor":12.0},{"not_picked":["Thunderclap","Sword Boomerang"],"picked":"Spot Weakness","floor":13.0},{"not_picked":["Iron Wave","Warcry"],"picked":"Heavy Blade","floor":14},{"not_picked":["Juggernaut","Dark Embrace"],"picked":"Reaper","floor":16},{"not_picked":["Cleave","Twin Strike"],"picked":"Uppercut","floor":18},{"not_picked":["Anger","Uppercut","Sword Boomerang"],"picked":"SKIP","floor":19},{"not_picked":["Armaments","Pommel Strike","Anger"],"picked":"SKIP","floor":23},{"not_picked":["Clash","Iron Wave","Dropkick"],"picked":"SKIP","floor":24}],"player_experience":994292,"relics_obtained":[{"floor":9.0,"key":"MawBank"},{"floor":13.0,"key":"Orichalcum"},{"floor":23,"key":"PreservedInsect"}],"event_choices":[{"damage_healed":0.0,"max_hp_gain":0.0,"max_hp_loss":0.0,"gold_gain":0.0,"event_name":"Wheel of Change","player_choice":"Damaged","floor":2.0,"gold_loss":0.0,"damage_taken":11.0},{"damage_healed":0,"gold_gain":0,"player_choice":"Shed Blood","damage_taken":26,"max_hp_gain":5,"max_hp_loss":0,"event_name":"Forgotten Altar","floor":21,"gold_loss":0},{"damage_healed":0,"gold_gain":50,"player_choice":"Pray","damage_taken":0,"max_hp_gain":0,"max_hp_loss":0,"event_name":"Golden Shrine","floor":22,"gold_loss":0}],"is_beta":false,"boss_relics":[{"not_picked":["Busted Crown","Ectoplasm"],"picked":"Snecko Eye"}],"items_purged_floors":[20],"is_endless":false,"potions_floor_spawned":[3,4,13,14,16,18,23],"killed_by":"Shelled Parasite and Fungi","ascension_level":20}