{"gold_per_floor":[112,124,124,56,85,85,124,124,149,173,196,50,50,69,69,69],"floor_reached":16,"playtime":451,"items_purged":["Strike_P"],"score":194,"play_id":"9c534f08-0aed-4cda-b6f9-10abb4eaba15","local_time":"20191019161114","is_ascension_mode":true,"campfire_choices":[{"data":"Eruption","floor":6,"key":"SMITH"},{"data":"LikeWater","floor":8,"key":"SMITH"},{"data":"TalkToTheHand","floor":13,"key":"SMITH"},{"data":"CrushJoints","floor":15,"key":"SMITH"}],"neow_cost":"NONE","seed_source_timestamp":66423687282600,"circlet_count":0,"master_deck":["AscendersBane","Strike_P+1","Strike_P","Strike_P+1","Defend_P+1","Defend_P","Defend_P","Defend_P","Eruption+1","Vigilance+1","Protect","TalkToTheHand+1","LessonLearned","SashWhip+1","LikeWater+1","EmptyBody","JustLucky","TalkToTheHand","CrushJoints+1"],"relics":["PureWater","NeowsBlessing","CeramicFish","Dodecahedron","Vajra"],"potions_floor_usage":[7],"damage_taken":[{"damage":0,"enemies":"Cultist","floor":1,"turns":1},{"damage":0,"enemies":"2 Louse","floor":2,"turns":1},{"damage":0,"enemies":"Small Slimes","floor":5,"turns":1},{"damage":13,"enemies":"Lagavulin","floor":7,"turns":7},{"damage":13,"enemies":"3 Louse","floor":10,"turns":3},{"damage":6,"enemies":"Blue Slaver","floor":11,"turns":4},{"damage":3,"enemies":"Exordium Thugs","floor":14,"turns":5},{"damage":23,"enemies":"Slime Boss","floor":16,"turns":9}],"seed_played":"-2955223406753898596","potions_obtained":[{"floor":5,"key":"FearPotion"},{"floor":11,"key":"Ancient Potion"},{"floor":14,"key":"SmokeBomb"}],"is_trial":false,"path_per_floor":["M","M","?","$","M","R","E","R","T","M","M","$","R","M","R","B"],"character_chosen":"WATCHER","items_purchased":["LessonLearned","TalkToTheHand"],"campfire_rested":0,"item_purchase_floors":[4,12],"current_hp_per_floor":[61,61,50,50,50,50,37,37,37,24,18,18,18,15,15,0],"gold":69,"neow_bonus":"THREE_ENEMY_KILL","is_prod":false,"is_daily":false,"chose_seed":false,"campfire_upgraded":4,"win_rate":0,"timestamp":1571515874,"path_taken":["M","?","?","$","M","R","E","R","T","M","M","$","R","M","R","BOSS"],"build_version":"2019-10-18","purchased_purges":1,"victory":false,"max_hp_per_floor":[68,68,68,68,68,68,68,68,68,68,68,68,68,68,68,68],"card_choices":[{"not_picked":["EmptyBody","Perseverance"],"picked":"Protect","floor":1},{"not_picked":["JustLucky","WheelKick"],"picked":"TalkToTheHand","floor":2},{"not_picked":["SignatureMove","EmptyFist"],"picked":"SashWhip","floor":5},{"not_picked":["Adaptation","Wish"],"picked":"LikeWater","floor":7},{"not_picked":["Crescendo","SashWhip"],"picked":"EmptyBody","floor":10},{"not_picked":["SandsOfTime","JustLucky","ThirdEye"],"picked":"SKIP","floor":11},{"not_picked":["SandsOfTime","ThirdEye"],"picked":"JustLucky","floor":11},{"not_picked":["Sanctity","EmptyBody"],"picked":"CrushJoints","floor":14}],"player_experience":1355033,"relics_obtained":[{"floor":7,"key":"Dodecahedron"},{"floor":9,"key":"Vajra"}],"event_choices":[{"damage_healed":0,"gold_gain":0,"player_choice":"Success","damage_taken":11,"relics_obtained":["CeramicFish"],"max_hp_gain":0,"max_hp_loss":0,"event_name":"Scrap Ooze","floor":3,"gold_loss":0}],"is_beta":true,"boss_relics":[],"items_purged_floors":[12],"is_endless":false,"potions_floor_spawned":[5,11,14],"killed_by":"Slime Boss","ascension_level":18}