{"gold_per_floor":[118,118,130,55,65,65,80,80,152,182,205,240,250,277,277,380,380,393,393,393,393,413,413],"floor_reached":23,"playtime":1141,"items_purged":["Strike_B"],"score":199,"play_id":"9cddd526-723f-44e4-87cc-6b64b3eb6c28","local_time":"20190907211925","is_ascension_mode":false,"campfire_choices":[{"data":"Sunder","floor":6,"key":"SMITH"},{"floor":15,"key":"REST"}],"neow_cost":"NONE","seed_source_timestamp":35786052765100,"circlet_count":0,"master_deck":["Defend_B","Defend_B","Defend_B","Zap","Dualcast","Cold Snap","Machine Learning","Chaos","Sunder+1","Sweeping Beam","BootSequence","Reinforced Body","Self Repair","Stack","Ball Lightning","Conserve Battery","Fission","Amplify+1","Hello World+1","Chill+1","Compile Driver+1","Go for the Eyes","Iron Wave","Compile Driver+1"],"relics":["Cracked Core","Pantograph","Odd Mushroom","Lantern","Dream Catcher","Omamori","Astrolabe","Necronomicon"],"potions_floor_usage":[12,14,16,23],"damage_taken":[{"damage":1,"enemies":"Cultist","floor":1,"turns":3},{"damage":0,"enemies":"Small Slimes","floor":3,"turns":3},{"damage":11,"enemies":"Jaw Worm","floor":5,"turns":3},{"damage":3,"enemies":"Looter","floor":7,"turns":4},{"damage":1,"enemies":"The Mushroom Lair","floor":10,"turns":3},{"damage":8,"enemies":"3 Sentries","floor":12,"turns":6},{"damage":0,"enemies":"Lots of Slimes","floor":13,"turns":2},{"damage":23,"enemies":"Lagavulin","floor":14,"turns":5},{"damage":28,"enemies":"Slime Boss","floor":16,"turns":10},{"damage":11,"enemies":"Chosen","floor":18,"turns":7},{"damage":3,"enemies":"3 Byrds","floor":22,"turns":5},{"damage":52,"enemies":"Gremlin Leader","floor":23,"turns":8}],"seed_played":"-2715038709107920957","potions_obtained":[{"floor":3,"key":"FocusPotion"},{"floor":7,"key":"Strength Potion"},{"floor":10,"key":"SpeedPotion"},{"floor":13,"key":"Strength Potion"},{"floor":14,"key":"SpeedPotion"},{"floor":22,"key":"EssenceOfSteel"}],"is_trial":false,"path_per_floor":["M","?","M","$","M","R","M","?","T","?","T","E","M","E","R","B",null,"M","?","?","?","M","E"],"character_chosen":"DEFECT","items_purchased":[],"campfire_rested":1,"item_purchase_floors":[],"current_hp_per_floor":[81,81,81,81,70,70,67,67,67,66,66,58,65,49,73,54,82,71,71,55,55,52,0],"gold":413,"neow_bonus":"TEN_PERCENT_HP_BONUS","is_prod":false,"is_daily":false,"chose_seed":false,"campfire_upgraded":1,"win_rate":0,"timestamp":1567905565,"path_taken":["M","?","M","$","?","R","M","?","T","?","?","E","?","E","R","BOSS","M","?","?","?","M","E"],"build_version":"2019-07-17","purchased_purges":1,"victory":false,"max_hp_per_floor":[82,82,82,82,82,82,82,82,82,82,82,82,82,82,82,82,82,82,82,82,82,82,82],"card_choices":[{"not_picked":["Stack","Sweeping Beam"],"picked":"Cold Snap","floor":1},{"not_picked":["Chill","Force Field"],"picked":"Sunder","floor":3},{"not_picked":["Barrage","Gash"],"picked":"Sweeping Beam","floor":5},{"not_picked":["Melter","Reprogram"],"picked":"Hello World","floor":7},{"not_picked":["Chill","Tempest"],"picked":"Reinforced Body","floor":10},{"not_picked":["Loop","Reboot"],"picked":"Self Repair","floor":12},{"not_picked":["Gash","White Noise"],"picked":"Stack","floor":13},{"not_picked":["Sunder","Steam"],"picked":"Ball Lightning","floor":14},{"not_picked":["Stack","Streamline"],"picked":"Conserve Battery","floor":15},{"not_picked":["Reboot","Machine Learning"],"picked":"Fission","floor":16},{"not_picked":["Sweeping Beam","Leap"],"picked":"Compile Driver+1","floor":18},{"not_picked":["Barrage","Cold Snap"],"picked":"Compile Driver+1","floor":22}],"player_experience":72005,"relics_obtained":[{"floor":9,"key":"Pantograph"},{"floor":10,"key":"Odd Mushroom"},{"floor":11,"key":"Lantern"},{"floor":12,"key":"Dream Catcher"},{"floor":14,"key":"Omamori"},{"floor":20,"key":"Necronomicon"}],"event_choices":[{"damage_healed":0,"gold_gain":0,"player_choice":"2 cards matched","damage_taken":0,"max_hp_gain":0,"max_hp_loss":0,"event_name":"Match and Keep!","floor":2,"gold_loss":0,"cards_obtained":["Machine Learning","Chaos"]},{"damage_healed":0,"gold_gain":0,"cards_transformed":["Strike_B"],"player_choice":"Change","damage_taken":0,"max_hp_gain":0,"max_hp_loss":0,"event_name":"Living Wall","floor":8,"gold_loss":0,"cards_obtained":["BootSequence"]},{"damage_healed":0,"gold_gain":0,"player_choice":"Fought Mushrooms","damage_taken":0,"max_hp_gain":0,"max_hp_loss":0,"event_name":"Mushrooms","floor":10,"gold_loss":0},{"damage_healed":0,"gold_gain":0,"player_choice":"Read","damage_taken":0,"max_hp_gain":0,"max_hp_loss":0,"event_name":"The Library","floor":19,"gold_loss":0,"cards_obtained":["Go for the Eyes"]},{"damage_healed":0,"gold_gain":0,"player_choice":"Obtained Book","damage_taken":16,"max_hp_gain":0,"max_hp_loss":0,"event_name":"Cursed Tome","floor":20,"gold_loss":0},{"cards_removed":["Hello World"],"damage_healed":0,"gold_gain":0,"player_choice":"Took Card","damage_taken":0,"max_hp_gain":0,"max_hp_loss":0,"event_name":"NoteForYourself","floor":21,"gold_loss":0,"cards_obtained":["Iron Wave"]}],"is_beta":false,"boss_relics":[{"not_picked":["Busted Crown","Eternal Feather"],"picked":"Astrolabe"}],"items_purged_floors":[4],"is_endless":false,"potions_floor_spawned":[3,7,10,13,14,22],"killed_by":"Gremlin Leader","ascension_level":0}