{"gold_per_floor":[109,122,122,141,141,141,152,152,232,244,244,260,278,293,293,395,395,408,408,422,422],"floor_reached":21,"playtime":1096,"items_purged":[],"score":218,"play_id":"f882ecdc-3f84-4470-8f89-1c5ad48dd945","local_time":"20191006195944","is_ascension_mode":true,"campfire_choices":[{"data":"Conserve Battery","floor":6,"key":"SMITH"},{"data":"Zap","floor":8,"key":"SMITH"},{"data":"Gash","floor":11,"key":"SMITH"},{"data":"Creative AI","floor":15,"key":"SMITH"}],"neow_cost":"NONE","seed_source_timestamp":152776112807500,"circlet_count":0,"master_deck":["Defend_B","Defend_B","Defend_B","Defend_B","Zap+1","Dualcast","Streamline","Static Discharge","Conserve Battery+1","Gash+1","Defragment","Defragment","Conserve Battery+1","Creative AI+1","Gash","Bite","Bite","Bite","Bite","Bite","Stack+1"],"relics":["Cracked Core","Boot","Toxic Egg 2","Velvet Choker"],"potions_floor_usage":[13,16,21],"damage_taken":[{"damage":0,"enemies":"2 Louse","floor":1,"turns":4},{"damage":3,"enemies":"Small Slimes","floor":2,"turns":3},{"damage":7,"enemies":"Jaw Worm","floor":4,"turns":3},{"damage":5,"enemies":"3 Louse","floor":7,"turns":3},{"damage":7,"enemies":"Exordium Wildlife","floor":10,"turns":4},{"damage":3,"enemies":"Blue Slaver","floor":12,"turns":4},{"damage":12,"enemies":"Large Slime","floor":13,"turns":4},{"damage":1,"enemies":"Looter","floor":14,"turns":4},{"damage":36,"enemies":"The Guardian","floor":16,"turns":9},{"damage":21,"enemies":"Shell Parasite","floor":18,"turns":4},{"damage":25,"enemies":"Spheric Guardian","floor":20,"turns":4},{"damage":43,"enemies":"Masked Bandits","floor":21,"turns":4}],"seed_played":"-5980338811225808414","potions_obtained":[{"floor":12,"key":"Regen Potion"},{"floor":14,"key":"PowerPotion"},{"floor":16,"key":"Explosive Potion"}],"is_trial":false,"path_per_floor":["M","M","?","M","?","R","M","R","T","M","R","M","M","M","R","B",null,"M","?","M","?"],"character_chosen":"DEFECT","items_purchased":[],"campfire_rested":0,"item_purchase_floors":[],"current_hp_per_floor":[75,72,65,58,58,58,53,53,53,46,46,43,43,42,42,6,75,54,52,29,0],"gold":422,"neow_bonus":"REMOVE_CARD","is_prod":false,"is_daily":false,"chose_seed":false,"campfire_upgraded":4,"win_rate":0,"timestamp":1570406384,"path_taken":["M","M","?","M","?","R","M","R","T","M","R","M","M","M","R","BOSS","M","?","M","?"],"build_version":"2019-07-17","purchased_purges":0,"victory":false,"max_hp_per_floor":[75,75,75,75,75,75,75,75,75,75,75,75,75,75,75,75,75,75,52,52,52],"card_choices":[{"not_picked":["Beam Cell","Barrage"],"picked":"Streamline","floor":1},{"not_picked":["Consume","Chaos"],"picked":"Static Discharge","floor":2},{"not_picked":["Streamline","Coolheaded"],"picked":"Conserve Battery","floor":4},{"not_picked":["Rebound","Go for the Eyes"],"picked":"Gash","floor":7},{"not_picked":["Go for the Eyes","Coolheaded+1"],"picked":"Defragment","floor":10},{"not_picked":["Melter","Ball Lightning"],"picked":"Defragment","floor":12},{"not_picked":["Go for the Eyes","Ball Lightning"],"picked":"Conserve Battery+1","floor":13},{"not_picked":["Stack+1","Darkness+1"],"picked":"Creative AI","floor":14},{"not_picked":["Static Discharge+1","Melter"],"picked":"Gash","floor":18},{"not_picked":["Go for the Eyes","Barrage+1"],"picked":"Stack+1","floor":20}],"player_experience":104580,"relics_obtained":[{"floor":9,"key":"Toxic Egg 2"}],"event_choices":[{"damage_healed":0,"gold_gain":0,"player_choice":"Success","damage_taken":7,"relics_obtained":["Boot"],"max_hp_gain":0,"max_hp_loss":0,"event_name":"Scrap Ooze","floor":3,"gold_loss":0},{"damage_healed":0,"gold_gain":0,"player_choice":"Ignored","damage_taken":0,"max_hp_gain":0,"max_hp_loss":0,"event_name":"Liars Game","floor":5,"gold_loss":0},{"damage_healed":0,"gold_gain":0,"player_choice":"Became a vampire","damage_taken":0,"max_hp_gain":0,"max_hp_loss":23,"event_name":"Vampires","floor":19,"gold_loss":0,"cards_obtained":["Bite","Bite","Bite","Bite","Bite"]},{"damage_healed":0,"gold_gain":0,"player_choice":"Fought Bandits","damage_taken":0,"max_hp_gain":0,"max_hp_loss":0,"event_name":"Masked Bandits","floor":21,"gold_loss":0}],"is_beta":false,"boss_relics":[{"not_picked":["Astrolabe","Tiny House"],"picked":"Velvet Choker"}],"items_purged_floors":[],"is_endless":false,"potions_floor_spawned":[12,14,16],"killed_by":"Masked Bandits","ascension_level":2}