{"gold_per_floor":[112,112,34,34,47,76,100,116,116,148,148,163,177,203,203,303,303,316,96,96,116,116,116,131,159,159,190,38,38,38,51,51,155,155,171,185,12,66,166,166,193,193,216,216,249,249,277,277,277,277],"floor_reached":51,"playtime":2901,"items_purged":["Strike_B","Writhe"],"score":999,"play_id":"eaae9b16-3d1c-4745-ab07-fed43faf791d","local_time":"20190716110251","is_ascension_mode":true,"campfire_choices":[{"floor":11,"key":"REST"},{"data":"Defragment","floor":15,"key":"SMITH"},{"data":"Capacitor","floor":23,"key":"SMITH"},{"data":"Self Repair","floor":29,"key":"SMITH"},{"data":"Sunder","floor":32,"key":"SMITH"},{"data":"Seek","floor":40,"key":"SMITH"},{"data":"Echo Form","floor":42,"key":"SMITH"},{"data":"Defragment","floor":46,"key":"SMITH"},{"data":"Amplify","floor":49,"key":"SMITH"}],"neow_cost":"NONE","seed_source_timestamp":305717567216800,"circlet_count":0,"master_deck":["Strike_B+1","Strike_B","Strike_B+1","Defend_B","Defend_B","Defend_B","Defend_B","Zap","Dualcast","Sunder+1","Capacitor+1","Cold Snap","Electrodynamics","Self Repair+1","Defragment+1","Loop","FTL","Seek+1","Force Field+1","Chaos+1","Heatsinks+1","Leap","Amplify+1","Defragment+1","Loop","BootSequence+1","Streamline+1","Echo Form+1","Decay","Normality","Tempest+1"],"relics":["Cracked Core","Blood Vial","Lantern","Mummified Hand","Anchor","Mercury Hourglass","Lizard Tail","Art of War","Sundial","Gremlin Horn","Boot","Oddly Smooth Stone","Happy Flower","Cursed Key","WingedGreaves","Pocketwatch","Potion Belt","Bronze Scales","Pantograph","Cables","Darkstone Periapt"],"potions_floor_usage":[6,6,14,21,33,35,38,50,50,50],"damage_taken":[{"damage":2,"enemies":"2 Louse","floor":1,"turns":2},{"damage":7,"enemies":"Jaw Worm","floor":5,"turns":2},{"damage":28,"enemies":"Lagavulin","floor":6,"turns":5},{"damage":0,"enemies":"Cultist","floor":8,"turns":2},{"damage":16,"enemies":"3 Sentries","floor":10,"turns":5},{"damage":3,"enemies":"Large Slime","floor":12,"turns":3},{"damage":0,"enemies":"Exordium Wildlife","floor":13,"turns":2},{"damage":23,"enemies":"Gremlin Nob","floor":14,"turns":4},{"damage":0,"enemies":"Slime Boss","floor":16,"turns":4},{"damage":9,"enemies":"3 Byrds","floor":18,"turns":3},{"damage":8,"enemies":"2 Thieves","floor":21,"turns":3},{"damage":13,"enemies":"3 Cultists","floor":24,"turns":4},{"damage":25,"enemies":"Slavers","floor":25,"turns":5},{"damage":25,"enemies":"Gremlin Leader","floor":27,"turns":5},{"damage":0,"enemies":"Snake Plant","floor":31,"turns":3},{"damage":27,"enemies":"Collector","floor":33,"turns":8},{"damage":6,"enemies":"3 Darklings","floor":35,"turns":3},{"damage":0,"enemies":"3 Shapes","floor":36,"turns":3},{"damage":0,"enemies":"2 Orb Walkers","floor":38,"turns":3},{"damage":0,"enemies":"Mind Bloom Boss Battle","floor":39,"turns":5},{"damage":0,"enemies":"Reptomancer","floor":41,"turns":5},{"damage":1,"enemies":"Nemesis","floor":45,"turns":7},{"damage":19,"enemies":"Giant Head","floor":47,"turns":7},{"damage":90,"enemies":"Awakened One","floor":50,"turns":11}],"seed_played":"9137397504765212393","potions_obtained":[{"floor":0,"key":"SneckoOil"},{"floor":0,"key":"Fire Potion"},{"floor":0,"key":"GamblersBrew"},{"floor":1,"key":"SteroidPotion"},{"floor":12,"key":"SkillPotion"},{"floor":13,"key":"Dexterity Potion"},{"floor":18,"key":"GamblersBrew"},{"floor":21,"key":"SpeedPotion"},{"floor":35,"key":"SteroidPotion"},{"floor":36,"key":"AttackPotion"},{"floor":41,"key":"Block Potion"},{"floor":47,"key":"GamblersBrew"}],"is_trial":false,"path_per_floor":["M","?","$","?","M","E","T","M","T","E","R","M","M","E","R","B",null,"M","$","?","M","?","R","M","E","T","E","$","R","?","M","R","B",null,"M","M","$","?","?","R","E","R","T","T","E","R","E","?","R","B",null],"character_chosen":"DEFECT","items_purchased":["Capacitor","Art of War","Happy Flower","Loop"],"campfire_rested":1,"item_purchase_floors":[3,19,28,37],"current_hp_per_floor":[73,58,58,58,51,23,23,25,25,18,40,46,48,34,34,43,75,66,66,66,67,67,67,63,47,47,31,31,31,56,68,68,53,75,75,75,75,75,75,75,75,75,75,75,75,75,66,66,66,46],"gold":277,"neow_bonus":"THREE_SMALL_POTIONS","is_prod":false,"is_daily":false,"chose_seed":false,"campfire_upgraded":8,"win_rate":0,"timestamp":1563289371,"path_taken":["M","?","$","?","M","E","?","M","T","E","R","M","M","E","R","BOSS","M","$","?","M","?","R","M","E","T","E","?","R","?","M","R","BOSS","M","M","$","?","?","R","E","R","T","?","E","R","E","?","R","BOSS"],"build_version":"2019-07-05","purchased_purges":2,"victory":true,"max_hp_per_floor":[75,75,75,75,75,75,75,75,75,75,75,75,75,75,75,75,75,75,75,75,75,75,75,75,75,75,75,75,75,75,75,75,75,75,75,75,75,75,75,75,75,75,75,75,75,75,75,75,75,75],"card_choices":[{"not_picked":["Turbo","Compile Driver"],"picked":"Sunder","floor":1},{"not_picked":["Darkness","Turbo"],"picked":"Cold Snap","floor":5},{"not_picked":["Sweeping Beam","Leap"],"picked":"Electrodynamics","floor":6},{"not_picked":["Sunder","White Noise"],"picked":"Self Repair","floor":8},{"not_picked":["Turbo","Barrage"],"picked":"Defragment","floor":10},{"not_picked":["Consume","Cold Snap"],"picked":"Loop","floor":12},{"not_picked":["Hologram","Sweeping Beam","Scrape"],"picked":"SKIP","floor":13},{"not_picked":["Ball Lightning","Redo"],"picked":"FTL","floor":14},{"not_picked":["Reboot","Multi-Cast"],"picked":"Seek","floor":16},{"not_picked":["Leap","Cold Snap+1"],"picked":"Force Field+1","floor":18},{"not_picked":["Gash","Go for the Eyes"],"picked":"BootSequence+1","floor":21},{"not_picked":["Barrage","Cold Snap"],"picked":"Chaos+1","floor":24},{"not_picked":["Rainbow","Turbo+1"],"picked":"Heatsinks+1","floor":25},{"not_picked":["Heatsinks","Hologram"],"picked":"Leap","floor":27},{"not_picked":["Blizzard","Steam","Streamline+1"],"picked":"SKIP","floor":31},{"not_picked":["Buffer","Electrodynamics"],"picked":"Amplify","floor":33},{"not_picked":["Sweeping Beam","Beam Cell+1"],"picked":"Defragment","floor":35},{"not_picked":["Beam Cell","Barrage","Cold Snap+1"],"picked":"SKIP","floor":36},{"not_picked":["Streamline+1","Barrage+1"],"picked":"BootSequence+1","floor":38},{"not_picked":["Stack+1","Hologram+1"],"picked":"Streamline+1","floor":39},{"not_picked":["Chaos+1","Auto Shields"],"picked":"Echo Form","floor":41},{"not_picked":["Meteor Strike","Turbo"],"picked":"Tempest+1","floor":45},{"not_picked":["Sweeping Beam","Genetic Algorithm","Rip and Tear+1"],"picked":"SKIP","floor":47}],"player_experience":361587,"relics_obtained":[{"floor":6,"key":"Blood Vial"},{"floor":7,"key":"Lantern"},{"floor":9,"key":"Mummified Hand"},{"floor":10,"key":"Anchor"},{"floor":14,"key":"Mercury Hourglass"},{"floor":25,"key":"Gremlin Horn"},{"floor":26,"key":"Boot"},{"floor":27,"key":"Oddly Smooth Stone"},{"floor":38,"key":"WingedGreaves"},{"floor":39,"key":"Pocketwatch"},{"floor":41,"key":"Potion Belt"},{"floor":43,"key":"Bronze Scales"},{"floor":44,"key":"Pantograph"},{"floor":45,"key":"Cables"},{"floor":47,"key":"Darkstone Periapt"}],"event_choices":[{"damage_healed":0,"gold_gain":0,"player_choice":"Entered Light","damage_taken":15,"max_hp_gain":0,"max_hp_loss":0,"event_name":"Shining Light","floor":2,"gold_loss":0,"cards_upgraded":["Strike_B","Strike_B"]},{"damage_healed":0,"gold_gain":0,"player_choice":"Ignored","damage_taken":0,"max_hp_gain":0,"max_hp_loss":0,"event_name":"Liars Game","floor":4,"gold_loss":0},{"damage_healed":0,"gold_gain":0,"player_choice":"Opened","damage_taken":0,"relics_obtained":["Sundial"],"max_hp_gain":0,"max_hp_loss":0,"event_name":"The Mausoleum","floor":20,"gold_loss":0,"cards_obtained":["Writhe"]},{"damage_healed":0,"gold_gain":0,"player_choice":"Ignored","damage_taken":0,"max_hp_gain":0,"max_hp_loss":0,"event_name":"Ghosts","floor":22,"gold_loss":0},{"damage_healed":25,"gold_gain":0,"player_choice":"Heal","damage_taken":0,"max_hp_gain":0,"max_hp_loss":0,"event_name":"The Library","floor":30,"gold_loss":0},{"damage_healed":0,"gold_gain":0,"player_choice":"Fight","damage_taken":0,"max_hp_gain":0,"max_hp_loss":0,"event_name":"Mysterious Sphere","floor":38,"gold_loss":0},{"damage_healed":0,"gold_gain":0,"player_choice":"Fight","damage_taken":0,"max_hp_gain":0,"max_hp_loss":0,"event_name":"MindBloom","floor":39,"gold_loss":0},{"cards_removed":["BootSequence"],"damage_healed":0,"gold_gain":0,"player_choice":"Removed Skill","damage_taken":0,"max_hp_gain":0,"max_hp_loss":0,"event_name":"Falling","floor":48,"gold_loss":0}],"is_beta":false,"boss_relics":[{"not_picked":["Pandora\u0027s Box","Astrolabe"],"picked":"Lizard Tail"},{"not_picked":["Busted Crown","Fusion Hammer"],"picked":"Cursed Key"}],"items_purged_floors":[19,37],"is_endless":false,"potions_floor_spawned":[1,12,13,18,21,24,35,36,41,47],"ascension_level":4}