{"gold_per_floor":[112,130,130,48,48,83,103,103,126,126,93,132,132,132,132,262,262,251,251,264,103,173,173,191,191,242,278,342,385,385,424,424,424],"floor_reached":33,"playtime":3837,"items_purged":["Strike_P"],"score":336,"play_id":"c39f1a89-d7d2-4b8f-8b37-c6e07bb336a3","local_time":"20190909162744","is_ascension_mode":false,"campfire_choices":[{"data":"CrushJoints","floor":8.0,"key":"SMITH"},{"data":"EmptyBody","floor":10.0,"key":"SMITH"},{"data":"Vigilance","floor":15.0,"key":"SMITH"},{"floor":23,"key":"REST"},{"floor":25,"key":"REST"},{"floor":30,"key":"REST"},{"data":"DevaForm","floor":32,"key":"SMITH"}],"neow_cost":"NONE","seed_source_timestamp":570171225943800,"circlet_count":0,"master_deck":["Strike_P","Strike_P+1","Defend_P","Defend_P","Defend_P","Defend_P","Eruption+1","Vigilance+1","EmptyBody+1","CrushJoints+1","Meditate","FollowUp","ReachHeaven","EmptyFist","DevaForm+1","Crescendo","Collect","Consecrate","CleanseEvil","Perseverance+1","SignatureMove","FlyingSleeves"],"special_seed":0,"relics":["PureWater","NeowsBlessing","Golden Idol","Omamori","Whetstone","Kunai","White Beast Statue","VioletLotus","SsserpentHead","Vajra","Bottled Tornado","Ornamental Fan","Singing Bowl"],"potions_floor_usage":[18,24,24,24,27,27,27,29,29,33,33],"damage_taken":[{"damage":0.0,"enemies":"2 Louse","floor":1.0,"turns":1.0},{"damage":0.0,"enemies":"Jaw Worm","floor":2.0,"turns":1.0},{"damage":0.0,"enemies":"3 Sentries","floor":6.0,"turns":2.0},{"damage":0.0,"enemies":"Small Slimes","floor":7.0,"turns":2.0},{"damage":12.0,"enemies":"Gremlin Nob","floor":12.0,"turns":3.0},{"damage":26.0,"enemies":"The Guardian","floor":16.0,"turns":9.0},{"damage":12,"enemies":"2 Thieves","floor":18,"turns":4},{"damage":7,"enemies":"Spheric Guardian","floor":20,"turns":4},{"damage":41,"enemies":"Snake Plant","floor":22,"turns":7},{"damage":8,"enemies":"Chosen and Byrds","floor":24,"turns":10},{"damage":12,"enemies":"Gremlin Leader","floor":27,"turns":6},{"damage":7,"enemies":"Sentry and Sphere","floor":28,"turns":8},{"damage":20,"enemies":"Slavers","floor":29,"turns":7},{"damage":13,"enemies":"Book of Stabbing","floor":31,"turns":5},{"damage":50,"enemies":"Champ","floor":33,"turns":13}],"seed_played":"1452363301493882902","potions_obtained":[{"floor":1.0,"key":"Regen Potion"},{"floor":7.0,"key":"Regen Potion"},{"floor":16.0,"key":"Weak Potion"},{"floor":18,"key":"EntropicBrew"},{"floor":20,"key":"Dexterity Potion"},{"floor":24,"key":"Strength Potion"},{"floor":27,"key":"Strength Potion"},{"floor":28,"key":"DuplicationPotion"},{"floor":29,"key":"Dexterity Potion"},{"floor":31,"key":"EssenceOfSteel"}],"is_trial":false,"path_per_floor":["M","M","?","$","?","E","M","R","T","R","?","E","?","?","R","B",null,"M","?","M","$","M","R","M","R","T","E","M","E","R","E","R","B"],"character_chosen":"WATCHER","items_purchased":["Meditate","Consecrate","CleanseEvil"],"campfire_rested":3,"item_purchase_floors":[4,21,21],"current_hp_per_floor":[65,65,60,60,60,60,60,60,60,60,60,48,53,53,53,27,65,53,53,46,46,5,24,31,50,50,53,46,26,45,34,34,0],"gold":424,"neow_bonus":"THREE_ENEMY_KILL","is_prod":false,"is_daily":false,"chose_seed":false,"campfire_upgraded":4,"win_rate":0.0,"timestamp":1568060864,"path_taken":["M","M","?","$","?","E","M","R","T","R","?","E","?","?","R","BOSS","M","?","M","$","?","R","M","R","T","E","?","E","R","E","R","BOSS"],"build_version":"2019-09-09","purchased_purges":1,"victory":false,"max_hp_per_floor":[65,65,60,60,60,60,60,60,60,60,60,60,65,65,65,65,65,65,65,65,65,65,65,65,65,65,65,65,65,65,67,67,67],"card_choices":[{"not_picked":["Evaluate","Scrawl"],"picked":"EmptyBody","floor":1.0},{"not_picked":["Weave","Scrawl"],"picked":"CrushJoints","floor":2.0},{"not_picked":["ClearTheMind","Adaptation"],"picked":"FollowUp","floor":6.0},{"not_picked":["Weave","ForeignInfluence"],"picked":"ReachHeaven","floor":7.0},{"not_picked":["Perseverance","Sanctity"],"picked":"EmptyFist","floor":12.0},{"not_picked":["FlowState","BattleHymn"],"picked":"DevaForm","floor":16.0},{"not_picked":["ClearTheMind","CutThroughFate"],"picked":"Crescendo","floor":18},{"not_picked":["Conclude","SandsOfTime"],"picked":"Collect","floor":20},{"not_picked":["Halt+1","JustLucky"],"picked":"Perseverance+1","floor":22},{"not_picked":["CutThroughFate","EmptyFist","InnerPeace"],"picked":"SKIP","floor":24},{"not_picked":["CutThroughFate","Halt"],"picked":"SignatureMove","floor":27},{"not_picked":["Crescendo","ThirdEye+1"],"picked":"FlyingSleeves","floor":28},{"not_picked":["Tantrum+1","WindmillStrike+1","FlyingSleeves"],"picked":"SKIP","floor":29},{"not_picked":["Halt","SpiritShield","EmptyFist"],"picked":"Singing Bowl","floor":31}],"player_experience":1028663,"relics_obtained":[{"floor":6.0,"key":"Omamori"},{"floor":9.0,"key":"Whetstone"},{"floor":12.0,"key":"Kunai"},{"floor":26,"key":"Vajra"},{"floor":27,"key":"Bottled Tornado"},{"floor":29,"key":"Ornamental Fan"},{"floor":31,"key":"Singing Bowl"}],"event_choices":[{"damage_healed":0.0,"max_hp_gain":0.0,"max_hp_loss":5.0,"gold_gain":0.0,"event_name":"Golden Idol","player_choice":"Lose Max HP","floor":3.0,"gold_loss":0.0,"damage_taken":0.0,"relics_obtained":["Golden Idol"]},{"cards_removed":["Strike_P"],"damage_healed":0.0,"max_hp_gain":0.0,"max_hp_loss":0.0,"gold_gain":0.0,"event_name":"Living Wall","player_choice":"Forget","floor":5.0,"gold_loss":0.0,"damage_taken":0.0},{"damage_healed":0.0,"max_hp_gain":0.0,"max_hp_loss":0.0,"gold_gain":0.0,"event_name":"World of Goop","player_choice":"Left Gold","floor":11.0,"gold_loss":33.0,"damage_taken":0.0},{"damage_healed":0.0,"max_hp_gain":5.0,"max_hp_loss":0.0,"gold_gain":0.0,"event_name":"Big Fish","player_choice":"Donut","floor":13.0,"gold_loss":0.0,"damage_taken":0.0},{"damage_healed":0.0,"max_hp_gain":0.0,"max_hp_loss":0.0,"gold_gain":0.0,"event_name":"Dead Adventurer","player_choice":"Searched \u00271\u0027 times","floor":14.0,"gold_loss":0.0,"damage_taken":0.0,"relics_obtained":["White Beast Statue"]},{"damage_healed":0,"gold_gain":0,"player_choice":"Trade","damage_taken":0,"relics_obtained":["SsserpentHead"],"max_hp_gain":0,"max_hp_loss":0,"event_name":"FaceTrader","floor":19,"gold_loss":0}],"is_beta":true,"boss_relics":[{"not_picked":["Velvet Choker","Calling Bell"],"picked":"VioletLotus"}],"items_purged_floors":[21],"is_endless":false,"potions_floor_spawned":[1,7,16,18,20,22,24,27,28,29,31],"killed_by":"Champ","ascension_level":0}