{"gold_per_floor":[117,117,117,131,56,56,90,90,90,113,132,153,153,153],"floor_reached":14,"playtime":766,"items_purged":["Defend_R"],"score":167,"play_id":"82891b6e-c7a7-4d34-8d1d-be5a3824f6a4","local_time":"20190116234152","is_ascension_mode":true,"campfire_choices":[{"data":"Metallicize","floor":6.0,"key":"SMITH"},{"data":"Shockwave","floor":8,"key":"SMITH"},{"data":"Uppercut","floor":13,"key":"SMITH"}],"neow_cost":"NONE","seed_source_timestamp":358087648815737,"circlet_count":0,"master_deck":["AscendersBane","Strike_R","Strike_R","Strike_R","Strike_R","Defend_R","Defend_R","Defend_R","Bash+1","Shrug It Off","Metallicize+1","Shockwave+1","Reaper","Uppercut+1"],"special_seed":0,"relics":["Burning Blood","Golden Idol","Pantograph","Frozen Egg 2"],"potions_floor_usage":[12,12,14],"damage_taken":[{"damage":3.0,"enemies":"2 Louse","floor":1.0,"turns":4.0},{"damage":4.0,"enemies":"Jaw Worm","floor":4.0,"turns":4.0},{"damage":38,"enemies":"3 Sentries","floor":7,"turns":15},{"damage":2,"enemies":"Small Slimes","floor":10,"turns":5},{"damage":11,"enemies":"2 Fungi Beasts","floor":11,"turns":5},{"damage":24,"enemies":"Large Slime","floor":12,"turns":10},{"damage":19,"enemies":"Gremlin Nob","floor":14,"turns":4}],"seed_played":"-4230557045502977192","potions_obtained":[{"floor":7,"key":"Dexterity Potion"},{"floor":10,"key":"FearPotion"},{"floor":12,"key":"Energy Potion"}],"is_trial":false,"path_per_floor":["M","?","?","M","$","R","E","R","T","M","M","M","R","E"],"character_chosen":"IRONCLAD","items_purchased":[],"campfire_rested":0,"item_purchase_floors":[],"current_hp_per_floor":[71,71,45,47,47,47,15,15,15,19,26,11,11,0],"gold":153,"neow_bonus":"UPGRADE_CARD","is_prod":false,"is_daily":false,"chose_seed":false,"campfire_upgraded":3,"win_rate":0,"timestamp":1547678512,"path_taken":["M","?","?","M","$","R","E","R","T","M","M","M","R","E"],"build_version":"2019-01-10","purchased_purges":1,"victory":false,"max_hp_per_floor":[75,75,75,75,75,75,75,75,75,75,75,75,75,75],"card_choices":[{"not_picked":["Pommel Strike","Cleave"],"picked":"Shrug It Off","floor":1.0},{"not_picked":["Sever Soul","Anger"],"picked":"Metallicize","floor":4.0},{"not_picked":["Body Slam","Headbutt"],"picked":"Shockwave","floor":7},{"not_picked":["True Grit","Iron Wave"],"picked":"Reaper","floor":10},{"not_picked":["Headbutt","Clothesline"],"picked":"Uppercut","floor":11},{"not_picked":["Rage","Clash","Flex"],"picked":"SKIP","floor":12}],"player_experience":512100,"relics_obtained":[{"floor":7,"key":"Pantograph"},{"floor":9,"key":"Frozen Egg 2"}],"event_choices":[{"cards_removed":["Strike_R"],"damage_healed":0.0,"max_hp_gain":0.0,"max_hp_loss":0.0,"gold_gain":0.0,"event_name":"Living Wall","player_choice":"Forget","floor":2.0,"gold_loss":0.0,"damage_taken":0.0},{"damage_healed":0.0,"max_hp_gain":0.0,"max_hp_loss":0.0,"gold_gain":0.0,"event_name":"Golden Idol","player_choice":"Take Damage","floor":3.0,"gold_loss":0.0,"damage_taken":26.0,"relics_obtained":["Golden Idol"]}],"is_beta":false,"boss_relics":[],"items_purged_floors":[5],"is_endless":false,"potions_floor_spawned":[7,10,12],"killed_by":"Gremlin Nob","ascension_level":17}