{"gold_per_floor":[117,58,78,22,0,0,31,49,103,115,142,142,142,142],"floor_reached":14,"playtime":374,"items_purged":[],"score":196,"play_id":"7c18835e-9dcd-43a6-b377-795a74564cf3","local_time":"20191005161335","is_ascension_mode":true,"campfire_choices":[{"data":"Spot Weakness","floor":6.0,"key":"SMITH"}],"neow_cost":"NONE","seed_source_timestamp":14926620916200,"circlet_count":0,"master_deck":["AscendersBane","Strike_R","Strike_R","Strike_R","Strike_R","Strike_R","Defend_R+1","Defend_R","Defend_R+1","Defend_R+1","Bash","Hemokinesis","Clothesline","Spot Weakness+1","Thunderclap","Rupture+1","Berserk","Combust","Feel No Pain"],"special_seed":0,"relics":["Burning Blood","Art of War","Potion Belt","War Paint"],"potions_floor_usage":[14],"damage_taken":[{"damage":9.0,"enemies":"2 Louse","floor":1.0,"turns":3.0},{"damage":18.0,"enemies":"Small Slimes","floor":3.0,"turns":4.0},{"damage":9.0,"enemies":"Gremlin Nob","floor":7.0,"turns":3.0},{"damage":9.0,"enemies":"Jaw Worm","floor":8.0,"turns":4.0},{"damage":14.0,"enemies":"Looter","floor":10.0,"turns":3.0},{"damage":24.0,"enemies":"Lagavulin","floor":11.0,"turns":6.0},{"damage":28,"enemies":"3 Sentries","floor":14,"turns":5}],"seed_played":"1870912289289361099","potions_obtained":[{"floor":0.0,"key":"Fire Potion"},{"floor":0.0,"key":"BloodPotion"},{"floor":8.0,"key":"BloodPotion"}],"is_trial":false,"path_per_floor":["M","$","M","$","?","R","E","M","T","M","E","?","?","E"],"character_chosen":"IRONCLAD","items_purchased":["Clothesline","Thunderclap"],"campfire_rested":0,"item_purchase_floors":[2,4],"current_hp_per_floor":[65,65,53,53,53,53,50,47,47,54,36,36,13,0],"gold":142,"neow_bonus":"THREE_SMALL_POTIONS","is_prod":false,"is_daily":false,"chose_seed":false,"campfire_upgraded":1,"win_rate":0,"timestamp":1570306415,"path_taken":["M","$","M","$","?","R","E","M","T","M","E","?","?","E"],"build_version":"2019-10-04","purchased_purges":0,"victory":false,"max_hp_per_floor":[75,75,75,75,75,75,75,75,75,75,75,75,75,75],"card_choices":[{"not_picked":["Perfected Strike","Wild Strike"],"picked":"Hemokinesis","floor":1.0},{"not_picked":["Uppercut","Headbutt"],"picked":"Spot Weakness","floor":3.0},{"not_picked":["Pummel","Evolve"],"picked":"Rupture","floor":7.0},{"not_picked":["Pommel Strike","Clash"],"picked":"Berserk","floor":8.0},{"not_picked":["Infernal Blade","Whirlwind"],"picked":"Combust","floor":10.0},{"not_picked":["Hemokinesis","Havoc"],"picked":"Feel No Pain","floor":11.0}],"player_experience":1230136,"relics_obtained":[{"floor":7.0,"key":"Art of War"},{"floor":9.0,"key":"Potion Belt"},{"floor":11.0,"key":"War Paint"}],"event_choices":[{"damage_healed":0.0,"max_hp_gain":0.0,"max_hp_loss":0.0,"gold_gain":0.0,"event_name":"World of Goop","player_choice":"Left Gold","floor":5.0,"gold_loss":22.0,"damage_taken":0.0},{"damage_healed":0,"gold_gain":0,"player_choice":"Searched \u00270\u0027 times","damage_taken":0,"max_hp_gain":0,"max_hp_loss":0,"event_name":"Dead Adventurer","floor":12,"gold_loss":0},{"damage_healed":0,"gold_gain":0,"player_choice":"Entered Light","damage_taken":23,"max_hp_gain":0,"max_hp_loss":0,"event_name":"Shining Light","floor":13,"gold_loss":0,"cards_upgraded":["Rupture","Defend_R"]}],"is_beta":true,"boss_relics":[],"items_purged_floors":[],"is_endless":false,"potions_floor_spawned":[1,3,8],"killed_by":"3 Sentries","ascension_level":20}