{"gold_per_floor":[119,138,151,113,93,126,126,136,162,162,191,209,209,223,223,324,324,337,354,373,386,401,435,435,454,454,103,115,40,40,57,57,155,155,175,175,22,38,38,67,86,86,111,111,125,125,144,154,154,154],"floor_reached":51,"playtime":4570,"items_purged":["Strike_G","Strike_G"],"score":690,"play_id":"77fcf875-89f1-45f3-b358-0c270eb3f6c7","local_time":"20190819184428","is_ascension_mode":false,"campfire_choices":[{"data":"Noxious Fumes","floor":7,"key":"SMITH"},{"data":"Riddle With Holes","floor":10,"key":"SMITH"},{"floor":13,"key":"REST"},{"data":"Dagger Spray","floor":15,"key":"SMITH"},{"data":"Malaise","floor":24,"key":"SMITH"},{"floor":32,"key":"REST"},{"floor":42,"key":"REST"},{"data":"Footwork","floor":46,"key":"SMITH"},{"data":"Bullet Time","floor":49,"key":"SMITH"}],"neow_cost":"NONE","seed_source_timestamp":329257862200,"circlet_count":0,"master_deck":["Strike_G","Strike_G","Defend_G","Defend_G","Defend_G","Defend_G","Defend_G","Survivor","Neutralize","Dash","Flying Knee","Riddle With Holes+1","Noxious Fumes+1","Crippling Poison","Poisoned Stab","After Image","Deflect","Dagger Spray+1","Venomology","Quick Slash","Sucker Punch","Skewer","Dodge and Roll+1","Malaise+1","Footwork+1","Terror","Deadly Poison","Dodge and Roll","Bullet Time+1","Quick Slash","Flying Knee","Sucker Punch+1","Madness","Madness","Deadly Poison","Flying Knee","Dagger Spray+1","Bouncing Flask+1","Slice+1"],"relics":["Ring of the Snake","Bag of Preparation","Boot","Vajra","Velvet Choker","Shuriken","Bag of Marbles","Toy Ornithopter","Eternal Feather","Oddly Smooth Stone","Happy Flower"],"potions_floor_usage":[6,8,11,16,18,19,20,21,22,23,23,31,31,35,40,40,47,47,50,50,50,50],"damage_taken":[{"damage":0,"enemies":"Jaw Worm","floor":1,"turns":5},{"damage":0,"enemies":"Cultist","floor":2,"turns":4},{"damage":0,"enemies":"2 Louse","floor":3,"turns":3},{"damage":15,"enemies":"3 Sentries","floor":6,"turns":8},{"damage":13,"enemies":"Exordium Wildlife","floor":8,"turns":5},{"damage":13,"enemies":"Lagavulin","floor":11,"turns":5},{"damage":0,"enemies":"Large Slime","floor":12,"turns":4},{"damage":0,"enemies":"3 Louse","floor":14,"turns":3},{"damage":5,"enemies":"Slime Boss","floor":16,"turns":8},{"damage":12,"enemies":"Spheric Guardian","floor":18,"turns":4},{"damage":10,"enemies":"2 Thieves","floor":19,"turns":4},{"damage":3,"enemies":"Centurion and Healer","floor":20,"turns":7},{"damage":0,"enemies":"3 Cultists","floor":21,"turns":4},{"damage":11,"enemies":"Sentry and Sphere","floor":22,"turns":6},{"damage":1,"enemies":"Book of Stabbing","floor":23,"turns":7},{"damage":0,"enemies":"Cultist and Chosen","floor":25,"turns":5},{"damage":0,"enemies":"Snecko","floor":28,"turns":5},{"damage":2,"enemies":"Snake Plant","floor":31,"turns":3},{"damage":32,"enemies":"Automaton","floor":33,"turns":9},{"damage":0,"enemies":"3 Shapes","floor":35,"turns":7},{"damage":3,"enemies":"Orb Walker","floor":38,"turns":3},{"damage":47,"enemies":"Reptomancer","floor":40,"turns":9},{"damage":13,"enemies":"4 Shapes","floor":41,"turns":5},{"damage":3,"enemies":"Sphere and 2 Shapes","floor":45,"turns":6},{"damage":0,"enemies":"Spire Growth","floor":47,"turns":4},{"damage":10,"enemies":"Jaw Worm Horde","floor":48,"turns":4},{"damage":86,"enemies":"Awakened One","floor":50,"turns":18}],"seed_played":"2122666699887130198","potions_obtained":[{"floor":1,"key":"Dexterity Potion"},{"floor":2,"key":"Energy Potion"},{"floor":5,"key":"SkillPotion"},{"floor":11,"key":"Block Potion"},{"floor":14,"key":"SteroidPotion"},{"floor":16,"key":"LiquidBronze"},{"floor":18,"key":"LiquidBronze"},{"floor":19,"key":"Weak Potion"},{"floor":28,"key":"Fire Potion"},{"floor":31,"key":"Swift Potion"},{"floor":40,"key":"Dexterity Potion"},{"floor":47,"key":"Ancient Potion"},{"floor":48,"key":"SkillPotion"}],"is_trial":false,"path_per_floor":["M","M","M","$","?","E","R","M","T","R","E","M","R","M","R","B",null,"M","M","M","M","M","E","R","M","T","$","M","?","?","M","R","B",null,"M","?","$","M","?","E","M","R","T","?","M","R","M","M","R","B",null],"character_chosen":"THE_SILENT","items_purchased":["Noxious Fumes","Toy Ornithopter","Terror","Flying Knee"],"campfire_rested":3,"item_purchase_floors":[4,27,27,37],"current_hp_per_floor":[77,77,77,77,77,62,62,49,49,49,36,36,59,59,59,54,77,65,55,52,52,41,40,40,40,40,40,40,40,26,34,58,26,82,82,82,82,79,69,32,19,64,64,64,61,82,82,72,82,15],"gold":154,"neow_bonus":"TEN_PERCENT_HP_BONUS","is_prod":false,"is_daily":false,"chose_seed":false,"campfire_upgraded":6,"win_rate":0.0,"timestamp":1566254668,"path_taken":["M","M","M","$","?","E","R","M","T","R","E","M","R","?","R","BOSS","M","M","M","M","M","E","R","M","T","$","M","?","?","M","R","BOSS","M","?","$","M","?","E","M","R","T","?","M","R","M","M","R","BOSS"],"build_version":"2019-07-17","purchased_purges":2,"victory":true,"max_hp_per_floor":[77,77,77,77,77,77,77,77,77,77,77,77,77,77,77,77,77,77,77,77,77,77,77,77,77,77,77,77,77,82,82,82,82,82,82,82,82,82,82,82,82,82,82,82,82,82,82,82,82,82],"card_choices":[{"not_picked":["Underhanded Strike","Blade Dance"],"picked":"Dash","floor":1},{"not_picked":["Reflex","PiercingWail"],"picked":"Flying Knee","floor":2},{"not_picked":["Outmaneuver","PiercingWail"],"picked":"Riddle With Holes","floor":3},{"not_picked":["Dodge and Roll","Distraction"],"picked":"Crippling Poison","floor":6},{"not_picked":["Outmaneuver","Unload"],"picked":"Poisoned Stab","floor":8},{"not_picked":["Riddle With Holes","Escape Plan"],"picked":"After Image","floor":11},{"not_picked":["Calculated Gamble","Dagger Throw"],"picked":"Deflect","floor":12},{"not_picked":["PiercingWail","Slice"],"picked":"Dagger Spray","floor":14},{"not_picked":["After Image","Night Terror"],"picked":"Venomology","floor":16},{"not_picked":["Infinite Blades","Riddle With Holes"],"picked":"Quick Slash","floor":18},{"not_picked":["Skewer","Backflip"],"picked":"Sucker Punch","floor":19},{"not_picked":["Blade Dance","PiercingWail+1"],"picked":"Skewer","floor":20},{"not_picked":["Heel Hook+1","Deflect"],"picked":"Dodge and Roll+1","floor":21},{"not_picked":["Backflip+1","Underhanded Strike"],"picked":"Malaise","floor":22},{"not_picked":["Underhanded Strike","Deadly Poison"],"picked":"Prepared+1","floor":23},{"not_picked":["Well Laid Plans","Outmaneuver+1"],"picked":"Footwork","floor":25},{"not_picked":["Masterful Stab","Finisher"],"picked":"Deadly Poison","floor":28},{"not_picked":["Acrobatics","Underhanded Strike+1"],"picked":"Dodge and Roll","floor":31},{"not_picked":["Doppelganger","A Thousand Cuts"],"picked":"Bullet Time","floor":33},{"not_picked":["Blade Dance+1","Caltrops+1"],"picked":"Quick Slash","floor":35},{"not_picked":["Dodge and Roll+1","Phantasmal Killer"],"picked":"Sucker Punch+1","floor":38},{"not_picked":["Footwork+1","Sucker Punch"],"picked":"Deadly Poison","floor":40},{"not_picked":["Masterful Stab+1","Quick Slash"],"picked":"Flying Knee","floor":41},{"not_picked":["Outmaneuver","Dash+1"],"picked":"Dagger Spray+1","floor":45},{"not_picked":["Acrobatics","Infinite Blades+1"],"picked":"Bouncing Flask+1","floor":47},{"not_picked":["Eviscerate","Adrenaline"],"picked":"Slice+1","floor":48}],"player_experience":23181,"relics_obtained":[{"floor":6,"key":"Bag of Preparation"},{"floor":9,"key":"Boot"},{"floor":11,"key":"Vajra"},{"floor":23,"key":"Shuriken"},{"floor":26,"key":"Bag of Marbles"},{"floor":40,"key":"Oddly Smooth Stone"},{"floor":43,"key":"Happy Flower"}],"event_choices":[{"damage_healed":0,"gold_gain":0,"player_choice":"Bought 1 Potion","damage_taken":0,"max_hp_gain":0,"max_hp_loss":0,"event_name":"The Woman in Blue","floor":5,"gold_loss":0},{"cards_removed":["Strike_G"],"damage_healed":0,"gold_gain":0,"player_choice":"Gave Gold","damage_taken":0,"max_hp_gain":0,"max_hp_loss":0,"event_name":"Beggar","floor":29,"gold_loss":75},{"damage_healed":0,"gold_gain":0,"player_choice":"Shed Blood","damage_taken":19,"max_hp_gain":5,"max_hp_loss":0,"event_name":"Forgotten Altar","floor":30,"gold_loss":0},{"cards_removed":["Prepared"],"damage_healed":0,"gold_gain":0,"player_choice":"Removed Skill","damage_taken":0,"max_hp_gain":0,"max_hp_loss":0,"event_name":"Falling","floor":36,"gold_loss":0},{"damage_healed":0,"gold_gain":0,"player_choice":"Embrace Madness","damage_taken":10,"max_hp_gain":0,"max_hp_loss":0,"event_name":"Winding Halls","floor":39,"gold_loss":0,"cards_obtained":["Madness","Madness"]},{"damage_healed":0,"gold_gain":0,"player_choice":"Ignored","damage_taken":0,"max_hp_gain":0,"max_hp_loss":0,"event_name":"Mysterious Sphere","floor":44,"gold_loss":0}],"is_beta":false,"boss_relics":[{"not_picked":["Snecko Eye","Fusion Hammer"],"picked":"Velvet Choker"},{"not_picked":["Astrolabe","Runic Pyramid"],"picked":"Eternal Feather"}],"items_purged_floors":[27,37],"is_endless":false,"potions_floor_spawned":[1,2,11,14,16,18,19,21,28,31,40,47,48],"ascension_level":0}