{"gold_per_floor":[115,129,148,160,119,119,119,149,176,176],"floor_reached":10,"playtime":326,"items_purged":[],"score":136,"play_id":"40100508-a535-4868-b23f-cba0490f8c84","local_time":"20191005225111","is_ascension_mode":true,"campfire_choices":[{"data":"Bash","floor":6,"key":"SMITH"}],"neow_cost":"NONE","seed_source_timestamp":38889441301100,"circlet_count":0,"master_deck":["AscendersBane","Strike_R","Strike_R","Strike_R","Defend_R","Defend_R","Defend_R","Defend_R","Bash+1","Twin Strike","Shrug It Off","Anger","Uppercut"],"relics":["Burning Blood","Potion Belt","Strawberry"],"potions_floor_usage":[8],"damage_taken":[{"damage":19,"enemies":"Jaw Worm","floor":1,"turns":5},{"damage":5,"enemies":"2 Louse","floor":2,"turns":4},{"damage":6,"enemies":"Cultist","floor":3,"turns":3},{"damage":15,"enemies":"Red Slaver","floor":4,"turns":5},{"damage":20,"enemies":"3 Sentries","floor":8,"turns":10},{"damage":56,"enemies":"Gremlin Nob","floor":10,"turns":4}],"seed_played":"-7598876112209565172","potions_obtained":[{"floor":1,"key":"EssenceOfSteel"},{"floor":2,"key":"Block Potion"}],"is_trial":false,"path_per_floor":["M","M","M","M","?","R","?","E","T","E"],"character_chosen":"IRONCLAD","items_purchased":[],"campfire_rested":0,"item_purchase_floors":[],"current_hp_per_floor":[55,56,56,47,47,47,47,33,40,0],"gold":176,"neow_bonus":"REMOVE_CARD","is_prod":false,"is_daily":false,"chose_seed":false,"campfire_upgraded":1,"win_rate":0,"timestamp":1570330271,"path_taken":["M","M","M","M","?","R","?","E","T","E"],"build_version":"2019-10-04","purchased_purges":0,"victory":false,"max_hp_per_floor":[75,75,75,75,75,75,75,75,82,82],"card_choices":[{"not_picked":["Dual Wield","Armaments"],"picked":"Twin Strike","floor":1},{"not_picked":["Wild Strike","Armaments"],"picked":"Shrug It Off","floor":2},{"not_picked":["Perfected Strike","Dropkick"],"picked":"Anger","floor":3},{"not_picked":["Iron Wave","Anger","Clash"],"picked":"SKIP","floor":4},{"not_picked":["Cleave","Carnage"],"picked":"Uppercut","floor":8}],"player_experience":1234181,"relics_obtained":[{"floor":8,"key":"Potion Belt"},{"floor":9,"key":"Strawberry"}],"event_choices":[{"damage_healed":0,"gold_gain":0,"player_choice":"Left Gold","damage_taken":0,"max_hp_gain":0,"max_hp_loss":0,"event_name":"World of Goop","floor":5,"gold_loss":41},{"cards_removed":["Strike_R"],"damage_healed":0,"gold_gain":0,"player_choice":"Offered Basic","damage_taken":0,"max_hp_gain":0,"max_hp_loss":0,"event_name":"Bonfire Elementals","floor":7,"gold_loss":0}],"is_beta":true,"boss_relics":[],"items_purged_floors":[],"is_endless":false,"potions_floor_spawned":[1,2],"killed_by":"Gremlin Nob","ascension_level":20}