{"gold_per_floor":[112,25,25,42,42,75,75,104,181,207,207,224,224,242,242,316,316,328,360,378,102,102,102,102],"floor_reached":24,"playtime":792,"items_purged":["Strike_R"],"score":462,"play_id":"c6674a15-4d3e-46a4-a9f3-83756c2bdfcd","local_time":"20190902100428","is_ascension_mode":true,"campfire_choices":[{"data":"Whirlwind","floor":7.0,"key":"SMITH"},{"data":"True Grit","floor":11.0,"key":"SMITH"},{"data":"Uppercut","floor":13.0,"key":"SMITH"},{"data":"Armaments","floor":15.0,"key":"SMITH"},{"floor":23.0,"key":"REST"}],"neow_cost":"NONE","seed_source_timestamp":0,"circlet_count":0,"master_deck":["AscendersBane","Strike_R","Strike_R","Strike_R","Defend_R","Defend_R","Defend_R","Defend_R","Bash","Thunderclap","Whirlwind+1","Uppercut+1","True Grit+1","Armaments+1","Limit Break","Heavy Blade","Combust","Flex"],"special_seed":0,"relics":["Burning Blood","NeowsBlessing","Red Skull","Happy Flower","Pen Nib","Pear","Kunai","Runic Cube","Red Mask"],"potions_floor_usage":[],"damage_taken":[{"damage":0.0,"enemies":"Small Slimes","floor":1.0,"turns":1.0},{"damage":0.0,"enemies":"2 Louse","floor":4.0,"turns":1.0},{"damage":0.0,"enemies":"Gremlin Nob","floor":6.0,"turns":1.0},{"damage":38.0,"enemies":"Lagavulin","floor":8.0,"turns":6.0},{"damage":30.0,"enemies":"Gremlin Nob","floor":10.0,"turns":4.0},{"damage":0.0,"enemies":"Cultist","floor":12.0,"turns":2.0},{"damage":5.0,"enemies":"Gremlin Gang","floor":14.0,"turns":2.0},{"damage":15.0,"enemies":"The Guardian","floor":16.0,"turns":12.0},{"damage":24.0,"enemies":"Chosen","floor":18.0,"turns":6.0},{"damage":42.0,"enemies":"Masked Bandits","floor":19.0,"turns":4.0},{"damage":15.0,"enemies":"3 Byrds","floor":20.0,"turns":4.0},{"damage":0,"enemies":"Book of Stabbing","floor":24,"turns":1}],"seed_played":"757301881478978512","potions_obtained":[{"floor":1.0,"key":"Ancient Potion"},{"floor":4.0,"key":"Dexterity Potion"},{"floor":14.0,"key":"SkillPotion"},{"floor":18.0,"key":"PowerPotion"},{"floor":20.0,"key":"Block Potion"}],"is_trial":false,"path_per_floor":["M","$","?","M","?","E","R","E","T","E","R","M","R","M","R","B",null,"M","?","M","$","?","R","E"],"character_chosen":"IRONCLAD","items_purchased":["Whirlwind","Combust","EntropicBrew"],"campfire_rested":1,"item_purchase_floors":[2,21,21],"current_hp_per_floor":[74,74,69,75,68,74,74,42,52,28,28,34,34,35,35,26,70,52,16,7,7,7,32,32],"gold":102,"neow_bonus":"THREE_ENEMY_KILL","is_prod":false,"is_daily":false,"chose_seed":false,"campfire_upgraded":4,"win_rate":0,"timestamp":1567433068,"path_taken":["M","$","?","M","?","E","R","E","T","E","R","M","R","M","R","BOSS","M","?","M","$","?","R","E"],"build_version":"2019-07-17","purchased_purges":1,"victory":false,"max_hp_per_floor":[75,75,75,75,75,75,75,75,85,85,85,85,85,85,85,85,85,85,85,85,85,85,85,85],"card_choices":[{"not_picked":["Searing Blow","Sever Soul"],"picked":"Thunderclap","floor":1.0},{"not_picked":["Pommel Strike","Havoc","Wild Strike"],"picked":"SKIP","floor":4.0},{"not_picked":["Dual Wield","Fire Breathing","Evolve"],"picked":"SKIP","floor":6.0},{"not_picked":["Thunderclap","Berserk"],"picked":"Uppercut","floor":8.0},{"not_picked":["Shockwave","Headbutt"],"picked":"True Grit","floor":10.0},{"not_picked":["Corruption","Second Wind","Wild Strike"],"picked":"SKIP","floor":12.0},{"not_picked":["Heavy Blade","Sever Soul"],"picked":"Armaments","floor":14.0},{"not_picked":["Fiend Fire","Double Tap"],"picked":"Limit Break","floor":16.0},{"not_picked":["Searing Blow","Wild Strike+1"],"picked":"Heavy Blade","floor":18.0},{"not_picked":["Warcry","Perfected Strike","Twin Strike"],"picked":"SKIP","floor":20.0}],"player_experience":940627,"relics_obtained":[{"floor":6.0,"key":"Happy Flower"},{"floor":8.0,"key":"Pen Nib"},{"floor":9.0,"key":"Pear"},{"floor":10.0,"key":"Kunai"},{"floor":19.0,"key":"Red Mask"}],"event_choices":[{"damage_healed":0.0,"max_hp_gain":0.0,"max_hp_loss":0.0,"gold_gain":0.0,"event_name":"Scrap Ooze","player_choice":"Success","floor":3.0,"gold_loss":0.0,"damage_taken":5.0,"relics_obtained":["Red Skull"]},{"cards_removed":["Strike_R"],"damage_healed":0.0,"max_hp_gain":0.0,"max_hp_loss":0.0,"gold_gain":0.0,"event_name":"Golden Wing","player_choice":"Card Removal","floor":5.0,"gold_loss":0.0,"damage_taken":7.0},{"damage_healed":0.0,"max_hp_gain":0.0,"max_hp_loss":0.0,"gold_gain":0.0,"event_name":"Masked Bandits","player_choice":"Fought Bandits","floor":19.0,"gold_loss":0.0,"damage_taken":0.0},{"damage_healed":0.0,"max_hp_gain":0.0,"max_hp_loss":0.0,"gold_gain":0.0,"event_name":"The Library","player_choice":"Read","floor":22.0,"gold_loss":0.0,"damage_taken":0.0,"cards_obtained":["Flex"]}],"is_beta":false,"boss_relics":[{"not_picked":["Pandora\u0027s Box","Runic Dome"],"picked":"Runic Cube"}],"items_purged_floors":[21],"is_endless":false,"potions_floor_spawned":[1,4,14,18,20],"killed_by":"Book of Stabbing","ascension_level":19}