{"gold_per_floor":[111,124,138,138,138,171,171,189,213,213,213,213,138,167,167,271,271,286,211,222,4,15,40,40,40,40,59,59,22,22,35,35,135,135,150,150,163,175,98,98,98],"floor_reached":41,"playtime":2398,"items_purged":["Strike_B"],"score":444,"play_id":"aa5e2d6a-ece8-45d3-9800-a2f55692f17d","local_time":"20190913205345","is_ascension_mode":false,"campfire_choices":[{"floor":7.0,"key":"REST"},{"floor":12.0,"key":"REST"},{"data":"White Noise","floor":15.0,"key":"SMITH"},{"floor":24,"key":"REST"},{"floor":28,"key":"REST"},{"floor":30,"key":"RECALL"},{"floor":32,"key":"REST"},{"floor":40,"key":"REST"}],"neow_cost":"TEN_PERCENT_HP_LOSS","seed_source_timestamp":0,"circlet_count":0,"master_deck":["Strike_B","Strike_B","Defend_B","Defend_B","Defend_B+1","Zap","Dualcast","Undo+1","Steam","Stack","Compile Driver","White Noise+1","Doom and Gloom","Conserve Battery","Echo Form","Compile Driver","Cold Snap","Buffer","Cold Snap","Leap","Self Repair","Leap","Seek","Regret","FTL+1","Loop"],"special_seed":0,"relics":["Cracked Core","Ginger","PreservedInsect","Boot","Gremlin Horn","Bag of Marbles","Fusion Hammer","Oddly Smooth Stone","Omamori","Calling Bell","Strawberry","Toxic Egg 2","Unceasing Top"],"potions_floor_usage":[22,33,33,38,41],"damage_taken":[{"damage":1.0,"enemies":"Jaw Worm","floor":1.0,"turns":3.0},{"damage":2.0,"enemies":"2 Louse","floor":2.0,"turns":2.0},{"damage":0.0,"enemies":"Small Slimes","floor":3.0,"turns":3.0},{"damage":31.0,"enemies":"3 Sentries","floor":6.0,"turns":10.0},{"damage":4.0,"enemies":"3 Louse","floor":8.0,"turns":4.0},{"damage":0.0,"enemies":"Lagavulin","floor":14.0,"turns":5.0},{"damage":15.0,"enemies":"Hexaghost","floor":16.0,"turns":9.0},{"damage":4.0,"enemies":"Shell Parasite","floor":18.0,"turns":5.0},{"damage":7,"enemies":"2 Thieves","floor":20,"turns":3},{"damage":6,"enemies":"Snake Plant","floor":22,"turns":3},{"damage":15,"enemies":"Slavers","floor":23,"turns":3},{"damage":13,"enemies":"Shelled Parasite and Fungi","floor":27,"turns":7},{"damage":8,"enemies":"Centurion and Healer","floor":31,"turns":6},{"damage":27,"enemies":"Champ","floor":33,"turns":16},{"damage":8,"enemies":"3 Shapes","floor":35,"turns":3},{"damage":31,"enemies":"3 Darklings","floor":37,"turns":8},{"damage":31,"enemies":"Spire Growth","floor":38,"turns":8},{"damage":85,"enemies":"Reptomancer","floor":41,"turns":2}],"seed_played":"-9103827142851203829","potions_obtained":[{"floor":1.0,"key":"Weak Potion"},{"floor":2.0,"key":"Weak Potion"},{"floor":8.0,"key":"Swift Potion"},{"floor":18,"key":"Ancient Potion"},{"floor":22,"key":"Strength Potion"},{"floor":33,"key":"PowerPotion"},{"floor":38,"key":"PowerPotion"}],"is_trial":false,"path_per_floor":["M","M","M","?","?","E","R","M","T","?","T","R","$","E","R","B",null,"M","?","M","$","M","E","R","?","T","M","R","$","R","M","R","B",null,"M","?","M","M","$","R","E"],"character_chosen":"DEFECT","items_purchased":["Doom and Gloom","Buffer","Self Repair","Loop"],"campfire_rested":6,"item_purchase_floors":[13,21,29,39],"current_hp_per_floor":[67,65,65,58,44,13,33,29,29,29,29,49,49,49,49,34,68,64,64,57,57,51,36,56,56,56,43,63,63,63,55,68,41,75,74,74,57,40,40,62,0],"gold":98,"neow_bonus":"ONE_RARE_RELIC","is_prod":false,"is_daily":false,"chose_seed":false,"campfire_upgraded":1,"win_rate":0,"timestamp":1568422425,"path_taken":["M","M","M","?","?","E","R","M","T","?","?","R","$","E","R","BOSS","M","?","M","$","M","E","R","?","T","M","R","?","R","M","R","BOSS","M","?","M","M","$","R","E"],"build_version":"2019-07-17","purchased_purges":1,"victory":false,"max_hp_per_floor":[68,68,68,68,68,68,68,68,68,68,68,68,68,68,68,68,68,68,68,68,68,68,68,68,68,68,68,68,68,68,68,68,68,75,75,75,75,75,75,75,75],"card_choices":[{"not_picked":["Consume","Static Discharge"],"picked":"Undo","floor":1.0},{"not_picked":["Gash","Loop"],"picked":"Steam","floor":2.0},{"not_picked":["Turbo","Force Field"],"picked":"Stack","floor":3.0},{"not_picked":["Gash","Beam Cell"],"picked":"Compile Driver","floor":6.0},{"not_picked":["Reinforced Body","Hello World"],"picked":"White Noise","floor":8.0},{"not_picked":["Steam Power","Force Field"],"picked":"Conserve Battery","floor":14.0},{"not_picked":["Thunder Strike","Core Surge"],"picked":"Echo Form","floor":16.0},{"not_picked":["Beam Cell","Sunder"],"picked":"Compile Driver","floor":18},{"not_picked":["Redo","Streamline"],"picked":"Cold Snap","floor":20},{"not_picked":["Compile Driver","Stack"],"picked":"Ball Lightning","floor":22},{"not_picked":["Scrape","Turbo"],"picked":"Cold Snap","floor":23},{"not_picked":["Lockon+1","Rebound"],"picked":"Leap","floor":27},{"not_picked":["Ball Lightning","Thunder Strike"],"picked":"Leap","floor":31},{"not_picked":["Reboot","Machine Learning"],"picked":"Seek","floor":33},{"not_picked":["Sweeping Beam","Recycle+1","Lockon"],"picked":"SKIP","floor":35},{"not_picked":["Steam Power+1","Turbo+1","Go for the Eyes"],"picked":"SKIP","floor":37},{"not_picked":["Gash+1","Beam Cell"],"picked":"FTL+1","floor":38}],"player_experience":74052,"relics_obtained":[{"floor":6.0,"key":"PreservedInsect"},{"floor":9.0,"key":"Boot"},{"floor":11.0,"key":"Gremlin Horn"},{"floor":14.0,"key":"Bag of Marbles"},{"floor":23,"key":"Oddly Smooth Stone"},{"floor":26,"key":"Omamori"},{"floor":34,"key":"Strawberry"},{"floor":34,"key":"Toxic Egg 2"},{"floor":34,"key":"Unceasing Top"}],"event_choices":[{"cards_removed":["Defend_B"],"damage_healed":0.0,"max_hp_gain":0.0,"max_hp_loss":0.0,"gold_gain":0.0,"event_name":"Golden Wing","player_choice":"Card Removal","floor":4.0,"gold_loss":0.0,"damage_taken":7.0},{"damage_healed":0.0,"max_hp_gain":0.0,"max_hp_loss":0.0,"gold_gain":0.0,"event_name":"Shining Light","player_choice":"Entered Light","floor":5.0,"gold_loss":0.0,"damage_taken":14.0,"cards_upgraded":["Defend_B","Undo"]},{"damage_healed":0.0,"max_hp_gain":0.0,"max_hp_loss":0.0,"gold_gain":0.0,"event_name":"Dead Adventurer","player_choice":"Searched \u00271\u0027 times","floor":10.0,"gold_loss":0.0,"damage_taken":0.0},{"cards_removed":["Strike_B"],"damage_healed":0,"gold_gain":0,"player_choice":"Gave Gold","damage_taken":0,"max_hp_gain":0,"max_hp_loss":0,"event_name":"Beggar","floor":19,"gold_loss":75},{"cards_removed":["Ball Lightning"],"damage_healed":0,"gold_gain":0,"player_choice":"Removed Attack","damage_taken":0,"max_hp_gain":0,"max_hp_loss":0,"event_name":"Falling","floor":36,"gold_loss":0}],"is_beta":false,"boss_relics":[{"not_picked":["Coffee Dripper","Nuclear Battery"],"picked":"Fusion Hammer"},{"not_picked":["Astrolabe","Orrery"],"picked":"Calling Bell"}],"items_purged_floors":[21],"is_endless":false,"potions_floor_spawned":[1,2,8,18,22,23,33,38],"killed_by":"Reptomancer","ascension_level":0}