{"gold_per_floor":[114,114,114,139,40,78,91,124,124,160,160,181,204,248,248,346,346,371,371,74,115,115,115,154,168,222,222,222,16,49,65,65,158,158,178,400,97,116,116,130,130,143,143,183,25,43,57,91,103,115],"floor_reached":51,"playtime":2940,"items_purged":["Strike_B+1","Strike_B+1"],"score":1508,"play_id":"cc440a1f-d844-48b9-8750-51dea8e205d5","local_time":"20190820130219","is_ascension_mode":true,"campfire_choices":[{"data":"Defragment","floor":11,"key":"SMITH"},{"data":"Biased Cognition","floor":15,"key":"SMITH"},{"floor":23,"key":"REST"},{"floor":28,"key":"REST"},{"data":"Impatience","floor":32,"key":"SMITH"},{"data":"Defragment","floor":41,"key":"SMITH"},{"floor":49,"key":"REST"}],"neow_cost":"NONE","seed_source_timestamp":64216936604900,"circlet_count":0,"master_deck":["AscendersBane","Strike_B+1","Defend_B+1","Defend_B+1","Defend_B+1","Defend_B+1","Zap","Dualcast","Capacitor","Sweeping Beam","Cold Snap","White Noise","Defragment+1","Self Repair","Compile Driver","Leap","Biased Cognition+1","Electrodynamics","Impatience+1","Defragment+1","Impatience+1","Parasite","Hologram+1","Skim+1","Thunder Strike"],"special_seed":0,"relics":["Cracked Core","NeowsBlessing","Golden Idol","Girya","Mummified Hand","Ornamental Fan","Odd Mushroom","Gambling Chip","Busted Crown","Runic Capacitor","Red Mask","Pen Nib","Ancient Tea Set","Ice Cream","Letter Opener","Black Star","DollysMirror","Bottled Tornado","Juzu Bracelet","Bag of Marbles","MawBank","Darkstone Periapt"],"potions_floor_usage":[10,10,14,31,35,40,47,48],"damage_taken":[{"damage":0.0,"enemies":"Jaw Worm","floor":1.0,"turns":1.0},{"damage":0,"enemies":"Small Slimes","floor":4,"turns":1},{"damage":0,"enemies":"Lagavulin","floor":6,"turns":1},{"damage":1,"enemies":"Cultist","floor":7,"turns":3},{"damage":15,"enemies":"Gremlin Nob","floor":8,"turns":4},{"damage":1,"enemies":"The Mushroom Lair","floor":10,"turns":3},{"damage":10,"enemies":"Exordium Wildlife","floor":12,"turns":4},{"damage":6,"enemies":"3 Louse","floor":13,"turns":4},{"damage":16,"enemies":"3 Sentries","floor":14,"turns":3},{"damage":14,"enemies":"Hexaghost","floor":16,"turns":9},{"damage":13,"enemies":"2 Thieves","floor":18,"turns":2},{"damage":18,"enemies":"Masked Bandits","floor":21,"turns":4},{"damage":14,"enemies":"Gremlin Leader","floor":24,"turns":4},{"damage":0,"enemies":"3 Byrds","floor":25,"turns":2},{"damage":10,"enemies":"Book of Stabbing","floor":30,"turns":5},{"damage":0,"enemies":"Centurion and Healer","floor":31,"turns":3},{"damage":0,"enemies":"Champ","floor":33,"turns":11},{"damage":13,"enemies":"3 Darklings","floor":35,"turns":3},{"damage":0,"enemies":"3 Shapes","floor":38,"turns":3},{"damage":13,"enemies":"Writhing Mass","floor":40,"turns":6},{"damage":3,"enemies":"3 Darklings","floor":42,"turns":3},{"damage":18,"enemies":"Nemesis","floor":44,"turns":7},{"damage":0,"enemies":"Jaw Worm Horde","floor":46,"turns":2},{"damage":0,"enemies":"4 Shapes","floor":47,"turns":5},{"damage":26,"enemies":"Reptomancer","floor":48,"turns":7},{"damage":33,"enemies":"Donu and Deca","floor":50,"turns":6}],"seed_played":"-4477618212701597766","potions_obtained":[{"floor":1.0,"key":"Block Potion"},{"floor":6,"key":"Fire Potion"},{"floor":13,"key":"Explosive Potion"},{"floor":21,"key":"Dexterity Potion"},{"floor":30,"key":"Swift Potion"},{"floor":33,"key":"Energy Potion"},{"floor":42,"key":"Poison Potion"},{"floor":44,"key":"SkillPotion"},{"floor":47,"key":"Block Potion"}],"is_trial":false,"path_per_floor":["M","$","?","M","$","E","M","E","T","?","R","M","M","E","R","B",null,"M","?","$","?","?","R","E","M","T","T","R","$","E","M","R","B",null,"M","?","$","M","?","M","R","M","T","E","$","M","M","E","R","B",null],"character_chosen":"DEFECT","items_purchased":["Cold Snap","White Noise","Runic Capacitor","Impatience","Defragment","DollysMirror","Thunder Strike"],"campfire_rested":3,"item_purchase_floors":[5,5,20,29,37,37,45],"current_hp_per_floor":[64,64,64,64,64,64,63,55,55,54,54,51,52,43,43,43,59,46,46,46,28,28,47,40,40,40,40,59,59,56,63,63,64,64,58,58,58,64,61,55,55,59,59,48,48,55,61,42,60,34],"gold":127,"neow_bonus":"THREE_ENEMY_KILL","is_prod":false,"is_daily":false,"chose_seed":false,"campfire_upgraded":4,"win_rate":0,"timestamp":1566320539,"path_taken":["M","$","?","M","$","E","M","E","T","?","R","M","M","E","R","BOSS","M","?","$","?","?","R","E","?","T","?","R","?","E","M","R","BOSS","M","?","$","M","?","M","R","M","T","E","$","M","M","E","R","BOSS"],"build_version":"2019-07-17","purchased_purges":2,"victory":true,"max_hp_per_floor":[71,71,64,64,64,64,64,64,64,64,64,64,64,64,64,64,64,64,64,64,64,64,64,64,64,64,64,64,64,64,64,64,64,64,64,64,64,64,61,61,61,61,61,61,61,61,61,61,61,61],"card_choices":[{"not_picked":["Coolheaded","Cold Snap"],"picked":"Capacitor","floor":1.0},{"not_picked":["Steam","Hologram"],"picked":"Sweeping Beam","floor":4},{"not_picked":["Hologram","Steam"],"picked":"Defragment","floor":6},{"not_picked":["Conserve Battery","Fusion"],"picked":"Self Repair","floor":7},{"not_picked":["Reboot","Chaos","Cold Snap"],"picked":"SKIP","floor":8},{"not_picked":["Recycle","Sweeping Beam"],"picked":"Compile Driver","floor":10},{"not_picked":["Turbo","Heatsinks"],"picked":"Leap","floor":12},{"not_picked":["Hello World","Steam","Cold Snap"],"picked":"SKIP","floor":13},{"not_picked":["Tempest","Heatsinks"],"picked":"Biased Cognition","floor":14},{"not_picked":["Amplify","Seek"],"picked":"Electrodynamics","floor":16},{"not_picked":["Gash"],"picked":"SKIP","floor":18},{"not_picked":["Chaos"],"picked":"SKIP","floor":24},{"not_picked":["Rebound"],"picked":"SKIP","floor":25},{"not_picked":["Leap"],"picked":"SKIP","floor":30},{"not_picked":["Genetic Algorithm"],"picked":"SKIP","floor":31},{"not_picked":["Redo"],"picked":"SKIP","floor":35},{"not_picked":["Reprogram"],"picked":"SKIP","floor":38},{"not_picked":[],"picked":"Hologram+1","floor":40},{"not_picked":[],"picked":"Skim+1","floor":42},{"not_picked":["Auto Shields"],"picked":"SKIP","floor":44},{"not_picked":["Compile Driver"],"picked":"SKIP","floor":46},{"not_picked":["Steam"],"picked":"SKIP","floor":47},{"not_picked":["Compile Driver"],"picked":"SKIP","floor":48}],"player_experience":840637,"relics_obtained":[{"floor":6,"key":"Girya"},{"floor":8,"key":"Mummified Hand"},{"floor":9,"key":"Ornamental Fan"},{"floor":10,"key":"Odd Mushroom"},{"floor":14,"key":"Gambling Chip"},{"floor":21,"key":"Red Mask"},{"floor":24,"key":"Pen Nib"},{"floor":26,"key":"Ancient Tea Set"},{"floor":27,"key":"Ice Cream"},{"floor":30,"key":"Letter Opener"},{"floor":43,"key":"Bottled Tornado"},{"floor":44,"key":"Juzu Bracelet"},{"floor":44,"key":"Bag of Marbles"},{"floor":48,"key":"MawBank"},{"floor":48,"key":"Darkstone Periapt"}],"event_choices":[{"damage_healed":0.0,"max_hp_gain":0.0,"max_hp_loss":7.0,"gold_gain":0.0,"event_name":"Golden Idol","player_choice":"Lose Max HP","floor":3.0,"gold_loss":0.0,"damage_taken":0.0,"relics_obtained":["Golden Idol"]},{"damage_healed":0,"gold_gain":0,"player_choice":"Fought Mushrooms","damage_taken":0,"max_hp_gain":0,"max_hp_loss":0,"event_name":"Mushrooms","floor":10,"gold_loss":0},{"damage_healed":0,"gold_gain":0,"player_choice":"Simplicity","damage_taken":0,"max_hp_gain":0,"max_hp_loss":0,"event_name":"Back to Basics","floor":19,"gold_loss":0,"cards_upgraded":["Strike_B","Strike_B","Strike_B","Strike_B","Defend_B","Defend_B","Defend_B","Defend_B"]},{"damage_healed":0,"gold_gain":0,"player_choice":"Fought Bandits","damage_taken":0,"max_hp_gain":0,"max_hp_loss":0,"event_name":"Masked Bandits","floor":21,"gold_loss":0},{"cards_removed":["Strike_B"],"damage_healed":0,"gold_gain":0,"player_choice":"Purged","damage_taken":0,"max_hp_gain":0,"max_hp_loss":0,"event_name":"Purifier","floor":22,"gold_loss":0},{"damage_healed":0,"gold_gain":222,"player_choice":"Wore Mask","damage_taken":0,"max_hp_gain":0,"max_hp_loss":0,"event_name":"Tomb of Lord Red Mask","floor":36,"gold_loss":0},{"damage_healed":0,"gold_gain":0,"player_choice":"Max HP","damage_taken":0,"max_hp_gain":0,"max_hp_loss":3,"event_name":"Winding Halls","floor":39,"gold_loss":0}],"is_beta":false,"boss_relics":[{"not_picked":["Nuclear Battery","Eternal Feather"],"picked":"Busted Crown"},{"not_picked":["Calling Bell","Philosopher\u0027s Stone"],"picked":"Black Star"}],"items_purged_floors":[20,29],"is_endless":false,"potions_floor_spawned":[1,6,13,21,30,33,42,44,47],"ascension_level":17}