{"gold_per_floor":[109,119,119,42,42,42,71,71,97,125,125,145,155,485,485,563,563,578,578,56,56,56,56,85,103,103,46,46],"floor_reached":28,"playtime":803,"items_purged":["Strike_P"],"score":605,"play_id":"0dcfc350-88e6-4903-99f7-4b3689b3b257","local_time":"20191013112535","is_ascension_mode":true,"campfire_choices":[{"data":"Eruption","floor":6.0,"key":"SMITH"},{"data":"CrushJoints","floor":8.0,"key":"SMITH"},{"data":"WheelKick","floor":11.0,"key":"SMITH"},{"data":"FlyingSleeves","floor":15.0,"key":"SMITH"},{"data":"Ragnarok","floor":23,"key":"SMITH"}],"neow_cost":"NONE","seed_source_timestamp":83358854187700,"circlet_count":0,"master_deck":["AscendersBane","Strike_P","Strike_P","Defend_P","Defend_P","Defend_P","Defend_P","Eruption+1","Vigilance","CrushJoints+1","FlyingSleeves+1","WheelKick+1","FollowUp","Protect","ThirdEye","Meditate","Indignation","Ragnarok+1","EmptyBody","InnerPeace","BowlingBash+1","Study","Necronomicurse","Consecrate+1","Adaptation","FlurryOfBlows+1"],"special_seed":0,"relics":["PureWater","NeowsBlessing","Du-Vu Doll","Akabeko","Toy Ornithopter","Blood Vial","Old Coin","Philosopher\u0027s Stone","Molten Egg 2","Necronomicon","Art of War","Letter Opener"],"potions_floor_usage":[],"damage_taken":[{"damage":0.0,"enemies":"Small Slimes","floor":1.0,"turns":1.0},{"damage":0.0,"enemies":"Cultist","floor":2.0,"turns":1.0},{"damage":0.0,"enemies":"3 Sentries","floor":7.0,"turns":1.0},{"damage":0.0,"enemies":"Gremlin Nob","floor":10.0,"turns":2.0},{"damage":0.0,"enemies":"2 Louse","floor":12.0,"turns":1.0},{"damage":4.0,"enemies":"Exordium Wildlife","floor":13.0,"turns":3.0},{"damage":0.0,"enemies":"Lagavulin","floor":14.0,"turns":4.0},{"damage":2.0,"enemies":"Hexaghost","floor":16.0,"turns":7.0},{"damage":18.0,"enemies":"3 Byrds","floor":18.0,"turns":3.0},{"damage":16,"enemies":"Gremlin Leader","floor":24,"turns":2},{"damage":4,"enemies":"2 Thieves","floor":25,"turns":2},{"damage":16,"enemies":"Book of Stabbing","floor":28,"turns":1}],"seed_played":"1234498936971969875","potions_obtained":[{"floor":2.0,"key":"EssenceOfSteel"},{"floor":13.0,"key":"Weak Potion"},{"floor":16.0,"key":"DuplicationPotion"}],"is_trial":false,"path_per_floor":["M","M","?","$","T","R","E","R","T","E","R","M","M","E","R","B",null,"M","?","$","?","?","R","E","M","T","$","E"],"character_chosen":"WATCHER","items_purchased":["WheelKick","Molten Egg 2","InnerPeace","BowlingBash+1","Study","FlurryOfBlows+1"],"campfire_rested":0,"item_purchase_floors":[4,20,20,20,20,27],"current_hp_per_floor":[61,61,61,61,61,61,61,61,61,61,61,63,61,63,63,66,68,50,50,50,50,29,29,15,13,13,13,0],"gold":46,"neow_bonus":"THREE_ENEMY_KILL","is_prod":false,"is_daily":false,"chose_seed":false,"campfire_upgraded":5,"win_rate":0,"timestamp":1570980335,"path_taken":["M","M","?","$","?","R","E","R","T","E","R","M","M","E","R","BOSS","M","?","$","?","?","R","E","M","T","?","E"],"build_version":"2019-10-11","purchased_purges":1,"victory":false,"max_hp_per_floor":[68,68,68,68,68,68,68,68,68,68,68,68,68,68,68,68,68,68,68,68,68,68,68,68,68,68,68,68],"card_choices":[{"not_picked":["ThirdEye","Halt"],"picked":"CrushJoints","floor":1.0},{"not_picked":["ThirdEye","PathToVictory"],"picked":"FlyingSleeves","floor":2.0},{"not_picked":["Fasting2","Wish"],"picked":"FollowUp","floor":7.0},{"not_picked":["FlyingSleeves","CrushJoints"],"picked":"Protect","floor":10.0},{"not_picked":["SashWhip","FollowUp"],"picked":"ThirdEye","floor":12.0},{"not_picked":["JustLucky","ThirdEye"],"picked":"Meditate","floor":13.0},{"not_picked":["Sanctity","MentalFortress"],"picked":"Indignation","floor":14.0},{"not_picked":["Brilliance","DevaForm"],"picked":"Ragnarok","floor":16.0},{"not_picked":["ClearTheMind","CutThroughFate","Crescendo"],"picked":"SKIP","floor":18},{"not_picked":["LikeWater","PathToVictory"],"picked":"Consecrate+1","floor":24},{"not_picked":["LikeWater","Alpha"],"picked":"Adaptation","floor":25}],"player_experience":1318897,"relics_obtained":[{"floor":5.0,"key":"Du-Vu Doll"},{"floor":7.0,"key":"Akabeko"},{"floor":9.0,"key":"Toy Ornithopter"},{"floor":10.0,"key":"Blood Vial"},{"floor":14.0,"key":"Old Coin"},{"floor":22,"key":"Necronomicon"},{"floor":24,"key":"Art of War"},{"floor":26,"key":"Letter Opener"}],"event_choices":[{"cards_removed":["Strike_P"],"damage_healed":0.0,"max_hp_gain":0.0,"max_hp_loss":0.0,"gold_gain":0.0,"event_name":"Bonfire Elementals","player_choice":"Offered Basic","floor":3.0,"gold_loss":0.0,"damage_taken":0.0},{"damage_healed":0,"gold_gain":0,"player_choice":"Read","damage_taken":0,"max_hp_gain":0,"max_hp_loss":0,"event_name":"The Library","floor":19,"gold_loss":0,"cards_obtained":["EmptyBody"]},{"damage_healed":0,"gold_gain":0,"player_choice":"Ignored","damage_taken":0,"max_hp_gain":0,"max_hp_loss":0,"event_name":"Ghosts","floor":21,"gold_loss":0},{"damage_healed":0,"gold_gain":0,"player_choice":"Obtained Book","damage_taken":21,"max_hp_gain":0,"max_hp_loss":0,"event_name":"Cursed Tome","floor":22,"gold_loss":0}],"is_beta":true,"boss_relics":[{"not_picked":["Black Star","Ectoplasm"],"picked":"Philosopher\u0027s Stone"}],"items_purged_floors":[20],"is_endless":false,"potions_floor_spawned":[2,13,14,16],"killed_by":"Book of Stabbing","ascension_level":17}