{"gold_per_floor":[109,34,48,64,0,0,13,0,26,26,26,57,76,106,106,182,182,198,217,132,147,164,164,192,192,192,243,243,263,277,0,0,0],"floor_reached":33,"playtime":1381,"items_purged":[],"score":529,"play_id":"d1fc32d3-070e-4d5b-bfa7-715a1cd4ab04","local_time":"20190813120749","is_ascension_mode":true,"campfire_choices":[{"data":"Sunder","floor":6,"key":"SMITH"},{"data":"Melter","floor":10,"key":"SMITH"},{"data":"Loop","floor":15,"key":"SMITH"},{"floor":23,"key":"REST"},{"floor":25,"key":"REST"},{"floor":32,"key":"REST"}],"neow_cost":"NONE","seed_source_timestamp":94960804661100,"circlet_count":0,"master_deck":["AscendersBane","Strike_B","Strike_B","Strike_B","Strike_B","Defend_B","Defend_B","Defend_B","Defend_B","Zap+1","Dualcast","Sunder+1","Undo","Leap","Ball Lightning","Melter+1","Sweeping Beam","Chill","Loop+1","Creative AI","Doom and Gloom","White Noise+1","Necronomicurse","Conserve Battery+1","Turbo"],"relics":["Cracked Core","Bag of Preparation","Anchor","Potion Belt","Happy Flower","Snecko Eye","Orichalcum","Blood Vial","Letter Opener","Bronze Scales","Necronomicon"],"potions_floor_usage":[12,12,12,14,16,16],"damage_taken":[{"damage":6,"enemies":"Jaw Worm","floor":1,"turns":4},{"damage":0,"enemies":"Cultist","floor":3,"turns":3},{"damage":0,"enemies":"2 Louse","floor":4,"turns":2},{"damage":1,"enemies":"Looter","floor":7,"turns":2},{"damage":0,"enemies":"Gremlin Nob","floor":12,"turns":2},{"damage":6,"enemies":"Exordium Thugs","floor":13,"turns":3},{"damage":11,"enemies":"Lagavulin","floor":14,"turns":5},{"damage":6,"enemies":"The Guardian","floor":16,"turns":8},{"damage":17,"enemies":"Shell Parasite","floor":18,"turns":5},{"damage":0,"enemies":"Chosen","floor":19,"turns":6},{"damage":16,"enemies":"Shelled Parasite and Fungi","floor":21,"turns":4},{"damage":0,"enemies":"Snecko","floor":22,"turns":3},{"damage":47,"enemies":"Book of Stabbing","floor":24,"turns":6},{"damage":5,"enemies":"Centurion and Healer","floor":29,"turns":5},{"damage":0,"enemies":"Snake Plant","floor":30,"turns":2},{"damage":47,"enemies":"Collector","floor":33,"turns":5}],"seed_played":"465977925802829465","potions_obtained":[{"floor":1,"key":"AttackPotion"},{"floor":7,"key":"EntropicBrew"},{"floor":12,"key":"FocusPotion"},{"floor":14,"key":"PowerPotion"},{"floor":18,"key":"Dexterity Potion"},{"floor":22,"key":"FairyPotion"}],"is_trial":false,"path_per_floor":["M","$","M","M","?","R","M","?","T","R","?","E","M","E","R","B",null,"M","M","?","M","M","R","E","R","T","T","?","M","M","?","R","B"],"character_chosen":"DEFECT","items_purchased":["Undo"],"campfire_rested":3,"item_purchase_floors":[2],"current_hp_per_floor":[58,58,58,58,58,58,57,57,57,57,57,57,51,40,40,34,62,45,45,45,29,29,50,3,24,24,24,3,7,9,9,30,0],"gold":0,"neow_bonus":"UPGRADE_CARD","is_prod":false,"is_daily":false,"chose_seed":false,"campfire_upgraded":3,"win_rate":0,"timestamp":1565712469,"path_taken":["M","$","M","M","?","R","?","?","T","R","?","E","M","E","R","BOSS","M","M","?","M","M","R","E","R","T","?","?","?","M","?","R","BOSS"],"build_version":"2019-07-17","purchased_purges":0,"victory":false,"max_hp_per_floor":[71,71,71,71,71,71,71,71,71,71,71,71,71,71,71,71,71,71,71,71,71,71,71,71,71,71,71,71,71,71,71,71,71],"card_choices":[{"not_picked":["Ball Lightning","Gash"],"picked":"Sunder","floor":1},{"not_picked":["Aggregate","Steam"],"picked":"Leap","floor":3},{"not_picked":["Sunder","Tempest"],"picked":"Ball Lightning","floor":4},{"not_picked":["Ball Lightning","Streamline"],"picked":"Melter","floor":7},{"not_picked":["Steam","Amplify"],"picked":"Sweeping Beam","floor":12},{"not_picked":["Lockon","Aggregate"],"picked":"Chill","floor":13},{"not_picked":["Redo","Scrape"],"picked":"Loop","floor":14},{"not_picked":["Rainbow","All For One"],"picked":"Creative AI","floor":16},{"not_picked":["Cold Snap","Beam Cell","Scrape"],"picked":"SKIP","floor":18},{"not_picked":["Compile Driver","Steam"],"picked":"Doom and Gloom","floor":19},{"not_picked":["Fusion","Heatsinks"],"picked":"White Noise+1","floor":21},{"not_picked":["Go for the Eyes","Chill","Barrage"],"picked":"SKIP","floor":22},{"not_picked":["Steam","Steam Power","Double Energy"],"picked":"SKIP","floor":24},{"not_picked":["Gash+1","Hello World+1"],"picked":"Conserve Battery+1","floor":29},{"not_picked":["Coolheaded","Gash"],"picked":"Turbo","floor":30}],"player_experience":717433,"relics_obtained":[{"floor":9,"key":"Anchor"},{"floor":12,"key":"Potion Belt"},{"floor":14,"key":"Happy Flower"},{"floor":24,"key":"Blood Vial"},{"floor":26,"key":"Letter Opener"},{"floor":27,"key":"Bronze Scales"},{"floor":28,"key":"Necronomicon"}],"event_choices":[{"damage_healed":0,"gold_gain":0,"player_choice":"Paid Gold","damage_taken":0,"relics_obtained":["Bag of Preparation"],"max_hp_gain":0,"max_hp_loss":0,"event_name":"WeMeetAgain","floor":5,"gold_loss":64},{"damage_healed":0,"gold_gain":0,"player_choice":"Left Gold","damage_taken":0,"max_hp_gain":0,"max_hp_loss":0,"event_name":"World of Goop","floor":8,"gold_loss":13},{"damage_healed":0,"gold_gain":0,"player_choice":"Ignored","damage_taken":0,"max_hp_gain":0,"max_hp_loss":0,"event_name":"Shining Light","floor":11,"gold_loss":0},{"damage_healed":0,"gold_gain":0,"player_choice":"Obtained Relic","damage_taken":0,"relics_obtained":["Orichalcum"],"max_hp_gain":0,"max_hp_loss":0,"event_name":"Addict","floor":20,"gold_loss":85},{"damage_healed":0,"gold_gain":0,"player_choice":"Obtained Book","damage_taken":21,"max_hp_gain":0,"max_hp_loss":0,"event_name":"Cursed Tome","floor":28,"gold_loss":0},{"damage_healed":0,"gold_gain":0,"player_choice":"Paid Fearfully","damage_taken":0,"max_hp_gain":0,"max_hp_loss":0,"event_name":"Masked Bandits","floor":31,"gold_loss":277}],"is_beta":false,"boss_relics":[{"not_picked":["Tiny House","Runic Dome"],"picked":"Snecko Eye"}],"items_purged_floors":[],"is_endless":false,"potions_floor_spawned":[1,7,12,14,18,22],"killed_by":"Collector","ascension_level":15}