{"gold_per_floor":[115,115,13,13,32,67,88,121,146,146,44,77,100,139,139,269,269,259,284,127,140,140,140,165,200,200,100,100,140,140,151,151,256,256,272,99,0,0,10,45,45,78,102,102,118,131,131,166,166,166],"floor_reached":51,"playtime":3070,"items_purged":["Strike_P","Pain","Strike_P"],"score":1252,"play_id":"cd34d9c1-d040-4749-80b1-50df6119ea4d","local_time":"20191009171540","is_ascension_mode":true,"campfire_choices":[{"floor":10.0,"key":"REST"},{"data":"TalkToTheHand","floor":15.0,"key":"SMITH"},{"floor":23.0,"key":"REST"},{"data":"Eruption","floor":32.0,"key":"SMITH"},{"data":"Wireheading","floor":41,"key":"SMITH"},{"data":"LikeWater","floor":44,"key":"SMITH"},{"data":"Ragnarok","floor":47,"key":"SMITH"},{"data":"Nirvana","floor":49,"key":"SMITH"}],"neow_cost":"NONE","seed_source_timestamp":0,"circlet_count":0,"master_deck":["AscendersBane","Defend_P","Defend_P","Defend_P","Defend_P","Eruption+1","Vigilance","FlurryOfBlows","ReachHeaven","Nirvana+1","Wireheading+1","SashWhip","JustLucky","TalkToTheHand+1","Wallop","LikeWater+1","Ragnarok+1","CutThroughFate+1","Consecrate+1","Bandage Up","InnerPeace","Study+1","Ghostly","Ghostly","Ghostly","Ghostly","Ghostly","Judgement","ClearTheMind+1","Weave+1","Crescendo+1","CutThroughFate+1"],"special_seed":0,"relics":["PureWater","NeowsBlessing","Bronze Scales","Bloody Idol","Toy Ornithopter","Orichalcum","Regal Pillow","Singing Bowl","Dream Catcher","Empty Cage","WarpedTongs","Strawberry","Turnip","Shuriken","Philosopher\u0027s Stone","Red Mask","Pen Nib","Vajra","Akabeko","Mummified Hand"],"potions_floor_usage":[42,50],"damage_taken":[{"damage":0.0,"enemies":"Jaw Worm","floor":1.0,"turns":1.0},{"damage":0.0,"enemies":"2 Louse","floor":5.0,"turns":1.0},{"damage":0.0,"enemies":"Gremlin Nob","floor":6.0,"turns":1.0},{"damage":6.0,"enemies":"Cultist","floor":7.0,"turns":5.0},{"damage":17.0,"enemies":"Lagavulin","floor":8.0,"turns":6.0},{"damage":30.0,"enemies":"Gremlin Nob","floor":12.0,"turns":3.0},{"damage":13.0,"enemies":"3 Louse","floor":13.0,"turns":4.0},{"damage":1.0,"enemies":"Lagavulin","floor":14.0,"turns":8.0},{"damage":13.0,"enemies":"Hexaghost","floor":16.0,"turns":6.0},{"damage":28.0,"enemies":"2 Thieves","floor":18.0,"turns":4.0},{"damage":7.0,"enemies":"Spheric Guardian","floor":19.0,"turns":5.0},{"damage":12.0,"enemies":"Centurion and Healer","floor":21.0,"turns":5.0},{"damage":21.0,"enemies":"Snake Plant","floor":24.0,"turns":4.0},{"damage":20.0,"enemies":"Gremlin Leader","floor":25.0,"turns":6.0},{"damage":9.0,"enemies":"Book of Stabbing","floor":29.0,"turns":7.0},{"damage":9.0,"enemies":"Shelled Parasite and Fungi","floor":31.0,"turns":8.0},{"damage":28.0,"enemies":"Automaton","floor":33.0,"turns":9.0},{"damage":0,"enemies":"3 Darklings","floor":35,"turns":3},{"damage":0,"enemies":"Orb Walker","floor":39,"turns":3},{"damage":10,"enemies":"Giant Head","floor":40,"turns":7},{"damage":11,"enemies":"Nemesis","floor":42,"turns":9},{"damage":0,"enemies":"Writhing Mass","floor":45,"turns":4},{"damage":1,"enemies":"Spire Growth","floor":46,"turns":5},{"damage":9,"enemies":"Giant Head","floor":48,"turns":9},{"damage":9,"enemies":"Awakened One","floor":50,"turns":7}],"seed_played":"-232316030200509153","potions_obtained":[{"floor":1.0,"key":"DuplicationPotion"},{"floor":6.0,"key":"Strength Potion"},{"floor":12.0,"key":"PowerPotion"},{"floor":16.0,"key":"GamblersBrew"},{"floor":18.0,"key":"DuplicationPotion"},{"floor":21.0,"key":"PowerPotion"},{"floor":24.0,"key":"Explosive Potion"},{"floor":25.0,"key":"SkillPotion"},{"floor":40,"key":"PowerPotion"},{"floor":46,"key":"Swift Potion"}],"is_trial":false,"path_per_floor":["M","?","$","?","M","E","M","E","T","R","$","E","M","E","R","B",null,"M","M","$","M","?","R","M","E","T","$","?","E","?","M","R","B",null,"M","$","?","?","M","E","R","E","T","R","M","M","R","E","R","B",null],"character_chosen":"WATCHER","items_purchased":["ReachHeaven","Nirvana","TalkToTheHand","Wallop","Bandage Up","Swift Potion"],"campfire_rested":2,"item_purchase_floors":[3,3,11,11,20,36],"current_hp_per_floor":[65,40,40,40,40,40,34,17,17,52,52,29,16,17,17,14,57,29,27,27,19,19,57,43,44,44,44,41,34,34,36,36,17,38,45,45,45,47,47,44,44,47,49,49,51,51,51,51,51,46],"gold":166,"neow_bonus":"THREE_ENEMY_KILL","is_prod":false,"is_daily":false,"chose_seed":false,"campfire_upgraded":6,"win_rate":0,"timestamp":1570655740,"path_taken":["M","?","$","?","M","E","M","E","T","R","?","E","M","E","R","BOSS","M","M","$","M","?","R","?","E","T","$","?","E","?","M","R","BOSS","M","$","?","?","?","E","R","E","T","R","M","M","R","E","R","BOSS"],"build_version":"2019-10-09","purchased_purges":3,"victory":true,"max_hp_per_floor":[72,72,72,67,67,67,67,67,67,67,67,69,69,71,71,71,71,71,71,71,71,71,73,75,82,82,82,41,43,43,45,45,45,45,47,47,47,47,47,49,49,49,49,49,51,51,51,51,51,51],"card_choices":[{"not_picked":["Meditate","Prostrate"],"picked":"FlurryOfBlows","floor":1.0},{"not_picked":["Perseverance","Evaluate"],"picked":"Wireheading","floor":5.0},{"not_picked":["FlyingSleeves","EmptyFist"],"picked":"SashWhip","floor":6.0},{"not_picked":["ClearTheMind","CrushJoints"],"picked":"JustLucky","floor":7.0},{"not_picked":["SpiritShield","Crescendo"],"picked":"SandsOfTime","floor":8.0},{"not_picked":["EmptyFist","FlyingSleeves","Perseverance"],"picked":"Singing Bowl","floor":12.0},{"not_picked":["MentalFortress","Scrawl"],"picked":"LikeWater","floor":13.0},{"not_picked":["BowlingBash","Devotion","WaveOfTheHand"],"picked":"Singing Bowl","floor":14.0},{"not_picked":["ConjureBlade","Devotion"],"picked":"Ragnarok","floor":16.0},{"not_picked":["Meditate","Protect"],"picked":"CutThroughFate+1","floor":18.0},{"not_picked":["FlurryOfBlows","Sanctity"],"picked":"Consecrate+1","floor":19.0},{"not_picked":["FollowUp","TalkToTheHand"],"picked":"InnerPeace","floor":21.0},{"not_picked":["EmptyFist","Prostrate","DevaForm"],"picked":"Singing Bowl","floor":23.0},{"not_picked":["MentalFortress+1","CarveReality","Sanctity"],"picked":"Singing Bowl","floor":24.0},{"not_picked":["BowlingBash","ClearTheMind"],"picked":"Study+1","floor":25.0},{"not_picked":["WaveOfTheHand","Sanctity","BattleHymn+1"],"picked":"Singing Bowl","floor":29.0},{"not_picked":["Sanctity","Protect","FlyingSleeves+1"],"picked":"Singing Bowl","floor":31.0},{"not_picked":["Wish","Establishment"],"picked":"Judgement","floor":33.0},{"not_picked":["SashWhip","WreathOfFlame","Sanctity+1"],"picked":"Singing Bowl","floor":35},{"not_picked":["WindmillStrike","Halt"],"picked":"ClearTheMind+1","floor":39},{"not_picked":["EmptyBody","ThirdEye","BattleHymn"],"picked":"Singing Bowl","floor":40},{"not_picked":["BowlingBash+1","FollowUp+1"],"picked":"Weave+1","floor":42},{"not_picked":["FollowUp","PathToVictory+1","SandsOfTime"],"picked":"Singing Bowl","floor":45},{"not_picked":["Devotion","DeceiveReality"],"picked":"Crescendo+1","floor":46},{"not_picked":["Fasting2+1","PathToVictory+1"],"picked":"CutThroughFate+1","floor":48}],"player_experience":1262031,"relics_obtained":[{"floor":6.0,"key":"Toy Ornithopter"},{"floor":8.0,"key":"Orichalcum"},{"floor":9.0,"key":"Regal Pillow"},{"floor":12.0,"key":"Singing Bowl"},{"floor":14.0,"key":"Dream Catcher"},{"floor":25.0,"key":"Strawberry"},{"floor":26.0,"key":"Turnip"},{"floor":29.0,"key":"Shuriken"},{"floor":40,"key":"Pen Nib"},{"floor":42,"key":"Vajra"},{"floor":43,"key":"Akabeko"},{"floor":48,"key":"Mummified Hand"}],"event_choices":[{"damage_healed":0.0,"max_hp_gain":0.0,"max_hp_loss":0.0,"gold_gain":0.0,"event_name":"Scrap Ooze","player_choice":"Success","floor":2.0,"gold_loss":0.0,"damage_taken":25.0,"relics_obtained":["Bronze Scales"]},{"damage_healed":0.0,"max_hp_gain":0.0,"max_hp_loss":5.0,"gold_gain":0.0,"event_name":"Golden Idol","player_choice":"Lose Max HP","floor":4.0,"gold_loss":0.0,"damage_taken":0.0,"relics_obtained":["Golden Idol"]},{"damage_healed":0.0,"max_hp_gain":0.0,"max_hp_loss":0.0,"gold_gain":0.0,"event_name":"Accursed Blacksmith","player_choice":"Rummage","floor":22.0,"gold_loss":0.0,"damage_taken":0.0,"relics_obtained":["WarpedTongs"],"cards_obtained":["Pain"]},{"damage_healed":0.0,"max_hp_gain":0.0,"max_hp_loss":41.0,"gold_gain":0.0,"event_name":"Ghosts","player_choice":"Became a Ghost","floor":28.0,"gold_loss":0.0,"damage_taken":0.0,"cards_obtained":["Ghostly","Ghostly","Ghostly","Ghostly","Ghostly"]},{"damage_healed":0.0,"max_hp_gain":0.0,"max_hp_loss":0.0,"gold_gain":0.0,"event_name":"Forgotten Altar","player_choice":"Gave Idol","floor":30.0,"relics_lost":["Golden Idol"],"gold_loss":0.0,"damage_taken":0.0,"relics_obtained":["Bloody Idol"]},{"damage_healed":0,"gold_gain":0,"player_choice":"Paid","damage_taken":0,"relics_obtained":["Red Mask"],"max_hp_gain":0,"max_hp_loss":0,"event_name":"Tomb of Lord Red Mask","floor":37,"gold_loss":99},{"cards_removed":["SandsOfTime"],"damage_healed":2,"gold_gain":0,"player_choice":"Offered Uncommon","damage_taken":0,"max_hp_gain":0,"max_hp_loss":0,"event_name":"Bonfire Elementals","floor":38,"gold_loss":0}],"is_beta":true,"boss_relics":[{"not_picked":["Black Star","Snecko Eye"],"picked":"Empty Cage"},{"not_picked":["Tiny House","Sozu"],"picked":"Philosopher\u0027s Stone"}],"items_purged_floors":[20,27,36],"is_endless":false,"potions_floor_spawned":[1,6,12,16,18,21,24,25,40,46],"ascension_level":10}