{"gold_per_floor":[118,131,131,406,16,51,51,69,121,132,132,214,226,252,252,348,348,368,368,368,382,400,400,434,445,445,196,215,215,232,265,265,368,368,378,478,700,719,732,732,744,773,773,773,785,321,321,72,72,72],"floor_reached":51,"playtime":2556,"items_purged":["Regret","Strike_B","Sweeping Beam+1","Defend_B"],"score":1013,"play_id":"784514fb-7c39-4670-af06-ba4036840b3c","local_time":"20191023145229","is_ascension_mode":true,"campfire_choices":[{"data":"Strike_B","floor":7,"key":"PURGE"},{"data":"Loop","floor":11,"key":"SMITH"},{"data":"Stack","floor":15,"key":"SMITH"},{"data":"Zap","floor":23,"key":"SMITH"},{"data":"Tempest","floor":29,"key":"SMITH"},{"data":"Dualcast","floor":32,"key":"PURGE"},{"floor":40,"key":"DIG"},{"floor":44,"key":"DIG"},{"data":"Force Field","floor":49,"key":"SMITH"}],"neow_cost":"TEN_PERCENT_HP_LOSS","seed_source_timestamp":82737863176600,"circlet_count":0,"master_deck":["Defend_B","Defend_B","Zap+1","Lockon+1","Ball Lightning+1","Stack+1","Loop+1","Buffer+1","Go for the Eyes+1","Echo Form+1","Genetic Algorithm+1","Self Repair+1","Tempest+1","Storm+1","Auto Shields","Electrodynamics+1","Conserve Battery+1","Loop+1","Buffer+1","Heatsinks+1","Leap","Force Field+1","White Noise","Heatsinks+1","Panache+1"],"relics":["Cracked Core","Peace Pipe","PreservedInsect","Thread and Needle","Regal Pillow","DataDisk","Molten Egg 2","Frozen Egg 2","Velvet Choker","Red Mask","Question Card","Bag of Preparation","Strawberry","Inserter","Shovel","Whetstone","Calipers","Mummified Hand","Unceasing Top","Membership Card","Anchor","Ancient Tea Set"],"potions_floor_usage":[10,14,16,22,22,24,24,36,50,50,50],"damage_taken":[{"damage":1,"enemies":"Cultist","floor":1,"turns":3},{"damage":8,"enemies":"Jaw Worm","floor":2,"turns":4},{"damage":9,"enemies":"Gremlin Nob","floor":6,"turns":3},{"damage":0,"enemies":"2 Louse","floor":8,"turns":3},{"damage":4,"enemies":"Large Slime","floor":10,"turns":4},{"damage":0,"enemies":"2 Fungi Beasts","floor":13,"turns":2},{"damage":10,"enemies":"3 Sentries","floor":14,"turns":3},{"damage":0,"enemies":"Slime Boss","floor":16,"turns":6},{"damage":3,"enemies":"Shell Parasite","floor":18,"turns":4},{"damage":0,"enemies":"2 Thieves","floor":21,"turns":4},{"damage":15,"enemies":"Snake Plant","floor":22,"turns":4},{"damage":50,"enemies":"Masked Bandits","floor":24,"turns":5},{"damage":0,"enemies":"Cultist and Chosen","floor":25,"turns":6},{"damage":0,"enemies":"Sentry and Sphere","floor":28,"turns":5},{"damage":14,"enemies":"Snake Plant","floor":30,"turns":4},{"damage":10,"enemies":"Gremlin Leader","floor":31,"turns":5},{"damage":10,"enemies":"Champ","floor":33,"turns":8},{"damage":0,"enemies":"Orb Walker","floor":35,"turns":4},{"damage":0,"enemies":"Mind Bloom Boss Battle","floor":36,"turns":7},{"damage":0,"enemies":"3 Shapes","floor":38,"turns":2},{"damage":2,"enemies":"Sphere and 2 Shapes","floor":39,"turns":3},{"damage":0,"enemies":"Jaw Worm Horde","floor":41,"turns":2},{"damage":0,"enemies":"Giant Head","floor":42,"turns":6},{"damage":0,"enemies":"4 Shapes","floor":45,"turns":1},{"damage":0,"enemies":"Awakened One","floor":50,"turns":7}],"seed_played":"3146927642051772410","potions_obtained":[{"floor":1,"key":"FocusPotion"},{"floor":6,"key":"Energy Potion"},{"floor":8,"key":"Energy Potion"},{"floor":21,"key":"EntropicBrew"},{"floor":22,"key":"Regen Potion"},{"floor":25,"key":"Weak Potion"},{"floor":30,"key":"EssenceOfSteel"},{"floor":38,"key":"Strength Potion"},{"floor":45,"key":"FocusPotion"}],"is_trial":false,"path_per_floor":["M","M","T","?","$","E","R","M","T","M","R","T","M","E","R","B",null,"M","?","?","M","M","R","?","M","T","$","M","R","M","E","R","B",null,"M","?","?","M","M","R","M","E","T","R","M","$","?","$","R","B",null],"character_chosen":"DEFECT","items_purchased":["Thread and Needle","Bag of Preparation","Membership Card","Heatsinks+1","Anchor","Ancient Tea Set","Leap","Force Field","White Noise","Heatsinks+1","Panache+1"],"campfire_rested":0,"item_purchase_floors":[5,27,46,46,46,46,46,48,48,48,48],"current_hp_per_floor":[67,59,59,59,59,50,50,50,50,46,46,46,46,36,36,36,68,65,65,65,65,50,50,39,59,59,59,68,68,64,71,71,71,75,75,75,75,75,75,75,75,75,75,75,75,75,75,75,75,75],"gold":72,"neow_bonus":"ONE_RARE_RELIC","is_prod":false,"is_daily":false,"chose_seed":false,"campfire_upgraded":5,"win_rate":0,"timestamp":1571856749,"path_taken":["M","M","?","?","$","E","R","M","T","?","R","?","?","E","R","BOSS","M","?","?","M","M","R","?","M","T","$","M","R","M","E","R","BOSS","M","?","?","M","M","R","M","E","T","R","M","$","?","$","R","BOSS"],"build_version":"2019-07-17","purchased_purges":4,"victory":true,"max_hp_per_floor":[68,68,68,68,68,68,68,68,68,68,68,68,68,68,68,68,68,68,68,68,68,68,68,68,68,68,68,68,68,68,75,75,75,75,75,75,75,75,75,75,75,75,75,75,75,75,75,75,75,75],"card_choices":[{"not_picked":["Hologram","Compile Driver"],"picked":"Lockon","floor":1},{"not_picked":["Streamline","Steam Power"],"picked":"Ball Lightning","floor":2},{"not_picked":["Cold Snap","Ball Lightning"],"picked":"Stack","floor":6},{"not_picked":["Compile Driver","Chaos"],"picked":"Loop","floor":8},{"not_picked":["Static Discharge","Go for the Eyes","Rebound"],"picked":"SKIP","floor":10},{"not_picked":["Turbo","Steam","Sunder+1"],"picked":"SKIP","floor":13},{"not_picked":["Sweeping Beam+1","Blizzard+1","Redo"],"picked":"SKIP","floor":14},{"not_picked":["Meteor Strike+1","Machine Learning+1"],"picked":"Buffer+1","floor":16},{"not_picked":["Redo","Chill"],"picked":"Go for the Eyes+1","floor":18},{"not_picked":["Scrape+1","Leap+1"],"picked":"Genetic Algorithm+1","floor":21},{"not_picked":["Redo+1","Scrape+1"],"picked":"Self Repair+1","floor":22},{"not_picked":["Barrage+1","Gash+1"],"picked":"Tempest","floor":24},{"not_picked":["Beam Cell+1","Leap","Reinforced Body"],"picked":"SKIP","floor":25},{"not_picked":["Reboot","Loop+1","Barrage+1"],"picked":"Storm+1","floor":28},{"not_picked":["Go for the Eyes+1","Consume+1","Sweeping Beam+1"],"picked":"Auto Shields","floor":30},{"not_picked":["Blizzard+1","Hyperbeam+1","Rip and Tear+1","Coolheaded"],"picked":"SKIP","floor":31},{"not_picked":["Amplify","Reboot","Machine Learning+1"],"picked":"Electrodynamics+1","floor":33},{"not_picked":["Scrape+1","Cold Snap+1","Sweeping Beam+1"],"picked":"Conserve Battery+1","floor":35},{"not_picked":["Barrage+1","Redo","Creative AI+1","Sweeping Beam+1"],"picked":"SKIP","floor":38},{"not_picked":["Barrage+1","Redo","Creative AI+1","Sweeping Beam+1"],"picked":"SKIP","floor":38},{"not_picked":["Barrage+1","Steam+1","Streamline+1"],"picked":"Loop+1","floor":39},{"not_picked":["Double Energy","Gash+1","Hologram","Steam Power"],"picked":"SKIP","floor":41},{"not_picked":["Conserve Battery","Hologram+1","Doom and Gloom+1","Sweeping Beam+1"],"picked":"SKIP","floor":42},{"not_picked":["Ball Lightning+1","Chaos+1","Glacier"],"picked":"Buffer+1","floor":45}],"player_experience":181228,"relics_obtained":[{"floor":3,"key":"PreservedInsect"},{"floor":6,"key":"Regal Pillow"},{"floor":9,"key":"DataDisk"},{"floor":12,"key":"Molten Egg 2"},{"floor":14,"key":"Frozen Egg 2"},{"floor":24,"key":"Red Mask"},{"floor":26,"key":"Question Card"},{"floor":31,"key":"Strawberry"},{"floor":36,"key":"Shovel"},{"floor":40,"key":"Whetstone"},{"floor":42,"key":"Calipers"},{"floor":43,"key":"Mummified Hand"},{"floor":44,"key":"Unceasing Top"}],"event_choices":[{"damage_healed":0,"gold_gain":275,"player_choice":"Desecrate","damage_taken":0,"max_hp_gain":0,"max_hp_loss":0,"event_name":"Golden Shrine","floor":4,"gold_loss":0,"cards_obtained":["Regret"]},{"damage_healed":0,"gold_gain":0,"player_choice":"Ignored","damage_taken":0,"max_hp_gain":0,"max_hp_loss":0,"event_name":"Vampires","floor":19,"gold_loss":0},{"damage_healed":0,"gold_gain":0,"cards_transformed":["Strike_B","Strike_B"],"player_choice":"Became Test Subject","damage_taken":0,"max_hp_gain":0,"max_hp_loss":0,"event_name":"Drug Dealer","floor":20,"gold_loss":0,"cards_obtained":["Echo Form","Sweeping Beam"]},{"damage_healed":0,"gold_gain":0,"player_choice":"Fought Bandits","damage_taken":0,"max_hp_gain":0,"max_hp_loss":0,"event_name":"Masked Bandits","floor":24,"gold_loss":0},{"damage_healed":0,"gold_gain":0,"player_choice":"Fight","damage_taken":0,"max_hp_gain":0,"max_hp_loss":0,"event_name":"MindBloom","floor":36,"gold_loss":0},{"damage_healed":0,"gold_gain":222,"player_choice":"Wore Mask","damage_taken":0,"max_hp_gain":0,"max_hp_loss":0,"event_name":"Tomb of Lord Red Mask","floor":37,"gold_loss":0},{"cards_removed":["Defend_B"],"damage_healed":0,"gold_gain":0,"player_choice":"Removed Skill","damage_taken":0,"max_hp_gain":0,"max_hp_loss":0,"event_name":"Falling","floor":47,"gold_loss":0}],"is_beta":false,"boss_relics":[{"not_picked":["Runic Pyramid","Ectoplasm"],"picked":"Velvet Choker"},{"not_picked":["Tiny House","White Beast Statue"],"picked":"Inserter"}],"items_purged_floors":[5,27,46,48],"is_endless":false,"potions_floor_spawned":[1,6,8,21,22,25,30,35,38,41,45],"ascension_level":4}