{"gold_per_floor":[113,131,131,145,158,158,493,493,570,570,582,337,357,7,7,81,81,98,98,115,115,135,135,165,165,243,269,287,257,268,282,282,360,360,372,372,392,402,421,421,421,521,572,302,330,330,360,360,360,360],"floor_reached":51,"playtime":3121,"items_purged":["Strike_B","Strike_B","Consume"],"score":1497,"play_id":"01a955f8-4148-44b7-922d-987bdeddd16d","local_time":"20190812193249","is_ascension_mode":true,"campfire_choices":[{"data":"Zap","floor":6,"key":"SMITH"},{"data":"Sunder","floor":8,"key":"SMITH"},{"data":"Sweeping Beam","floor":10,"key":"SMITH"},{"data":"Defragment","floor":15,"key":"SMITH"},{"data":"Buffer","floor":23,"key":"SMITH"},{"data":"Reinforced Body","floor":25,"key":"SMITH"},{"floor":32,"key":"REST"},{"data":"White Noise","floor":40,"key":"SMITH"},{"data":"Blizzard","floor":46,"key":"SMITH"},{"data":"Panache","floor":49,"key":"SMITH"}],"neow_cost":"NONE","seed_source_timestamp":33509339748799,"circlet_count":0,"master_deck":["AscendersBane","Defend_B","Defend_B","Defend_B+1","Zap+1","Dualcast+1","Leap","Rip and Tear","Sweeping Beam+1","Ball Lightning","Sunder+1","Defragment+1","Self Repair","White Noise+1","Cold Snap","Buffer+1","Compile Driver","Blizzard+1","Chaos+1","Coolheaded","Reinforced Body+1","Thunder Strike","Turbo+1","Coolheaded+1","Seek","Panache+1","Panacea"],"relics":["Cracked Core","Bag of Preparation","Old Coin","Blue Candle","Pear","Velvet Choker","Potion Belt","Singing Bowl","PreservedInsect","Runic Pyramid","Unceasing Top","Strawberry","War Paint","Happy Flower","Smiling Mask"],"potions_floor_usage":[5,7,13,16,16,18,24,30,31,33,35,39,50,50,50],"damage_taken":[{"damage":1,"enemies":"Cultist","floor":1,"turns":3},{"damage":0,"enemies":"Small Slimes","floor":2,"turns":3},{"damage":3,"enemies":"Jaw Worm","floor":4,"turns":3},{"damage":8,"enemies":"Large Slime","floor":5,"turns":3},{"damage":6,"enemies":"3 Sentries","floor":7,"turns":5},{"damage":0,"enemies":"Red Slaver","floor":11,"turns":2},{"damage":1,"enemies":"Looter","floor":13,"turns":3},{"damage":0,"enemies":"Slime Boss","floor":16,"turns":7},{"damage":11,"enemies":"3 Byrds","floor":18,"turns":4},{"damage":1,"enemies":"Spheric Guardian","floor":20,"turns":5},{"damage":3,"enemies":"Cultist and Chosen","floor":22,"turns":4},{"damage":27,"enemies":"Gremlin Leader","floor":24,"turns":5},{"damage":22,"enemies":"Book of Stabbing","floor":27,"turns":8},{"damage":12,"enemies":"Shelled Parasite and Fungi","floor":28,"turns":7},{"damage":0,"enemies":"Centurion and Healer","floor":30,"turns":5},{"damage":15,"enemies":"Snake Plant","floor":31,"turns":5},{"damage":0,"enemies":"Champ","floor":33,"turns":15},{"damage":1,"enemies":"3 Darklings","floor":35,"turns":5},{"damage":0,"enemies":"Orb Walker","floor":37,"turns":4},{"damage":37,"enemies":"Jaw Worm Horde","floor":38,"turns":4},{"damage":6,"enemies":"Maw","floor":39,"turns":9},{"damage":0,"enemies":"Mind Bloom Boss Battle","floor":42,"turns":7},{"damage":4,"enemies":"Nemesis","floor":45,"turns":5},{"damage":0,"enemies":"Reptomancer","floor":47,"turns":7},{"damage":57,"enemies":"Donu and Deca","floor":50,"turns":12}],"seed_played":"-5918460158722182193","potions_obtained":[{"floor":3,"key":"EntropicBrew"},{"floor":3,"key":"Explosive Potion"},{"floor":5,"key":"PowerPotion"},{"floor":7,"key":"GamblersBrew"},{"floor":13,"key":"Regen Potion"},{"floor":16,"key":"Fire Potion"},{"floor":18,"key":"Ancient Potion"},{"floor":28,"key":"Energy Potion"},{"floor":29,"key":"Fire Potion"},{"floor":29,"key":"Weak Potion"},{"floor":30,"key":"Energy Potion"},{"floor":33,"key":"GamblersBrew"},{"floor":35,"key":"PowerPotion"},{"floor":39,"key":"Swift Potion"},{"floor":42,"key":"FearPotion"}],"is_trial":false,"path_per_floor":["M","M","?","M","M","R","E","R","T","R","M","$","M","$","R","B",null,"M","?","M","?","M","R","E","R","T","E","M","?","M","M","R","B",null,"M","?","M","M","M","R","?","?","T","$","E","R","E","?","R","B",null],"character_chosen":"DEFECT","items_purchased":["Self Repair","White Noise","Cold Snap","Pear","War Paint"],"campfire_rested":1,"item_purchase_floors":[12,12,12,14,44],"current_hp_per_floor":[63,63,63,60,52,52,46,46,46,46,46,46,45,55,55,77,80,69,69,75,60,57,57,37,37,37,24,21,21,37,24,52,59,85,91,91,96,68,69,69,69,78,85,85,88,88,97,89,89,39],"gold":360,"neow_bonus":"RANDOM_COMMON_RELIC","is_prod":false,"is_daily":false,"chose_seed":false,"campfire_upgraded":9,"win_rate":0,"timestamp":1565652769,"path_taken":["M","?","?","?","M","R","E","R","T","R","M","$","M","$","R","BOSS","M","?","M","?","M","R","E","R","T","E","M","?","?","M","R","BOSS","M","?","M","?","M","R","?","?","T","$","E","R","E","?","R","BOSS"],"build_version":"2019-07-17","purchased_purges":3,"victory":true,"max_hp_per_floor":[71,71,71,71,71,71,71,71,71,71,71,71,71,81,81,81,81,81,81,81,86,86,86,86,86,86,88,90,90,92,94,94,94,94,94,94,96,98,98,98,98,100,107,107,107,107,109,111,111,111],"card_choices":[{"not_picked":["Coolheaded","Cold Snap"],"picked":"Leap","floor":1},{"not_picked":["Auto Shields","Stack"],"picked":"Rip and Tear","floor":2},{"not_picked":["Leap","Redo"],"picked":"Sweeping Beam","floor":4},{"not_picked":["Conserve Battery","Gash"],"picked":"Ball Lightning","floor":5},{"not_picked":["Recycle","Hello World"],"picked":"Sunder","floor":7},{"not_picked":["Beam Cell","Coolheaded"],"picked":"Defragment","floor":11},{"not_picked":["Force Field","Fusion","Lockon"],"picked":"SKIP","floor":13},{"not_picked":["Amplify","Rainbow"],"picked":"Buffer","floor":16},{"not_picked":["Hologram","BootSequence"],"picked":"Compile Driver","floor":18},{"not_picked":["Undo","Beam Cell"],"picked":"Chaos+1","floor":20},{"not_picked":["Go for the Eyes","Rebound"],"picked":"Coolheaded","floor":22},{"not_picked":["Undo","Streamline"],"picked":"Reinforced Body","floor":24},{"not_picked":["Turbo","Coolheaded","Streamline"],"picked":"Singing Bowl","floor":27},{"not_picked":["Cold Snap","Go for the Eyes","Rebound"],"picked":"Singing Bowl","floor":28},{"not_picked":["Stack","Buffer","Streamline"],"picked":"Singing Bowl","floor":30},{"not_picked":["Ball Lightning","Steam+1","Barrage"],"picked":"Singing Bowl","floor":31},{"not_picked":["Meteor Strike","All For One"],"picked":"Thunder Strike","floor":33},{"not_picked":["Steam","Hologram"],"picked":"Turbo+1","floor":35},{"not_picked":["Stack","Storm","Rebound+1"],"picked":"Singing Bowl","floor":37},{"not_picked":["Redo","Skim","Steam"],"picked":"Singing Bowl","floor":38},{"not_picked":["Streamline","Sweeping Beam"],"picked":"Coolheaded+1","floor":39},{"not_picked":["Gash","Self Repair","Cold Snap"],"picked":"Singing Bowl","floor":42},{"not_picked":["Streamline","Melter"],"picked":"Seek","floor":45},{"not_picked":["Doom and Gloom","Sweeping Beam+1","Redo"],"picked":"Singing Bowl","floor":47},{"not_picked":["The Bomb","Enlightenment","Mind Blast"],"picked":"Singing Bowl","floor":48},{"not_picked":["Forethought","Enlightenment"],"picked":"Panache","floor":48},{"not_picked":["Swift Strike","Deep Breath"],"picked":"Panacea","floor":48}],"player_experience":708065,"relics_obtained":[{"floor":7,"key":"Old Coin"},{"floor":9,"key":"Blue Candle"},{"floor":24,"key":"Potion Belt"},{"floor":26,"key":"Singing Bowl"},{"floor":27,"key":"PreservedInsect"},{"floor":42,"key":"Unceasing Top"},{"floor":43,"key":"Strawberry"},{"floor":45,"key":"Happy Flower"},{"floor":47,"key":"Smiling Mask"}],"event_choices":[{"damage_healed":0,"gold_gain":0,"player_choice":"Got Potions","damage_taken":0,"max_hp_gain":0,"max_hp_loss":0,"event_name":"Lab","floor":3,"gold_loss":0},{"damage_healed":0,"gold_gain":0,"cards_transformed":["Strike_B","Defend_B"],"player_choice":"Became Test Subject","damage_taken":0,"max_hp_gain":0,"max_hp_loss":0,"event_name":"Drug Dealer","floor":19,"gold_loss":0,"cards_obtained":["Consume","Blizzard"]},{"damage_healed":0,"gold_gain":0,"player_choice":"Shed Blood","damage_taken":20,"max_hp_gain":5,"max_hp_loss":0,"event_name":"Forgotten Altar","floor":21,"gold_loss":0},{"damage_healed":0,"gold_gain":0,"player_choice":"Bought 2 Potions","damage_taken":0,"max_hp_gain":0,"max_hp_loss":0,"event_name":"The Woman in Blue","floor":29,"gold_loss":0},{"cards_removed":["Strike_B"],"damage_healed":0,"gold_gain":0,"player_choice":"Offered Basic","damage_taken":0,"max_hp_gain":0,"max_hp_loss":0,"event_name":"Bonfire Elementals","floor":36,"gold_loss":0},{"damage_healed":0,"gold_gain":0,"player_choice":"Ignored","damage_taken":0,"max_hp_gain":0,"max_hp_loss":0,"event_name":"Mysterious Sphere","floor":41,"gold_loss":0},{"damage_healed":0,"gold_gain":0,"player_choice":"Fight","damage_taken":0,"max_hp_gain":0,"max_hp_loss":0,"event_name":"MindBloom","floor":42,"gold_loss":0},{"damage_healed":0,"gold_gain":0,"player_choice":"Memory 3","damage_taken":10,"max_hp_gain":0,"max_hp_loss":0,"event_name":"SensoryStone","floor":48,"gold_loss":0}],"is_beta":false,"boss_relics":[{"not_picked":["Runic Dome","Busted Crown"],"picked":"Velvet Choker"},{"not_picked":["Empty Cage","Black Star"],"picked":"Runic Pyramid"}],"items_purged_floors":[12,14,44],"is_endless":false,"potions_floor_spawned":[5,7,11,13,16,18,28,30,33,35,39,42],"ascension_level":14}