{"gold_per_floor":[113,113,124,134,153,153,166,194,194,214,214,232,79,95,95,197,247,265,284,295,313,91,91,101,101,174,174,354,354,374,384,384,384],"floor_reached":33,"playtime":1906,"items_purged":["Strike_R"],"score":318,"play_id":"991d34a1-ef6b-4750-a663-96872dd3bc65","local_time":"20190920175453","is_ascension_mode":true,"campfire_choices":[{"data":"Twin Strike","floor":6,"key":"SMITH"},{"data":"Twin Strike","floor":11,"key":"SMITH"},{"data":"Sword Boomerang","floor":15,"key":"SMITH"},{"data":"Twin Strike","floor":23,"key":"SMITH"},{"floor":25,"key":"REST"},{"data":"Heavy Blade","floor":27,"key":"SMITH"},{"data":"Warcry","floor":29,"key":"SMITH"},{"floor":32,"key":"REST"}],"neow_cost":"NONE","seed_source_timestamp":665995658569100,"circlet_count":0,"master_deck":["Strike_R","Strike_R","Strike_R","Strike_R","Defend_R","Defend_R","Defend_R","Defend_R+1","Bash","Cleave","Twin Strike","Twin Strike+1","Heavy Blade","Twin Strike+1","Twin Strike+1","Sword Boomerang+1","Heavy Blade+1","Warcry","Shrug It Off","Warcry+1","Heavy Blade","Pummel","Flex"],"relics":["Burning Blood","Red Skull","Prayer Wheel","Blood Vial","Tiny House","Vajra","Self Forming Clay"],"potions_floor_usage":[14,20,33,33,33,33,33],"damage_taken":[{"damage":6,"enemies":"Cultist","floor":1,"turns":3},{"damage":6,"enemies":"Jaw Worm","floor":3,"turns":3},{"damage":3,"enemies":"Small Slimes","floor":4,"turns":3},{"damage":9,"enemies":"Blue Slaver","floor":5,"turns":3},{"damage":19,"enemies":"Exordium Thugs","floor":7,"turns":5},{"damage":25,"enemies":"Gremlin Nob","floor":8,"turns":4},{"damage":5,"enemies":"Looter","floor":10,"turns":2},{"damage":0,"enemies":"2 Fungi Beasts","floor":12,"turns":2},{"damage":7,"enemies":"Blue Slaver","floor":14,"turns":2},{"damage":29,"enemies":"Slime Boss","floor":16,"turns":9},{"damage":35,"enemies":"Shell Parasite","floor":18,"turns":6},{"damage":17,"enemies":"3 Byrds","floor":19,"turns":5},{"damage":16,"enemies":"Snake Plant","floor":20,"turns":4},{"damage":12,"enemies":"Centurion and Healer","floor":21,"turns":6},{"damage":25,"enemies":"Snecko","floor":24,"turns":4},{"damage":10,"enemies":"3 Cultists","floor":30,"turns":4},{"damage":21,"enemies":"Snake Plant","floor":31,"turns":2},{"damage":79,"enemies":"Automaton","floor":33,"turns":6}],"seed_played":"3573625556029964673","potions_obtained":[{"floor":1,"key":"SmokeBomb"},{"floor":3,"key":"Explosive Potion"},{"floor":7,"key":"Ancient Potion"},{"floor":10,"key":"Fruit Juice"},{"floor":16,"key":"SteroidPotion"},{"floor":17,"key":"EntropicBrew"},{"floor":20,"key":"Poison Potion"}],"is_trial":false,"path_per_floor":["M","?","M","M","M","R","M","E","T","M","R","M","$","M","R","B",null,"M","M","M","M","$","R","M","R","T","R","?","R","M","M","R","B"],"character_chosen":"IRONCLAD","items_purchased":["Blood Vial","Vajra"],"campfire_rested":2,"item_purchase_floors":[13,22],"current_hp_per_floor":[88,88,88,88,85,85,72,53,53,54,54,60,60,66,66,45,98,69,60,52,48,48,48,31,60,60,60,33,33,31,18,47,0],"gold":384,"neow_bonus":"TEN_PERCENT_HP_BONUS","is_prod":false,"is_daily":false,"chose_seed":false,"campfire_upgraded":6,"win_rate":0,"timestamp":1569016493,"path_taken":["M","?","M","M","M","R","M","E","T","M","R","M","$","M","R","BOSS","M","M","M","M","$","R","M","R","T","R","?","R","M","M","R","BOSS"],"build_version":"2019-07-17","purchased_purges":1,"victory":false,"max_hp_per_floor":[88,88,88,88,88,88,88,88,88,88,88,88,88,93,93,93,98,98,98,98,98,98,98,98,98,98,98,98,98,98,98,98,98],"card_choices":[{"not_picked":["Rampage","Dropkick"],"picked":"Cleave","floor":1},{"not_picked":["Clash","Body Slam"],"picked":"Twin Strike","floor":3},{"not_picked":["Perfected Strike","Wild Strike"],"picked":"Twin Strike","floor":4},{"not_picked":["Barricade","Clash"],"picked":"Heavy Blade","floor":5},{"not_picked":["Power Through","Evolve","Corruption"],"picked":"SKIP","floor":7},{"not_picked":["Uppercut","Dropkick"],"picked":"Twin Strike","floor":8},{"not_picked":["Cleave","Metallicize"],"picked":"Twin Strike","floor":10},{"not_picked":["Perfected Strike","Headbutt","Clothesline"],"picked":"SKIP","floor":10},{"not_picked":["Clothesline","Rampage","Entrench"],"picked":"SKIP","floor":12},{"not_picked":["Infernal Blade","True Grit","Body Slam"],"picked":"SKIP","floor":12},{"not_picked":["Fiend Fire","Shockwave"],"picked":"Sword Boomerang","floor":14},{"not_picked":["Disarm","Burning Pact","Thunderclap"],"picked":"SKIP","floor":14},{"not_picked":["Cleave","Burning Pact"],"picked":"Heavy Blade","floor":17},{"not_picked":["Anger","Dropkick"],"picked":"Warcry","floor":18},{"not_picked":["Clash","Thunderclap","Armaments"],"picked":"SKIP","floor":18},{"not_picked":["Flame Barrier","Feel No Pain+1"],"picked":"Shrug It Off","floor":19},{"not_picked":["Clothesline+1","Dark Embrace","Dual Wield+1"],"picked":"SKIP","floor":19},{"not_picked":["Hemokinesis","Clothesline+1","Iron Wave"],"picked":"SKIP","floor":20},{"not_picked":["Power Through+1","Shrug It Off","Feel No Pain+1"],"picked":"SKIP","floor":20},{"not_picked":["Clothesline","Thunderclap"],"picked":"Warcry","floor":21},{"not_picked":["Wild Strike","Anger","Cleave"],"picked":"SKIP","floor":21},{"not_picked":["Evolve","Combust"],"picked":"Heavy Blade","floor":24},{"not_picked":["Feel No Pain","Perfected Strike","Battle Trance"],"picked":"SKIP","floor":24},{"not_picked":["True Grit","Infernal Blade"],"picked":"Pummel","floor":30},{"not_picked":["Body Slam+1","Warcry","True Grit"],"picked":"SKIP","floor":30},{"not_picked":["Sword Boomerang","Disarm"],"picked":"Flex","floor":31},{"not_picked":["Shrug It Off","Pommel Strike","Barricade"],"picked":"SKIP","floor":31}],"player_experience":37856,"relics_obtained":[{"floor":8,"key":"Red Skull"},{"floor":9,"key":"Prayer Wheel"},{"floor":26,"key":"Self Forming Clay"}],"event_choices":[{"damage_healed":0,"gold_gain":0,"player_choice":"Ignored","damage_taken":0,"max_hp_gain":0,"max_hp_loss":0,"event_name":"Liars Game","floor":2,"gold_loss":0},{"damage_healed":0,"gold_gain":180,"player_choice":"GOLD GOLD ","damage_taken":27,"max_hp_gain":0,"max_hp_loss":0,"event_name":"Knowing Skull","floor":28,"potions_obtained":[],"gold_loss":0,"cards_obtained":[]}],"is_beta":false,"boss_relics":[{"not_picked":["Busted Crown","Calling Bell"],"picked":"Tiny House"}],"items_purged_floors":[22],"is_endless":false,"potions_floor_spawned":[1,3,7,10,16,18,20,31],"killed_by":"Automaton","ascension_level":1}