{"gold_per_floor":[117,129,129,109,121,121,147,147,174,189,202,202,228,43,43,114,114,131,131,143,55,75,75,108,108,134,144,144,176,192,210,210,210],"floor_reached":33,"playtime":1362,"items_purged":["Strike_P"],"score":580,"play_id":"4d583981-1b02-4fb7-8a9b-a7e2ecd02f93","local_time":"20191012191522","is_ascension_mode":true,"campfire_choices":[{"data":"Eruption","floor":6.0,"key":"SMITH"},{"data":"Wallop","floor":8.0,"key":"SMITH"},{"data":"BowlingBash","floor":12.0,"key":"SMITH"},{"data":"Alpha","floor":15.0,"key":"SMITH"},{"data":"FlurryOfBlows","floor":23.0,"key":"SMITH"},{"data":"Wireheading","floor":25.0,"key":"SMITH"},{"data":"Weave","floor":32,"key":"SMITH"}],"neow_cost":"NONE","seed_source_timestamp":24507503503700,"circlet_count":0,"master_deck":["AscendersBane","Strike_P+1","Strike_P+1","Strike_P+1","Defend_P+1","Defend_P+1","Defend_P+1","Defend_P+1","Eruption+1","Vigilance","Wallop+1","EmptyBody","SignatureMove","ThirdEye","EmptyMind","BowlingBash+1","Alpha+1","FlurryOfBlows+1","ClearTheMind","Weave+1","Scrawl","Study","Wireheading+1","Consecrate","Wallop+1"],"special_seed":0,"relics":["PureWater","Blood Vial","Happy Flower","Orichalcum","Coffee Dripper","Bag of Preparation","Juzu Bracelet","MealTicket"],"potions_floor_usage":[],"damage_taken":[{"damage":1.0,"enemies":"Small Slimes","floor":1.0,"turns":4.0},{"damage":2.0,"enemies":"Cultist","floor":2.0,"turns":3.0},{"damage":1.0,"enemies":"2 Louse","floor":5.0,"turns":3.0},{"damage":0.0,"enemies":"Gremlin Nob","floor":7.0,"turns":2.0},{"damage":5.0,"enemies":"Looter","floor":10.0,"turns":3.0},{"damage":3.0,"enemies":"Large Slime","floor":11.0,"turns":7.0},{"damage":10.0,"enemies":"Lagavulin","floor":13.0,"turns":7.0},{"damage":19.0,"enemies":"Hexaghost","floor":16.0,"turns":8.0},{"damage":0.0,"enemies":"3 Byrds","floor":18.0,"turns":2.0},{"damage":16.0,"enemies":"2 Thieves","floor":20.0,"turns":3.0},{"damage":13.0,"enemies":"Snake Plant","floor":22.0,"turns":5.0},{"damage":15.0,"enemies":"Gremlin Leader","floor":24.0,"turns":4.0},{"damage":4.0,"enemies":"Shelled Parasite and Fungi","floor":27.0,"turns":5.0},{"damage":24,"enemies":"Book of Stabbing","floor":29,"turns":6},{"damage":0,"enemies":"3 Cultists","floor":30,"turns":3},{"damage":0,"enemies":"Centurion and Healer","floor":31,"turns":4},{"damage":25,"enemies":"Collector","floor":33,"turns":3}],"seed_played":"6153316164032779698","potions_obtained":[{"floor":1.0,"key":"SpeedPotion"},{"floor":4.0,"key":"StancePotion"},{"floor":5.0,"key":"Fire Potion"},{"floor":7.0,"key":"SteroidPotion"},{"floor":22.0,"key":"Swift Potion"},{"floor":29,"key":"LiquidBronze"}],"is_trial":false,"path_per_floor":["M","M","?","?","M","R","E","R","T","M","M","R","E","$","R","B",null,"M","?","M","$","M","R","E","R","T","M","?","E","M","M","R","B"],"character_chosen":"WATCHER","items_purchased":["FlurryOfBlows","ClearTheMind","Study"],"campfire_rested":0,"item_purchase_floors":[14,14,21],"current_hp_per_floor":[66,64,69,69,68,68,68,68,68,65,64,64,56,56,56,39,69,71,71,57,57,46,46,33,33,33,31,31,9,11,13,13,0],"gold":210,"neow_bonus":"TEN_PERCENT_HP_BONUS","is_prod":false,"is_daily":false,"chose_seed":false,"campfire_upgraded":7,"win_rate":0,"timestamp":1570922122,"path_taken":["M","M","?","?","M","R","E","R","T","M","?","R","E","?","R","BOSS","M","?","M","$","M","R","E","R","T","M","?","E","M","M","R","BOSS"],"build_version":"2019-10-11","purchased_purges":1,"victory":false,"max_hp_per_floor":[74,74,79,79,79,79,79,79,79,79,79,79,79,79,79,79,79,79,79,79,79,79,79,79,79,79,79,79,79,79,79,79,79],"card_choices":[{"not_picked":["EmptyFist","FlurryOfBlows"],"picked":"Wallop","floor":1.0},{"not_picked":["CarveReality","Collect"],"picked":"EmptyBody","floor":2.0},{"not_picked":["Halt","Prostrate"],"picked":"SignatureMove","floor":5.0},{"not_picked":["ReachHeaven","BattleHymn"],"picked":"ThirdEye","floor":7.0},{"not_picked":["WindmillStrike","Protect"],"picked":"EmptyMind","floor":10.0},{"not_picked":["Wish","ThirdEye"],"picked":"BowlingBash","floor":11.0},{"not_picked":["Prostrate","Perseverance"],"picked":"Alpha","floor":13.0},{"not_picked":["ClearTheMind","Prostrate"],"picked":"Weave","floor":18.0},{"not_picked":["Crescendo","Collect"],"picked":"Scrawl","floor":20.0},{"not_picked":["EmptyBody","BowlingBash","EmptyFist"],"picked":"SKIP","floor":22.0},{"not_picked":["Sanctity+1","JustLucky"],"picked":"Wireheading","floor":24.0},{"not_picked":["EmptyMind","EmptyBody"],"picked":"Consecrate","floor":27.0},{"not_picked":["BattleHymn","Conclude"],"picked":"Wallop+1","floor":29},{"not_picked":["Fasting2","PathToVictory","WindmillStrike"],"picked":"SKIP","floor":30},{"not_picked":["LessonLearned","Crescendo","SpiritShield"],"picked":"SKIP","floor":31}],"player_experience":1311307,"relics_obtained":[{"floor":7.0,"key":"Blood Vial"},{"floor":9.0,"key":"Happy Flower"},{"floor":13.0,"key":"Orichalcum"},{"floor":24.0,"key":"Bag of Preparation"},{"floor":26.0,"key":"Juzu Bracelet"},{"floor":29,"key":"MealTicket"}],"event_choices":[{"damage_healed":0.0,"max_hp_gain":5.0,"max_hp_loss":0.0,"gold_gain":0.0,"event_name":"Big Fish","player_choice":"Donut","floor":3.0,"gold_loss":0.0,"damage_taken":0.0},{"damage_healed":0.0,"max_hp_gain":0.0,"max_hp_loss":0.0,"gold_gain":0.0,"event_name":"The Woman in Blue","player_choice":"Bought 1 Potion","floor":4.0,"gold_loss":0.0,"damage_taken":0.0},{"damage_healed":0.0,"max_hp_gain":0.0,"max_hp_loss":0.0,"gold_gain":0.0,"event_name":"Back to Basics","player_choice":"Simplicity","floor":19.0,"gold_loss":0.0,"damage_taken":0.0,"cards_upgraded":["Strike_P","Strike_P","Strike_P","Defend_P","Defend_P","Defend_P","Defend_P"]},{"damage_healed":0,"gold_gain":0,"player_choice":"Ignored","damage_taken":0,"max_hp_gain":0,"max_hp_loss":0,"event_name":"Cursed Tome","floor":28,"gold_loss":0}],"is_beta":true,"boss_relics":[{"not_picked":["Calling Bell","SacredBark"],"picked":"Coffee Dripper"}],"items_purged_floors":[14],"is_endless":false,"potions_floor_spawned":[1,5,7,13,16,22,29,30,31],"killed_by":"Collector","ascension_level":16}