{"gold_per_floor":[109,23,298,1,13,13,39,39,63,96,112,129,141,166,166,238,238,257,267,286,6,25,25,25,25,25,25,38,38,38,58,58,136,136,148,166,20,30,30,30,30,30,57,108,108,122,24,51,51,51],"floor_reached":51,"playtime":3026,"items_purged":["Regret","Searing Blow"],"score":1331,"play_id":"363ee3be-91aa-4dd7-9c1e-ea2e17f7f4dc","local_time":"20190823212913","is_ascension_mode":true,"campfire_choices":[{"data":"Corruption","floor":6.0,"key":"SMITH"},{"data":"Feed","floor":8.0,"key":"SMITH"},{"data":"Bash","floor":15.0,"key":"SMITH"},{"data":"Warcry","floor":23.0,"key":"SMITH"},{"data":"Feel No Pain","floor":25.0,"key":"SMITH"},{"data":"Uppercut","floor":27.0,"key":"SMITH"},{"floor":32.0,"key":"REST"},{"floor":40.0,"key":"REST"},{"data":"Demon Form","floor":42.0,"key":"SMITH"},{"data":"Battle Trance","floor":45.0,"key":"SMITH"},{"floor":49,"key":"REST"}],"neow_cost":"NONE","seed_source_timestamp":0,"circlet_count":0,"master_deck":["AscendersBane","Bash+1","Pommel Strike","Feel No Pain+1","Feed+1","Corruption+1","Headbutt","Spot Weakness","Thunderclap","Second Wind","Shrug It Off","Battle Trance+1","Warcry+1","Body Slam","Demon Form+1","Bloodletting","Infernal Blade","Blood for Blood","Fiend Fire","Sever Soul","Metallicize","Second Wind","Reckless Charge","Uppercut+1","Shrug It Off","Power Through","Shrug It Off+1","RitualDagger","Shrug It Off+1","Exhume+1","Feel No Pain+1","Shrug It Off+1","Blind+1","Dual Wield+1","True Grit+1","Blind+1","Anger+1"],"special_seed":0,"relics":["Burning Blood","NeowsBlessing","Pen Nib","Art of War","Bronze Scales","Kunai","Pandora\u0027s Box","Toxic Egg 2","Mark of Pain","Ancient Tea Set","Strawberry","Molten Egg 2"],"potions_floor_usage":[50,50],"damage_taken":[{"damage":0.0,"enemies":"2 Louse","floor":1.0,"turns":1.0},{"damage":0.0,"enemies":"Cultist","floor":5.0,"turns":1.0},{"damage":0.0,"enemies":"Lagavulin","floor":7.0,"turns":1.0},{"damage":31.0,"enemies":"3 Sentries","floor":10.0,"turns":8.0},{"damage":0.0,"enemies":"Small Slimes","floor":11.0,"turns":3.0},{"damage":7.0,"enemies":"3 Louse","floor":12.0,"turns":2.0},{"damage":8.0,"enemies":"Exordium Thugs","floor":13.0,"turns":5.0},{"damage":3.0,"enemies":"Gremlin Nob","floor":14.0,"turns":3.0},{"damage":62.0,"enemies":"The Guardian","floor":16.0,"turns":13.0},{"damage":18.0,"enemies":"3 Byrds","floor":18.0,"turns":4.0},{"damage":11.0,"enemies":"Shell Parasite","floor":19.0,"turns":4.0},{"damage":18.0,"enemies":"Centurion and Healer","floor":20.0,"turns":6.0},{"damage":24.0,"enemies":"Chosen and Byrds","floor":22.0,"turns":5.0},{"damage":0.0,"enemies":"Shelled Parasite and Fungi","floor":28.0,"turns":5.0},{"damage":19.0,"enemies":"Snake Plant","floor":31.0,"turns":4.0},{"damage":19.0,"enemies":"Collector","floor":33.0,"turns":10.0},{"damage":40.0,"enemies":"3 Darklings","floor":35.0,"turns":7.0},{"damage":20.0,"enemies":"3 Shapes","floor":36.0,"turns":9.0},{"damage":44.0,"enemies":"Maw","floor":38.0,"turns":11.0},{"damage":20.0,"enemies":"4 Shapes","floor":46.0,"turns":10.0},{"damage":9,"enemies":"Giant Head","floor":48,"turns":8},{"damage":45,"enemies":"Donu and Deca","floor":50,"turns":10}],"seed_played":"-3622588974659813963","potions_obtained":[{"floor":1.0,"key":"PowerPotion"},{"floor":7.0,"key":"AttackPotion"},{"floor":12.0,"key":"SteroidPotion"},{"floor":18.0,"key":"EssenceOfSteel"},{"floor":31.0,"key":"LiquidBronze"},{"floor":33.0,"key":"LiquidBronze"},{"floor":38.0,"key":"Swift Potion"},{"floor":48,"key":"Dexterity Potion"}],"is_trial":false,"path_per_floor":["M","$","?","$","M","R","E","R","T","E","M","M","M","E","R","B",null,"M","M","M","$","M","R","?","R","T","R","M","$","?","M","R","B",null,"M","M","$","M","$","R","?","R","T","T","R","M","$","E","R","B",null],"character_chosen":"IRONCLAD","items_purchased":["Feel No Pain","Feed","Corruption","Headbutt","Power Through","Regen Potion","PowerPotion","Shrug It Off+1","Blind+1","Blind+1"],"campfire_rested":3,"item_purchase_floors":[2,4,4,4,21,21,21,37,37,47],"current_hp_per_floor":[74,74,74,74,78,78,78,78,78,57,63,66,68,75,75,23,79,67,62,54,54,49,49,49,49,49,49,55,55,49,36,67,58,97,63,49,49,11,11,44,44,44,44,51,51,41,41,38,74,39],"gold":51,"neow_bonus":"THREE_ENEMY_KILL","is_prod":false,"is_daily":false,"chose_seed":false,"campfire_upgraded":8,"win_rate":0,"timestamp":1566610153,"path_taken":["M","$","?","$","M","R","E","R","T","E","M","M","?","E","R","BOSS","M","M","M","$","M","R","?","R","T","R","M","$","?","M","R","BOSS","M","M","$","M","$","R","?","R","T","?","R","M","$","E","R","BOSS"],"build_version":"2019-07-17","purchased_purges":2,"victory":true,"max_hp_per_floor":[75,75,75,75,78,78,78,78,78,82,82,86,90,94,94,98,98,98,98,102,102,106,106,106,106,106,106,106,106,106,106,106,110,110,110,110,110,110,110,110,110,110,110,117,117,121,121,121,121,125],"card_choices":[{"not_picked":["Sentinel","Reckless Charge"],"picked":"Pommel Strike","floor":1.0},{"not_picked":["Armaments","Havoc"],"picked":"Spot Weakness","floor":5.0},{"not_picked":["Pummel","Warcry"],"picked":"Thunderclap","floor":7.0},{"not_picked":["Exhume","Sword Boomerang"],"picked":"Second Wind","floor":10.0},{"not_picked":["Armaments","Cleave"],"picked":"Shrug It Off","floor":11.0},{"not_picked":["Sever Soul","Perfected Strike"],"picked":"Battle Trance","floor":12.0},{"not_picked":["Searing Blow","Pommel Strike"],"picked":"Warcry","floor":13.0},{"not_picked":["Thunderclap","Perfected Strike"],"picked":"Body Slam","floor":14.0},{"not_picked":["Brutality","Exhume"],"picked":"Demon Form","floor":16.0},{"not_picked":["Heavy Blade","Seeing Red"],"picked":"Uppercut","floor":18.0},{"not_picked":["Searing Blow","Inflame","Sever Soul"],"picked":"SKIP","floor":19.0},{"not_picked":["Dropkick","Wild Strike"],"picked":"Shrug It Off","floor":20.0},{"not_picked":["Fire Breathing","Warcry","Flex"],"picked":"SKIP","floor":22.0},{"not_picked":["Headbutt","Body Slam"],"picked":"Shrug It Off+1","floor":28.0},{"not_picked":["Hemokinesis+1","Iron Wave"],"picked":"Shrug It Off+1","floor":31.0},{"not_picked":["Berserk","Brutality"],"picked":"Exhume+1","floor":33.0},{"not_picked":["Clothesline","Cleave","Rampage"],"picked":"SKIP","floor":35.0},{"not_picked":["Headbutt+1","Heavy Blade"],"picked":"Feel No Pain+1","floor":36.0},{"not_picked":["Dropkick","Twin Strike"],"picked":"Dual Wield+1","floor":38.0},{"not_picked":["Shrug It Off+1","Searing Blow"],"picked":"True Grit+1","floor":46.0},{"not_picked":["Clash","Iron Wave+1"],"picked":"Anger+1","floor":48}],"player_experience":899666,"relics_obtained":[{"floor":7.0,"key":"Pen Nib"},{"floor":9.0,"key":"Art of War"},{"floor":10.0,"key":"Bronze Scales"},{"floor":14.0,"key":"Kunai"},{"floor":26.0,"key":"Toxic Egg 2"},{"floor":43.0,"key":"Ancient Tea Set"},{"floor":44.0,"key":"Strawberry"},{"floor":48,"key":"Molten Egg 2"}],"event_choices":[{"damage_healed":0.0,"max_hp_gain":0.0,"max_hp_loss":0.0,"gold_gain":275.0,"event_name":"Golden Shrine","player_choice":"Desecrate","floor":3.0,"gold_loss":0.0,"damage_taken":0.0,"cards_obtained":["Regret"]},{"damage_healed":0.0,"max_hp_gain":0.0,"max_hp_loss":0.0,"gold_gain":0.0,"event_name":"The Mausoleum","player_choice":"Ignored","floor":24.0,"gold_loss":0.0,"damage_taken":0.0},{"damage_healed":0.0,"max_hp_gain":0.0,"max_hp_loss":0.0,"gold_gain":0.0,"event_name":"Nest","player_choice":"Joined the Cult","floor":30.0,"gold_loss":0.0,"damage_taken":6.0,"cards_obtained":["RitualDagger"]},{"damage_healed":0.0,"max_hp_gain":0.0,"max_hp_loss":0.0,"gold_gain":0.0,"event_name":"Mysterious Sphere","player_choice":"Ignored","floor":41.0,"gold_loss":0.0,"damage_taken":0.0}],"is_beta":false,"boss_relics":[{"not_picked":["Busted Crown","Black Blood"],"picked":"Pandora\u0027s Box"},{"not_picked":["White Beast Statue","Runic Pyramid"],"picked":"Mark of Pain"}],"items_purged_floors":[4,21],"is_endless":false,"potions_floor_spawned":[1,7,12,13,18,31,33,38,48],"ascension_level":16}