{"gold_per_floor":[118,118,268,268,43,74,89,89,143,155,188,208,239,253,253,329,329,348,398,129,2,20,20,55,68,91,124,143,143,193,225,225,297,297,337,159,177,52,52,82,82,92,162,193,193,193,7,17,17,17],"floor_reached":51,"playtime":4157,"items_purged":["Strike_P","Strike_P","Strike_P","Strike_P"],"score":1392,"play_id":"273568e8-7320-4afa-b412-1fe892460dd4","local_time":"20191011202042","is_ascension_mode":true,"campfire_choices":[{"data":"Eruption","floor":8.0,"key":"SMITH"},{"data":"Vigilance","floor":15.0,"key":"SMITH"},{"data":"TalkToTheHand","floor":23.0,"key":"SMITH"},{"data":"WheelKick","floor":29,"key":"SMITH"},{"data":"Nirvana","floor":32,"key":"SMITH"},{"data":"Wireheading","floor":41,"key":"SMITH"},{"floor":45,"key":"REST"},{"data":"CutThroughFate","floor":49,"key":"SMITH"}],"neow_cost":"NONE","seed_source_timestamp":121044072962200,"circlet_count":0,"master_deck":["AscendersBane","Defend_P","Defend_P","Defend_P+1","Defend_P","Eruption+1","Vigilance+1","Consecrate+1","Wireheading+1","EmptyFist","Scrawl+1","Halt+1","InnerPeace+1","EmptyBody+1","Adaptation","Scrawl+1","ConjureBlade+1","WheelKick+1","TalkToTheHand+1","EmptyMind+1","Nirvana+1","CutThroughFate+1","SashWhip+1","FlurryOfBlows+1","Vengeance+1","JustLucky+1","Wish+1","Evaluate+1","JustLucky+1","Weave+1"],"special_seed":0,"relics":["PureWater","NeowsBlessing","OrangePellets","Toxic Egg 2","Tiny Chest","Mummified Hand","Eternal Feather","Philosopher\u0027s Stone","Molten Egg 2","MealTicket","Pantograph","Vajra","Runic Pyramid","CloakClasp","Pear","Bird Faced Urn"],"potions_floor_usage":[27,27,40,50,50],"damage_taken":[{"damage":0.0,"enemies":"Small Slimes","floor":1.0,"turns":1.0},{"damage":0.0,"enemies":"Lagavulin","floor":6.0,"turns":2.0},{"damage":0.0,"enemies":"2 Louse","floor":7.0,"turns":1.0},{"damage":4.0,"enemies":"Jaw Worm","floor":10.0,"turns":3.0},{"damage":0.0,"enemies":"Gremlin Nob","floor":11.0,"turns":2.0},{"damage":5.0,"enemies":"Exordium Thugs","floor":12.0,"turns":5.0},{"damage":18.0,"enemies":"3 Sentries","floor":13.0,"turns":12.0},{"damage":4.0,"enemies":"Lots of Slimes","floor":14.0,"turns":3.0},{"damage":6.0,"enemies":"The Guardian","floor":16.0,"turns":15.0},{"damage":3.0,"enemies":"3 Byrds","floor":18.0,"turns":5.0},{"damage":0.0,"enemies":"Spheric Guardian","floor":22.0,"turns":1.0},{"damage":29.0,"enemies":"Book of Stabbing","floor":24.0,"turns":7.0},{"damage":3.0,"enemies":"Shelled Parasite and Fungi","floor":25.0,"turns":4.0},{"damage":9,"enemies":"Slavers","floor":27,"turns":6},{"damage":7,"enemies":"3 Cultists","floor":28,"turns":5},{"damage":17,"enemies":"Book of Stabbing","floor":31,"turns":4},{"damage":17,"enemies":"Collector","floor":33,"turns":6},{"damage":6,"enemies":"3 Shapes","floor":35,"turns":8},{"damage":0,"enemies":"Orb Walker","floor":37,"turns":4},{"damage":7,"enemies":"Nemesis","floor":40,"turns":7},{"damage":8,"enemies":"3 Darklings","floor":42,"turns":4},{"damage":66,"enemies":"Reptomancer","floor":44,"turns":7},{"damage":0,"enemies":"Sphere and 2 Shapes","floor":48,"turns":3},{"damage":78,"enemies":"Time Eater","floor":50,"turns":12}],"seed_played":"-8169213113214527416","potions_obtained":[{"floor":1.0,"key":"AttackPotion"},{"floor":7.0,"key":"GamblersBrew"},{"floor":14.0,"key":"Dexterity Potion"},{"floor":22.0,"key":"SpeedPotion"},{"floor":24.0,"key":"Dexterity Potion"},{"floor":35,"key":"Energy Potion"},{"floor":44,"key":"Regen Potion"},{"floor":48,"key":"Energy Potion"}],"is_trial":false,"path_per_floor":["M","?","?","?","$","E","M","R","T","M","E","M","E","M","R","B",null,"M","?","$","$","M","R","E","M","T","E","M","R","?","E","R","B",null,"M","$","M","$","?","E","R","M","T","E","R","?","$","M","R","B",null],"character_chosen":"WATCHER","items_purchased":["OrangePellets","Wireheading","TalkToTheHand","EmptyMind+1","Nirvana","CutThroughFate","Fire Potion","Evaluate+1","Weave+1"],"campfire_rested":1,"item_purchase_floors":[5,5,20,20,20,20,21,36,47],"current_hp_per_floor":[61,41,41,41,41,41,41,41,41,37,37,32,14,10,22,16,55,52,52,52,52,52,67,38,35,35,26,19,34,34,17,32,40,61,55,68,68,68,65,58,65,57,67,1,41,41,56,62,75,16],"gold":17,"neow_bonus":"THREE_ENEMY_KILL","is_prod":false,"is_daily":false,"chose_seed":false,"campfire_upgraded":7,"win_rate":0,"timestamp":1570839642,"path_taken":["M","?","?","?","$","E","M","R","T","?","E","M","E","M","R","BOSS","M","?","?","$","M","R","E","?","T","E","M","R","?","E","R","BOSS","M","$","M","$","?","E","R","M","T","E","R","?","$","M","R","BOSS"],"build_version":"2019-10-11","purchased_purges":4,"victory":true,"max_hp_per_floor":[68,68,68,68,68,68,68,68,68,68,68,68,68,68,68,68,68,68,68,68,68,68,68,68,68,68,68,68,68,68,68,68,68,68,68,68,68,68,65,65,65,65,75,75,75,75,75,75,75,75],"card_choices":[{"not_picked":["Fasting2","PathToVictory"],"picked":"Consecrate","floor":1.0},{"not_picked":["DeusExMachina","FollowUp"],"picked":"EmptyFist","floor":6.0},{"not_picked":["FlyingSleeves","BowlingBash"],"picked":"Scrawl+1","floor":7.0},{"not_picked":["FlyingSleeves","Consecrate"],"picked":"Halt+1","floor":10.0},{"not_picked":["Blasphemy+1","Nirvana"],"picked":"InnerPeace+1","floor":11.0},{"not_picked":["FlurryOfBlows","Consecrate"],"picked":"EmptyBody+1","floor":12.0},{"not_picked":["EmptyBody+1","Pray+1"],"picked":"Adaptation","floor":13.0},{"not_picked":["Collect+1","FollowUp"],"picked":"Scrawl+1","floor":14.0},{"not_picked":["Ragnarok","Blasphemy+1"],"picked":"ConjureBlade+1","floor":16.0},{"not_picked":["ForeignInfluence+1","DeceiveReality+1"],"picked":"WheelKick","floor":18.0},{"not_picked":["InnerPeace+1","EmptyFist","Fasting2"],"picked":"SKIP","floor":22.0},{"not_picked":["Halt+1","Alpha+1"],"picked":"SashWhip+1","floor":24.0},{"not_picked":["Evaluate+1","Crescendo+1"],"picked":"FlurryOfBlows+1","floor":25.0},{"not_picked":["Sanctity+1","Prostrate+1"],"picked":"Vengeance+1","floor":27},{"not_picked":["WheelKick+1","EmptyBody+1"],"picked":"JustLucky+1","floor":28},{"not_picked":["Halt+1","Meditate+1","CarveReality+1"],"picked":"SKIP","floor":31},{"not_picked":["Brilliance+1","MasterReality"],"picked":"Wish+1","floor":33},{"not_picked":["Nirvana+1","DeceiveReality+1","SashWhip+1"],"picked":"SKIP","floor":35},{"not_picked":["BowlingBash+1","CutThroughFate+1"],"picked":"JustLucky+1","floor":37},{"not_picked":["Crescendo+1","Evaluate+1","Brilliance+1"],"picked":"SKIP","floor":40},{"not_picked":["SashWhip+1","ClearTheMind+1","WreathOfFlame+1"],"picked":"SKIP","floor":42},{"not_picked":["CrushJoints+1","FlurryOfBlows+1","WreathOfFlame+1"],"picked":"SKIP","floor":44},{"not_picked":["EmptyBody+1","Pray+1","Consecrate+1"],"picked":"SKIP","floor":48}],"player_experience":1299608,"relics_obtained":[{"floor":6.0,"key":"Toxic Egg 2"},{"floor":9.0,"key":"Tiny Chest"},{"floor":11.0,"key":"Mummified Hand"},{"floor":13.0,"key":"Eternal Feather"},{"floor":24.0,"key":"Molten Egg 2"},{"floor":26.0,"key":"MealTicket"},{"floor":27,"key":"Pantograph"},{"floor":31,"key":"Vajra"},{"floor":40,"key":"CloakClasp"},{"floor":43,"key":"Pear"},{"floor":44,"key":"Bird Faced Urn"}],"event_choices":[{"damage_healed":0.0,"max_hp_gain":0.0,"max_hp_loss":0.0,"gold_gain":0.0,"event_name":"Shining Light","player_choice":"Entered Light","floor":2.0,"gold_loss":0.0,"damage_taken":20.0,"cards_upgraded":["Defend_P","Consecrate"]},{"damage_healed":0.0,"max_hp_gain":0.0,"max_hp_loss":0.0,"gold_gain":150.0,"event_name":"Liars Game","player_choice":"AGREE","floor":3.0,"gold_loss":0.0,"damage_taken":0.0,"cards_obtained":["Doubt"]},{"cards_removed":["Doubt"],"damage_healed":0.0,"max_hp_gain":0.0,"max_hp_loss":0.0,"gold_gain":0.0,"event_name":"Living Wall","player_choice":"Forget","floor":4.0,"gold_loss":0.0,"damage_taken":0.0},{"damage_healed":0.0,"max_hp_gain":0.0,"max_hp_loss":0.0,"gold_gain":100.0,"event_name":"The Joust","player_choice":"Bet on Murderer","floor":19.0,"gold_loss":50.0,"damage_taken":0.0},{"damage_healed":0,"gold_gain":50,"player_choice":"Stole From Cult","damage_taken":0,"max_hp_gain":0,"max_hp_loss":0,"event_name":"Nest","floor":30,"gold_loss":0},{"damage_healed":0,"gold_gain":0,"player_choice":"Max HP","damage_taken":0,"max_hp_gain":0,"max_hp_loss":3,"event_name":"Winding Halls","floor":39,"gold_loss":0},{"damage_healed":0,"gold_gain":0,"player_choice":"Ignored","damage_taken":0,"max_hp_gain":0,"max_hp_loss":0,"event_name":"Tomb of Lord Red Mask","floor":46,"gold_loss":0}],"is_beta":true,"boss_relics":[{"not_picked":["Busted Crown","Velvet Choker"],"picked":"Philosopher\u0027s Stone"},{"not_picked":["VioletLotus","Astrolabe"],"picked":"Runic Pyramid"}],"items_purged_floors":[21,36,38,47],"is_endless":false,"potions_floor_spawned":[1,7,14,22,24,35,44,48],"ascension_level":15}