{"gold_per_floor":[119,34,52,71,86,86,112,122,146,174,174,191,191,221,221,221],"floor_reached":16,"playtime":416,"items_purged":[],"score":224,"play_id":"86016d95-1f6c-47b8-9692-e7f8681ed344","local_time":"20191005120334","is_ascension_mode":true,"campfire_choices":[{"data":"Uppercut","floor":6,"key":"SMITH"},{"data":"Inflame","floor":11,"key":"SMITH"},{"data":"Flame Barrier","floor":13,"key":"SMITH"},{"data":"Sword Boomerang","floor":15,"key":"SMITH"}],"neow_cost":"PERCENT_DAMAGE","seed_source_timestamp":0,"circlet_count":0,"master_deck":["AscendersBane","Strike_R","Strike_R","Strike_R","Strike_R","Defend_R","Defend_R","Defend_R","Bash","Shrug It Off","Combust","Uppercut+1","Shrug It Off","Inflame+1","Sword Boomerang+1","Flame Barrier+1"],"special_seed":0,"relics":["Burning Blood","TungstenRod","Bag of Marbles","MealTicket","Tiny Chest"],"potions_floor_usage":[7,10,12],"damage_taken":[{"damage":10.0,"enemies":"Small Slimes","floor":1.0,"turns":3.0},{"damage":0.0,"enemies":"2 Louse","floor":3.0,"turns":2.0},{"damage":14.0,"enemies":"Jaw Worm","floor":4.0,"turns":4.0},{"damage":22,"enemies":"Lots of Slimes","floor":5,"turns":4},{"damage":7,"enemies":"Gremlin Nob","floor":7,"turns":3},{"damage":8,"enemies":"Blue Slaver","floor":8,"turns":6},{"damage":14,"enemies":"Lagavulin","floor":10,"turns":5},{"damage":6,"enemies":"Exordium Wildlife","floor":12,"turns":3},{"damage":27,"enemies":"The Guardian","floor":16,"turns":2}],"seed_played":"-8573335482127238875","potions_obtained":[{"floor":1.0,"key":"SteroidPotion"},{"floor":3.0,"key":"Fire Potion"},{"floor":7,"key":"PowerPotion"}],"is_trial":false,"path_per_floor":["M","$","M","M","M","R","E","M","T","E","R","M","R","?","R","B"],"character_chosen":"IRONCLAD","items_purchased":["Combust"],"campfire_rested":0,"item_purchase_floors":[2],"current_hp_per_floor":[46,46,52,44,28,28,27,25,25,17,17,17,17,13,13,0],"gold":221,"neow_bonus":"REMOVE_TWO","is_prod":false,"is_daily":false,"chose_seed":false,"campfire_upgraded":4,"win_rate":0,"timestamp":1570291414,"path_taken":["M","$","M","M","M","R","E","M","T","E","R","M","R","?","R","BOSS"],"build_version":"2019-10-04","purchased_purges":0,"victory":false,"max_hp_per_floor":[75,75,75,75,75,75,75,75,75,75,75,75,75,75,75,75],"card_choices":[{"not_picked":["Entrench","Searing Blow"],"picked":"Shrug It Off","floor":1.0},{"not_picked":["Clothesline","Rampage"],"picked":"Uppercut","floor":3.0},{"not_picked":["Havoc","Evolve","Twin Strike"],"picked":"SKIP","floor":4},{"not_picked":["Infernal Blade","Twin Strike"],"picked":"Shrug It Off","floor":5},{"not_picked":["Burning Pact","Rampage"],"picked":"Inflame","floor":7},{"not_picked":["Heavy Blade","Warcry"],"picked":"Sword Boomerang","floor":8},{"not_picked":["Perfected Strike","Uppercut","Wild Strike"],"picked":"SKIP","floor":10},{"not_picked":["Twin Strike","Clash"],"picked":"Flame Barrier","floor":12}],"player_experience":1229720,"relics_obtained":[{"floor":7,"key":"TungstenRod"},{"floor":9,"key":"Bag of Marbles"},{"floor":10,"key":"MealTicket"}],"event_choices":[{"damage_healed":0,"gold_gain":0,"player_choice":"Success","damage_taken":5,"relics_obtained":["Tiny Chest"],"max_hp_gain":0,"max_hp_loss":0,"event_name":"Scrap Ooze","floor":14,"gold_loss":0}],"is_beta":true,"boss_relics":[],"items_purged_floors":[],"is_endless":false,"potions_floor_spawned":[1,3,5,7],"killed_by":"The Guardian","ascension_level":20}