{"gold_per_floor":[112,128,128,139,151,151,182,182,182,195,195,206,206,232,232,332,382,401,401,73,73,93,93,120,140,190,190,202,202,202,21,21,116,116,136,136,148,158,15,15,31,45,45,59,94,104,104,129,129,129],"floor_reached":51,"playtime":3034,"items_purged":["Strike_G","Skewer"],"score":841,"play_id":"87734074-f604-48f8-a314-c45d07435e44","local_time":"20191023115348","is_ascension_mode":true,"campfire_choices":[{"data":"Neutralize","floor":6,"key":"SMITH"},{"data":"Backflip","floor":13,"key":"SMITH"},{"floor":15,"key":"REST"},{"data":"Infinite Blades","floor":23,"key":"SMITH"},{"data":"Accuracy","floor":27,"key":"SMITH"},{"floor":29,"key":"REST"},{"data":"Accuracy","floor":32,"key":"SMITH"},{"data":"Burst","floor":40,"key":"SMITH"},{"floor":47,"key":"REST"},{"floor":49,"key":"REST"}],"neow_cost":"PERCENT_DAMAGE","seed_source_timestamp":71538960911100,"circlet_count":0,"master_deck":["Strike_G+1","Strike_G+1","Strike_G+1","Strike_G+1","Defend_G+1","Defend_G+1","Defend_G+1","Defend_G+1","Defend_G+1","Neutralize+1","Caltrops+1","Escape Plan","Accuracy+1","Backflip+1","Storm of Steel+1","Infinite Blades+1","Escape Plan+1","Well Laid Plans+1","Blade Dance","Accuracy+1","Burst+1","Accuracy","Infinite Blades+1","PiercingWail+1","Normality"],"relics":["Ring of the Snake","Lantern","Mummified Hand","StoneCalendar","Tiny House","Bottled Tornado","War Paint","Regal Pillow","Cursed Key","Orichalcum","Bag of Preparation","Bag of Marbles"],"potions_floor_usage":[7,12,14,16,16,22,35,37,38,45,50,50,50],"damage_taken":[{"damage":0,"enemies":"2 Louse","floor":1,"turns":4},{"damage":8,"enemies":"Cultist","floor":2,"turns":5},{"damage":1,"enemies":"Jaw Worm","floor":4,"turns":6},{"damage":3,"enemies":"Looter","floor":5,"turns":5},{"damage":46,"enemies":"3 Sentries","floor":7,"turns":12},{"damage":2,"enemies":"3 Louse","floor":10,"turns":4},{"damage":21,"enemies":"Exordium Thugs","floor":12,"turns":4},{"damage":21,"enemies":"Lagavulin","floor":14,"turns":12},{"damage":7,"enemies":"Slime Boss","floor":16,"turns":11},{"damage":3,"enemies":"3 Byrds","floor":18,"turns":2},{"damage":18,"enemies":"2 Thieves","floor":22,"turns":5},{"damage":22,"enemies":"Gremlin Leader","floor":24,"turns":8},{"damage":4,"enemies":"Snecko","floor":25,"turns":5},{"damage":13,"enemies":"Sentry and Sphere","floor":28,"turns":4},{"damage":25,"enemies":"Champ","floor":33,"turns":7},{"damage":20,"enemies":"3 Darklings","floor":35,"turns":5},{"damage":3,"enemies":"Orb Walker","floor":37,"turns":3},{"damage":0,"enemies":"Jaw Worm Horde","floor":38,"turns":4},{"damage":0,"enemies":"4 Shapes","floor":41,"turns":6},{"damage":24,"enemies":"Writhing Mass","floor":42,"turns":6},{"damage":0,"enemies":"Transient","floor":44,"turns":5},{"damage":36,"enemies":"Reptomancer","floor":45,"turns":5},{"damage":2,"enemies":"3 Darklings","floor":46,"turns":4},{"damage":67,"enemies":"Awakened One","floor":50,"turns":10}],"seed_played":"-3839272105927738432","potions_obtained":[{"floor":1,"key":"SpeedPotion"},{"floor":4,"key":"Regen Potion"},{"floor":5,"key":"SteroidPotion"},{"floor":7,"key":"Block Potion"},{"floor":14,"key":"GamblersBrew"},{"floor":17,"key":"EssenceOfSteel"},{"floor":24,"key":"Explosive Potion"},{"floor":28,"key":"GamblersBrew"},{"floor":33,"key":"EssenceOfSteel"},{"floor":35,"key":"SteroidPotion"},{"floor":36,"key":"Regen Potion"},{"floor":36,"key":"PowerPotion"},{"floor":36,"key":"Dexterity Potion"},{"floor":37,"key":"Dexterity Potion"},{"floor":42,"key":"Regen Potion"},{"floor":45,"key":"PowerPotion"}],"is_trial":false,"path_per_floor":["M","M","?","M","M","R","E","?","T","M","?","M","R","E","R","B",null,"M","?","$","?","M","R","E","M","T","R","M","R","?","$","R","B",null,"M","?","M","M","$","R","M","M","T","M","E","M","R","T","R","B",null],"character_chosen":"THE_SILENT","items_purchased":["Bottled Tornado","Accuracy","Orichalcum"],"campfire_rested":4,"item_purchase_floors":[20,31,39],"current_hp_per_floor":[49,41,80,79,76,76,45,45,45,43,69,48,48,27,51,44,85,82,82,82,82,64,64,42,38,38,38,25,65,65,65,65,40,85,65,65,67,67,67,67,67,43,43,43,21,19,59,59,85,18],"gold":129,"neow_bonus":"THREE_RARE_CARDS","is_prod":false,"is_daily":false,"chose_seed":false,"campfire_upgraded":6,"win_rate":0,"timestamp":1571846028,"path_taken":["M","M","?","M","?","R","E","?","T","M","?","M","R","E","R","BOSS","M","?","$","?","M","R","E","M","T","R","M","R","?","$","R","BOSS","M","?","?","M","$","R","?","M","T","M","E","M","R","?","R","BOSS"],"build_version":"2019-07-17","purchased_purges":2,"victory":true,"max_hp_per_floor":[70,70,80,80,80,80,80,80,80,80,80,80,80,80,80,80,85,85,85,85,85,85,85,85,85,85,85,85,85,85,85,85,85,85,85,85,85,85,85,85,85,85,85,85,85,85,85,85,85,85],"card_choices":[{"not_picked":["Night Terror","A Thousand Cuts"],"picked":"Bullet Time","floor":0},{"not_picked":["Catalyst","Sucker Punch"],"picked":"Caltrops","floor":1},{"not_picked":["Bane","Underhanded Strike"],"picked":"Escape Plan","floor":2},{"not_picked":["Deadly Poison","Cloak And Dagger"],"picked":"Accuracy","floor":4},{"not_picked":["Prepared","Eviscerate"],"picked":"Backflip","floor":5},{"not_picked":["Caltrops","Choke","Noxious Fumes"],"picked":"SKIP","floor":7},{"not_picked":["Setup","Outmaneuver","Catalyst"],"picked":"SKIP","floor":10},{"not_picked":["Calculated Gamble","Slice","Backflip"],"picked":"SKIP","floor":12},{"not_picked":["Dash","Underhanded Strike","Dagger Throw"],"picked":"SKIP","floor":14},{"not_picked":["Burst","Corpse Explosion"],"picked":"Storm of Steel","floor":16},{"not_picked":["Dash","Acrobatics","Prepared"],"picked":"SKIP","floor":18},{"not_picked":["Quick Slash","Outmaneuver"],"picked":"Escape Plan","floor":22},{"not_picked":["Dagger Spray+1","Caltrops+1"],"picked":"Well Laid Plans+1","floor":24},{"not_picked":["Dagger Spray","Bane"],"picked":"Blade Dance","floor":25},{"not_picked":["Crippling Poison","Underhanded Strike","Acrobatics+1"],"picked":"SKIP","floor":28},{"not_picked":["Corpse Explosion","Wraith Form v2"],"picked":"Burst","floor":33},{"not_picked":["Acrobatics","Slice+1","Flying Knee+1"],"picked":"SKIP","floor":35},{"not_picked":["Bouncing Flask","Terror+1","Prepared"],"picked":"SKIP","floor":37},{"not_picked":["Outmaneuver","Eviscerate","Bouncing Flask+1"],"picked":"SKIP","floor":38},{"not_picked":["Deflect+1","Flying Knee+1","Calculated Gamble"],"picked":"SKIP","floor":41},{"not_picked":["Deflect+1","Dagger Throw"],"picked":"Accuracy","floor":42},{"not_picked":["Bullet Time","Dagger Throw"],"picked":"Infinite Blades+1","floor":44},{"not_picked":["Quick Slash+1","Die Die Die"],"picked":"PiercingWail+1","floor":45},{"not_picked":["Dagger Spray+1","Poisoned Stab","Dodge and Roll"],"picked":"SKIP","floor":46}],"player_experience":178194,"relics_obtained":[{"floor":7,"key":"Lantern"},{"floor":9,"key":"Mummified Hand"},{"floor":14,"key":"StoneCalendar"},{"floor":24,"key":"War Paint"},{"floor":26,"key":"Regal Pillow"},{"floor":45,"key":"Bag of Preparation"},{"floor":48,"key":"Bag of Marbles"}],"event_choices":[{"cards_removed":["Bullet Time"],"damage_healed":29,"gold_gain":0,"player_choice":"Offered Rare","damage_taken":0,"max_hp_gain":10,"max_hp_loss":0,"event_name":"Bonfire Elementals","floor":3,"gold_loss":0},{"damage_healed":0,"gold_gain":0,"player_choice":"Ignored","damage_taken":0,"max_hp_gain":0,"max_hp_loss":0,"event_name":"Liars Game","floor":8,"gold_loss":0},{"damage_healed":26,"gold_gain":0,"player_choice":"Banana","damage_taken":0,"max_hp_gain":0,"max_hp_loss":0,"event_name":"Big Fish","floor":11,"gold_loss":0},{"damage_healed":0,"gold_gain":0,"player_choice":"Read","damage_taken":0,"max_hp_gain":0,"max_hp_loss":0,"event_name":"The Library","floor":19,"gold_loss":0,"cards_obtained":["Infinite Blades"]},{"damage_healed":0,"gold_gain":0,"player_choice":"Simplicity","damage_taken":0,"max_hp_gain":0,"max_hp_loss":0,"event_name":"Back to Basics","floor":21,"gold_loss":0,"cards_upgraded":["Strike_G","Strike_G","Strike_G","Strike_G","Defend_G","Defend_G","Defend_G","Defend_G","Defend_G"]},{"damage_healed":0,"gold_gain":0,"cards_transformed":["Survivor"],"player_choice":"Transformed","damage_taken":0,"max_hp_gain":0,"max_hp_loss":0,"event_name":"Transmorgrifier","floor":30,"gold_loss":0,"cards_obtained":["Skewer"]},{"damage_healed":0,"gold_gain":0,"player_choice":"Got Potions","damage_taken":0,"max_hp_gain":0,"max_hp_loss":0,"event_name":"Lab","floor":36,"gold_loss":0}],"is_beta":false,"boss_relics":[{"not_picked":["Velvet Choker","Runic Dome"],"picked":"Tiny House"},{"not_picked":["Calling Bell","Lizard Tail"],"picked":"Cursed Key"}],"items_purged_floors":[20,31],"is_endless":false,"potions_floor_spawned":[1,4,5,7,14,24,28,33,35,37,42,45],"ascension_level":4}