{"gold_per_floor":[111,111,124,141,161,161,161,161,161,161,194,213,239,251,263,275],"floor_reached":16,"playtime":1047,"items_purged":[],"score":193,"play_id":"dcf109cd-0a8c-446f-b0c5-18c5a5e15eba","local_time":"20190115035553","is_ascension_mode":true,"campfire_choices":[{"data":"Body Slam","floor":6,"key":"SMITH"},{"data":"Bash","floor":8,"key":"SMITH"},{"data":"1","floor":10,"key":"LIFT"},{"data":"Spot Weakness","floor":15,"key":"SMITH"}],"neow_cost":"TEN_PERCENT_HP_LOSS","seed_source_timestamp":0,"circlet_count":0,"master_deck":["AscendersBane","Strike_R","Strike_R","Strike_R","Defend_R","Defend_R","Defend_R","Defend_R","Bash+1","Shrug It Off","Body Slam+1","Spot Weakness+1","Body Slam+1"],"special_seed":0,"relics":["Burning Blood","Girya","Matryoshka","Molten Egg 2","MawBank"],"potions_floor_usage":[13,16,16],"damage_taken":[{"damage":4.0,"enemies":"Jaw Worm","floor":1.0,"turns":4.0},{"damage":3.0,"enemies":"2 Louse","floor":3.0,"turns":4.0},{"damage":7,"enemies":"Cultist","floor":4,"turns":5},{"damage":0,"enemies":"3 Louse","floor":5,"turns":4},{"damage":22,"enemies":"3 Sentries","floor":11,"turns":11},{"damage":0,"enemies":"Blue Slaver","floor":12,"turns":4},{"damage":10,"enemies":"Gremlin Nob","floor":13,"turns":3},{"damage":74,"enemies":"Slime Boss","floor":16,"turns":9}],"seed_played":"1423911099686032886","potions_obtained":[{"floor":11,"key":"BloodPotion"},{"floor":12,"key":"FearPotion"},{"floor":13,"key":"GamblersBrew"}],"is_trial":false,"path_per_floor":["M","?","M","M","M","R","?","R","T","R","E","M","E","$","R","B"],"character_chosen":"IRONCLAD","items_purchased":[],"campfire_rested":0,"item_purchase_floors":[],"current_hp_per_floor":[68,68,68,67,68,68,68,68,68,68,52,58,54,54,54,0],"gold":275,"neow_bonus":"ONE_RARE_RELIC","is_prod":false,"is_daily":false,"chose_seed":false,"campfire_upgraded":3,"win_rate":0,"timestamp":1547520953,"path_taken":["M","?","M","M","M","R","?","R","T","R","E","M","E","$","R","BOSS"],"build_version":"2019-01-10","purchased_purges":0,"victory":false,"max_hp_per_floor":[68,68,68,68,68,68,68,68,68,68,68,68,68,68,68,68],"card_choices":[{"not_picked":["Pommel Strike","Seeing Red"],"picked":"Shrug It Off","floor":1.0},{"not_picked":["Thunderclap","Blood for Blood","Combust"],"picked":"SKIP","floor":3},{"not_picked":["Anger","Flex"],"picked":"Body Slam","floor":4},{"not_picked":["Feel No Pain","Iron Wave"],"picked":"Spot Weakness","floor":5},{"not_picked":["Body Slam","Pommel Strike","Blood for Blood"],"picked":"SKIP","floor":11},{"not_picked":["Headbutt+1","Rampage+1"],"picked":"Body Slam+1","floor":12},{"not_picked":["Berserk","Cleave+1","Heavy Blade+1"],"picked":"SKIP","floor":13}],"player_experience":497508,"relics_obtained":[{"floor":9,"key":"Matryoshka"},{"floor":11,"key":"Molten Egg 2"},{"floor":13,"key":"MawBank"}],"event_choices":[{"cards_removed":["Strike_R"],"damage_healed":0.0,"max_hp_gain":0.0,"max_hp_loss":0.0,"gold_gain":0.0,"event_name":"Living Wall","player_choice":"Forget","floor":2.0,"gold_loss":0.0,"damage_taken":0.0},{"cards_removed":["Strike_R"],"damage_healed":0,"gold_gain":0,"player_choice":"Offered Basic","damage_taken":0,"max_hp_gain":0,"max_hp_loss":0,"event_name":"Bonfire Elementals","floor":7,"gold_loss":0}],"is_beta":false,"boss_relics":[],"items_purged_floors":[],"is_endless":false,"potions_floor_spawned":[11,12,13],"killed_by":"Slime Boss","ascension_level":15}