{"gold_per_floor":[119,17,17,17,17,17,50,50,50,77,92,105,117,137,137,210,210,225,9,26,42,42],"floor_reached":22,"playtime":884,"items_purged":["Strike_R"],"score":492,"play_id":"6dfdae59-d8bb-4a3d-8814-9a5ce8bdd229","local_time":"20191001200850","is_ascension_mode":true,"campfire_choices":[{"data":"Clothesline","floor":6.0,"key":"SMITH"},{"data":"Bash","floor":15.0,"key":"SMITH"}],"neow_cost":"NONE","seed_source_timestamp":0,"circlet_count":0,"master_deck":["AscendersBane","Strike_R","Strike_R","Strike_R+1","Defend_R","Defend_R","Defend_R","Defend_R","Bash+1","Sword Boomerang","Combust","Clothesline+1","Sword Boomerang+1","Reaper","Feel No Pain","Berserk","Corruption","Battle Trance","Evolve","Shrug It Off","Dual Wield"],"special_seed":0,"relics":["Burning Blood","NeowsBlessing","Red Skull","The Courier","Bag of Marbles","Runic Pyramid","Membership Card"],"potions_floor_usage":[16],"damage_taken":[{"damage":0.0,"enemies":"2 Louse","floor":1.0,"turns":1.0},{"damage":0.0,"enemies":"Lagavulin","floor":7.0,"turns":1.0},{"damage":0.0,"enemies":"3 Sentries","floor":10.0,"turns":1.0},{"damage":7.0,"enemies":"Jaw Worm","floor":11.0,"turns":3.0},{"damage":10.0,"enemies":"Small Slimes","floor":12.0,"turns":3.0},{"damage":12.0,"enemies":"Exordium Wildlife","floor":13.0,"turns":4.0},{"damage":44.0,"enemies":"Gremlin Gang","floor":14.0,"turns":4.0},{"damage":26,"enemies":"The Guardian","floor":16,"turns":12},{"damage":21,"enemies":"Chosen","floor":18,"turns":5},{"damage":19,"enemies":"Shell Parasite","floor":20,"turns":4},{"damage":48,"enemies":"Cultist and Chosen","floor":21,"turns":8},{"damage":8,"enemies":"Sentry and Sphere","floor":22,"turns":3}],"seed_played":"-2828697102431613790","potions_obtained":[{"floor":10.0,"key":"SpeedPotion"},{"floor":11.0,"key":"EssenceOfSteel"}],"is_trial":false,"path_per_floor":["M","$","?","?","?","R","E","$","T","E","M","M","M","M","R","B",null,"M","$","M","M","M"],"character_chosen":"IRONCLAD","items_purchased":["Combust","Clothesline","Membership Card","Battle Trance","Evolve"],"campfire_rested":0,"item_purchase_floors":[2,2,19,19,19],"current_hp_per_floor":[74,74,74,79,55,55,61,61,61,67,66,74,72,34,34,24,66,57,57,44,7,0],"gold":42,"neow_bonus":"THREE_ENEMY_KILL","is_prod":false,"is_daily":false,"chose_seed":false,"campfire_upgraded":2,"win_rate":0,"timestamp":1569974930,"path_taken":["M","$","?","?","?","R","E","$","T","E","M","M","?","M","R","BOSS","M","$","M","?","M"],"build_version":"2019-10-01","purchased_purges":1,"victory":false,"max_hp_per_floor":[75,75,75,80,80,80,80,80,80,80,80,80,80,80,80,80,80,80,80,80,80,80],"card_choices":[{"not_picked":["Clash","Warcry"],"picked":"Sword Boomerang","floor":1.0},{"not_picked":["Twin Strike","Thunderclap"],"picked":"Reaper","floor":7.0},{"not_picked":["Searing Blow","Flex","Warcry"],"picked":"SKIP","floor":10.0},{"not_picked":["Dual Wield","Anger","Power Through"],"picked":"SKIP","floor":11.0},{"not_picked":["Body Slam","Barricade"],"picked":"Feel No Pain","floor":12.0},{"not_picked":["Entrench","Carnage","Headbutt"],"picked":"SKIP","floor":13.0},{"not_picked":["Carnage","Searing Blow","Twin Strike"],"picked":"SKIP","floor":14.0},{"not_picked":["Brutality","Dark Embrace"],"picked":"Berserk","floor":16},{"not_picked":["Infernal Blade","Perfected Strike"],"picked":"Corruption","floor":18},{"not_picked":["Headbutt","Iron Wave"],"picked":"Shrug It Off","floor":20},{"not_picked":["Bloodletting","Uppercut"],"picked":"Dual Wield","floor":21}],"player_experience":1201864,"relics_obtained":[{"floor":7.0,"key":"Red Skull"},{"floor":9.0,"key":"The Courier"},{"floor":10.0,"key":"Bag of Marbles"}],"event_choices":[{"damage_healed":0.0,"max_hp_gain":0.0,"max_hp_loss":0.0,"gold_gain":0.0,"cards_transformed":["Strike_R"],"event_name":"Living Wall","player_choice":"Change","floor":3.0,"gold_loss":0.0,"damage_taken":0.0,"cards_obtained":["Sword Boomerang"]},{"damage_healed":0.0,"max_hp_gain":5.0,"max_hp_loss":0.0,"gold_gain":0.0,"event_name":"Big Fish","player_choice":"Donut","floor":4.0,"gold_loss":0.0,"damage_taken":0.0},{"damage_healed":0.0,"max_hp_gain":0.0,"max_hp_loss":0.0,"gold_gain":0.0,"event_name":"Shining Light","player_choice":"Entered Light","floor":5.0,"gold_loss":0.0,"damage_taken":24.0,"cards_upgraded":["Strike_R","Sword Boomerang"]}],"is_beta":true,"boss_relics":[{"not_picked":["Sozu","Black Blood"],"picked":"Runic Pyramid"}],"items_purged_floors":[19],"is_endless":false,"potions_floor_spawned":[10,11],"killed_by":"Sentry and Sphere","ascension_level":20}