{"gold_per_floor":[12,22,22,39,39,39,70,87,87,97,97,97,97,108,108,209,209,219,63,63,76,1,1,16,42,69,69,87,87,105,20,20,117,117,129,147,49,62,62,62,74,74,74,74,402,402,413,429,429,429],"floor_reached":51,"playtime":2651,"items_purged":["Strike_B","Defend_B"],"score":1029,"play_id":"8ffa40df-a9b3-49f3-a615-3b28f0a93149","local_time":"20190722113536","is_ascension_mode":true,"campfire_choices":[{"data":"Sunder","floor":6,"key":"SMITH"},{"data":"Go for the Eyes","floor":11,"key":"SMITH"},{"data":"Zap","floor":13,"key":"SMITH"},{"data":"Skim","floor":15,"key":"SMITH"},{"data":"Defragment","floor":23,"key":"SMITH"},{"data":"Seek","floor":27,"key":"SMITH"},{"data":"Rainbow","floor":32,"key":"SMITH"},{"data":"Defragment","floor":40,"key":"SMITH"},{"data":"Loop","floor":42,"key":"SMITH"},{"data":"Redo","floor":44,"key":"SMITH"},{"data":"Coolheaded","floor":49,"key":"SMITH"}],"neow_cost":"NO_GOLD","seed_source_timestamp":73450100284600,"circlet_count":0,"master_deck":["Defend_B","Zap+1","Dualcast","Conserve Battery","Sunder+1","Go for the Eyes+1","Loop+1","Conserve Battery","Ball Lightning","Skim+1","Rainbow+1","Genetic Algorithm+1","Streamline+1","Fission+1","Turbo","Defragment+1","Darkness","Seek+1","Hologram","Necronomicurse","Defragment+1","Meteor Strike","Turbo+1","Redo+1","Conserve Battery+1","Coolheaded+1"],"relics":["Cracked Core","Unceasing Top","Torii","Astrolabe","Gremlin Horn","Anchor","Necronomicon","Smiling Mask","Inserter","Letter Opener","Old Coin"],"potions_floor_usage":[8,16,18,18,25,25,33,33,38],"damage_taken":[{"damage":0,"enemies":"Cultist","floor":1,"turns":4},{"damage":11,"enemies":"Small Slimes","floor":2,"turns":4},{"damage":7,"enemies":"Jaw Worm","floor":4,"turns":2},{"damage":18,"enemies":"Gremlin Nob","floor":7,"turns":3},{"damage":0,"enemies":"Gremlin Gang","floor":8,"turns":4},{"damage":1,"enemies":"3 Louse","floor":10,"turns":2},{"damage":1,"enemies":"Exordium Wildlife","floor":14,"turns":3},{"damage":4,"enemies":"The Guardian","floor":16,"turns":10},{"damage":0,"enemies":"2 Thieves","floor":18,"turns":3},{"damage":1,"enemies":"Chosen","floor":21,"turns":4},{"damage":2,"enemies":"Centurion and Healer","floor":24,"turns":4},{"damage":11,"enemies":"Slavers","floor":25,"turns":4},{"damage":0,"enemies":"Chosen and Byrds","floor":28,"turns":4},{"damage":0,"enemies":"Snake Plant","floor":30,"turns":2},{"damage":0,"enemies":"Champ","floor":33,"turns":7},{"damage":9,"enemies":"3 Shapes","floor":35,"turns":3},{"damage":14,"enemies":"Orb Walker","floor":36,"turns":3},{"damage":35,"enemies":"Writhing Mass","floor":38,"turns":5},{"damage":0,"enemies":"Spire Growth","floor":41,"turns":4},{"damage":1,"enemies":"Nemesis","floor":45,"turns":5},{"damage":0,"enemies":"Jaw Worm Horde","floor":47,"turns":2},{"damage":1,"enemies":"Transient","floor":48,"turns":5},{"damage":2,"enemies":"Donu and Deca","floor":50,"turns":6}],"seed_played":"2551143472736141565","potions_obtained":[{"floor":7,"key":"AttackPotion"},{"floor":8,"key":"Explosive Potion"},{"floor":10,"key":"Regen Potion"},{"floor":14,"key":"Strength Potion"},{"floor":16,"key":"Energy Potion"},{"floor":21,"key":"SkillPotion"},{"floor":24,"key":"Fire Potion"},{"floor":28,"key":"Dexterity Potion"},{"floor":30,"key":"Poison Potion"},{"floor":38,"key":"Energy Potion"},{"floor":41,"key":"Poison Potion"},{"floor":46,"key":"FairyPotion"},{"floor":46,"key":"EntropicBrew"},{"floor":48,"key":"SkillPotion"}],"is_trial":false,"path_per_floor":["M","M","$","M","$","R","E","M","T","M","R","?","R","M","R","B",null,"M","$","?","M","$","R","M","E","T","R","M","?","M","?","R","B",null,"M","M","$","M","?","R","M","R","T","R","E","?","M","M","R","B",null],"character_chosen":"DEFECT","items_purchased":["Defragment","Regen Potion","Block Potion"],"campfire_rested":0,"item_purchase_floors":[19,22,37],"current_hp_per_floor":[68,57,57,50,50,50,32,32,32,31,31,31,31,30,30,41,67,67,67,67,66,66,66,64,53,53,53,53,37,37,37,37,37,66,57,43,43,8,66,66,66,66,66,66,65,65,65,64,64,62],"gold":429,"neow_bonus":"REMOVE_TWO","is_prod":false,"is_daily":false,"chose_seed":false,"campfire_upgraded":11,"win_rate":0,"timestamp":1563809736,"path_taken":["M","?","$","M","$","R","E","M","T","M","R","?","R","M","R","BOSS","M","$","?","M","$","R","M","E","T","R","?","?","M","?","R","BOSS","M","M","$","M","?","R","M","R","T","R","E","?","?","M","R","BOSS"],"build_version":"2019-07-17","purchased_purges":2,"victory":true,"max_hp_per_floor":[75,75,75,75,75,75,75,75,75,75,75,75,75,75,75,75,75,75,75,75,75,75,75,75,75,75,75,75,75,75,75,75,75,75,75,75,75,75,66,66,66,66,66,66,66,66,66,66,66,66],"card_choices":[{"not_picked":["Rebound","Reinforced Body"],"picked":"Conserve Battery","floor":1},{"not_picked":["Heatsinks","Hello World"],"picked":"Sunder","floor":2},{"not_picked":["Sunder","Reinforced Body"],"picked":"Go for the Eyes","floor":4},{"not_picked":["Sunder","Chill"],"picked":"Loop","floor":7},{"not_picked":["Compile Driver","Barrage"],"picked":"Conserve Battery","floor":8},{"not_picked":["Conserve Battery","Reboot"],"picked":"Ball Lightning","floor":10},{"not_picked":["Go for the Eyes","Compile Driver"],"picked":"Skim","floor":14},{"not_picked":["Amplify","Meteor Strike"],"picked":"Rainbow","floor":16},{"not_picked":["Gash","Go for the Eyes"],"picked":"Turbo","floor":18},{"not_picked":["Turbo","Rebound+1","Sweeping Beam"],"picked":"SKIP","floor":21},{"not_picked":["Doom and Gloom+1","Gash"],"picked":"Seek","floor":24},{"not_picked":["Genetic Algorithm+1","Sweeping Beam+1"],"picked":"Hologram","floor":25},{"not_picked":["Turbo+1","Gash+1","Storm"],"picked":"SKIP","floor":28},{"not_picked":["Redo","Compile Driver"],"picked":"Defragment","floor":30},{"not_picked":["Reboot","Fission"],"picked":"Meteor Strike","floor":33},{"not_picked":["Stack","Hello World"],"picked":"Turbo+1","floor":35},{"not_picked":["Stack","Lockon","Rebound"],"picked":"SKIP","floor":36},{"not_picked":["Turbo","Ball Lightning"],"picked":"Redo","floor":38},{"not_picked":["Scrape","Compile Driver+1","Auto Shields"],"picked":"SKIP","floor":41},{"not_picked":["Streamline+1","Storm","Leap"],"picked":"SKIP","floor":45},{"not_picked":["Reinforced Body+1","Go for the Eyes"],"picked":"Conserve Battery+1","floor":47},{"not_picked":["Loop","Rip and Tear"],"picked":"Coolheaded","floor":48}],"player_experience":478501,"relics_obtained":[{"floor":7,"key":"Unceasing Top"},{"floor":9,"key":"Torii"},{"floor":25,"key":"Gremlin Horn"},{"floor":26,"key":"Anchor"},{"floor":29,"key":"Necronomicon"},{"floor":43,"key":"Letter Opener"},{"floor":45,"key":"Old Coin"}],"event_choices":[{"damage_healed":0,"gold_gain":0,"player_choice":"Ignored","damage_taken":0,"max_hp_gain":0,"max_hp_loss":0,"event_name":"Liars Game","floor":12,"gold_loss":0},{"damage_healed":0,"gold_gain":0,"player_choice":"1 cards matched","damage_taken":0,"max_hp_gain":0,"max_hp_loss":0,"event_name":"Match and Keep!","floor":20,"gold_loss":0,"cards_obtained":["Darkness"]},{"damage_healed":0,"gold_gain":0,"player_choice":"Obtained Book","damage_taken":16,"max_hp_gain":0,"max_hp_loss":0,"event_name":"Cursed Tome","floor":29,"gold_loss":0},{"damage_healed":0,"gold_gain":0,"player_choice":"Obtained Relic","damage_taken":0,"relics_obtained":["Smiling Mask"],"max_hp_gain":0,"max_hp_loss":0,"event_name":"Addict","floor":31,"gold_loss":85},{"damage_healed":66,"gold_gain":0,"player_choice":"Heal","damage_taken":0,"max_hp_gain":0,"max_hp_loss":9,"event_name":"The Moai Head","floor":39,"gold_loss":0},{"damage_healed":0,"gold_gain":0,"player_choice":"Got Potions","damage_taken":0,"max_hp_gain":0,"max_hp_loss":0,"event_name":"Lab","floor":46,"gold_loss":0}],"is_beta":false,"boss_relics":[{"not_picked":["Nuclear Battery","Calling Bell"],"picked":"Astrolabe"},{"not_picked":["Eternal Feather","Velvet Choker"],"picked":"Inserter"}],"items_purged_floors":[19,37],"is_endless":false,"potions_floor_spawned":[7,8,10,14,16,21,24,28,30,38,41,48],"ascension_level":8}