{"gold_per_floor":[116,135,135,146,166,199,199,124,124,124,158,158,174,174,174,270,270,280,280,291,302,402,402,402],"floor_reached":24,"playtime":1486,"items_purged":["Strike_B"],"score":299,"play_id":"0372e44b-572e-4442-b291-cb846460ec44","local_time":"20190725224724","is_ascension_mode":true,"campfire_choices":[{"data":"Zap","floor":7,"key":"SMITH"},{"data":"Defragment","floor":12,"key":"SMITH"},{"data":"Hologram","floor":15,"key":"SMITH"},{"data":"Fission","floor":23,"key":"SMITH"}],"neow_cost":"NONE","seed_source_timestamp":374141750765000,"circlet_count":0,"master_deck":["Defend_B","Defend_B","Defend_B","Defend_B","Zap+1","Dualcast","Cold Snap","Defragment+1","Go for the Eyes","Leap","Hologram+1","Parasite","Fission+1","Gash","Auto Shields+1","Turbo"],"relics":["Cracked Core","Singing Bowl","Nunchaku","Bottled Flame","Boot","Empty Cage"],"potions_floor_usage":[16,21,24],"damage_taken":[{"damage":1,"enemies":"Cultist","floor":1,"turns":4},{"damage":0,"enemies":"Jaw Worm","floor":2,"turns":4},{"damage":4,"enemies":"2 Louse","floor":4,"turns":2},{"damage":4,"enemies":"2 Fungi Beasts","floor":5,"turns":5},{"damage":36,"enemies":"Lagavulin","floor":6,"turns":8},{"damage":26,"enemies":"3 Sentries","floor":11,"turns":9},{"damage":1,"enemies":"Exordium Wildlife","floor":13,"turns":3},{"damage":5,"enemies":"The Guardian","floor":16,"turns":15},{"damage":0,"enemies":"Shell Parasite","floor":18,"turns":20},{"damage":7,"enemies":"Chosen","floor":20,"turns":7},{"damage":21,"enemies":"Snecko","floor":21,"turns":7},{"damage":49,"enemies":"Gremlin Leader","floor":24,"turns":4}],"seed_played":"-2398907155122315157","potions_obtained":[{"floor":1,"key":"PowerPotion"},{"floor":6,"key":"FearPotion"},{"floor":11,"key":"Swift Potion"},{"floor":21,"key":"SpeedPotion"}],"is_trial":false,"path_per_floor":["M","M","T","M","M","E","R","$","T","?","E","R","M","?","R","B",null,"M","?","M","M","?","R","E"],"character_chosen":"DEFECT","items_purchased":[],"campfire_rested":0,"item_purchase_floors":[],"current_hp_per_floor":[67,67,67,65,61,25,25,25,25,50,24,24,25,44,44,39,69,69,69,62,41,41,41,0],"gold":402,"neow_bonus":"REMOVE_CARD","is_prod":false,"is_daily":false,"chose_seed":false,"campfire_upgraded":4,"win_rate":0,"timestamp":1564109244,"path_taken":["M","M","?","M","M","E","R","$","T","?","E","R","M","?","R","BOSS","M","?","M","M","?","R","E"],"build_version":"2019-07-17","purchased_purges":1,"victory":false,"max_hp_per_floor":[75,75,75,77,77,77,77,77,77,77,77,77,79,79,79,79,79,79,79,79,79,79,79,79],"card_choices":[{"not_picked":["Loop","Redo"],"picked":"Cold Snap","floor":1},{"not_picked":["Coolheaded","Aggregate"],"picked":"Defragment","floor":2},{"not_picked":["Barrage","Turbo","Streamline"],"picked":"Singing Bowl","floor":4},{"not_picked":["Chaos","Steam Power"],"picked":"Go for the Eyes","floor":5},{"not_picked":["Chaos","Turbo"],"picked":"Leap","floor":6},{"not_picked":["Skim","Redo"],"picked":"Hologram","floor":11},{"not_picked":["Multi-Cast","Turbo","Tempest"],"picked":"Singing Bowl","floor":13},{"not_picked":["Amplify","Rainbow"],"picked":"Fission","floor":16},{"not_picked":["Steam","Rebound"],"picked":"Gash","floor":18},{"not_picked":["Stack","Heatsinks"],"picked":"Auto Shields+1","floor":20},{"not_picked":["Stack","Streamline"],"picked":"Turbo","floor":21}],"player_experience":514193,"relics_obtained":[{"floor":3,"key":"Singing Bowl"},{"floor":6,"key":"Nunchaku"},{"floor":9,"key":"Bottled Flame"},{"floor":11,"key":"Boot"}],"event_choices":[{"damage_healed":25,"gold_gain":0,"player_choice":"Banana","damage_taken":0,"max_hp_gain":0,"max_hp_loss":0,"event_name":"Big Fish","floor":10,"gold_loss":0},{"damage_healed":19,"gold_gain":0,"player_choice":"Healed and dodged fight","damage_taken":0,"max_hp_gain":0,"max_hp_loss":0,"event_name":"Mushrooms","floor":14,"gold_loss":0,"cards_obtained":["Parasite"]},{"damage_healed":0,"gold_gain":0,"player_choice":"Ignored","damage_taken":0,"max_hp_gain":0,"max_hp_loss":0,"event_name":"Cursed Tome","floor":19,"gold_loss":0},{"damage_healed":0,"gold_gain":100,"player_choice":"Pray","damage_taken":0,"max_hp_gain":0,"max_hp_loss":0,"event_name":"Golden Shrine","floor":22,"gold_loss":0}],"is_beta":false,"boss_relics":[{"not_picked":["Eternal Feather","Ectoplasm"],"picked":"Empty Cage"}],"items_purged_floors":[8],"is_endless":false,"potions_floor_spawned":[1,6,11,21],"killed_by":"Gremlin Leader","ascension_level":9}