{"gold_per_floor":[117,137,154,154,164,164,17,17,40,58,58,58,88,88,88,88],"floor_reached":16,"playtime":652,"items_purged":[],"score":140,"play_id":"3823c954-1983-4cc5-88aa-76ad382126f6","local_time":"20191003170823","is_ascension_mode":true,"campfire_choices":[{"data":"DeceiveReality","floor":6.0,"key":"SMITH"},{"data":"Ragnarok","floor":8.0,"key":"SMITH"},{"data":"Wireheading","floor":12.0,"key":"SMITH"},{"data":"WaveOfTheHand","floor":15.0,"key":"SMITH"}],"neow_cost":"NONE","seed_source_timestamp":0,"circlet_count":0,"master_deck":["Strike_P","Strike_P","Strike_P","Defend_P","Defend_P","Defend_P","Defend_P","Eruption+1","Vigilance","DeceiveReality+1","Sanctity","EmptyMind","Ragnarok+1","Wireheading+1","WaveOfTheHand+1"],"special_seed":0,"relics":["PureWater","Juzu Bracelet","InkBottle","Thread and Needle"],"potions_floor_usage":[16],"damage_taken":[{"damage":0.0,"enemies":"Jaw Worm","floor":1.0,"turns":3.0},{"damage":1.0,"enemies":"2 Louse","floor":2.0,"turns":3.0},{"damage":0.0,"enemies":"Cultist","floor":3.0,"turns":3.0},{"damage":6.0,"enemies":"Gremlin Gang","floor":5.0,"turns":3.0},{"damage":0.0,"enemies":"Exordium Thugs","floor":10.0,"turns":3.0},{"damage":12.0,"enemies":"Lagavulin","floor":13.0,"turns":5.0},{"damage":27,"enemies":"Hexaghost","floor":16,"turns":11}],"seed_played":"4987718675857220932","potions_obtained":[{"floor":1.0,"key":"Regen Potion"},{"floor":2.0,"key":"SkillPotion"},{"floor":5.0,"key":"AttackPotion"},{"floor":13.0,"key":"BottledMiracle"}],"is_trial":false,"path_per_floor":["M","M","M","?","M","R","$","R","T","M","?","R","E","?","R","B"],"character_chosen":"WATCHER","items_purchased":["Ragnarok"],"campfire_rested":0,"item_purchase_floors":[7],"current_hp_per_floor":[65,64,64,69,63,63,63,63,63,63,45,45,33,26,26,0],"gold":88,"neow_bonus":"UPGRADE_CARD","is_prod":false,"is_daily":false,"chose_seed":false,"campfire_upgraded":4,"win_rate":0,"timestamp":1570136903,"path_taken":["M","M","M","?","M","R","$","R","T","M","?","R","E","?","R","BOSS"],"build_version":"2019-10-03","purchased_purges":0,"victory":false,"max_hp_per_floor":[72,72,72,77,77,77,77,77,77,77,77,77,77,77,77,77],"card_choices":[{"not_picked":["Conclude","SandsOfTime","PathToVictory"],"picked":"SKIP","floor":1.0},{"not_picked":["Halt","BowlingBash"],"picked":"DeceiveReality","floor":2.0},{"not_picked":["Protect","Meditate"],"picked":"Sanctity","floor":3.0},{"not_picked":["JustLucky","Evaluate"],"picked":"EmptyMind","floor":5.0},{"not_picked":["CrushJoints","ThirdEye"],"picked":"Wireheading","floor":10.0},{"not_picked":["BattleHymn","CutThroughFate"],"picked":"WaveOfTheHand","floor":13.0}],"player_experience":1216551,"relics_obtained":[{"floor":9.0,"key":"Juzu Bracelet"},{"floor":13.0,"key":"Thread and Needle"}],"event_choices":[{"damage_healed":0.0,"max_hp_gain":5.0,"max_hp_loss":0.0,"gold_gain":0.0,"event_name":"Big Fish","player_choice":"Donut","floor":4.0,"gold_loss":0.0,"damage_taken":0.0},{"damage_healed":0.0,"max_hp_gain":0.0,"max_hp_loss":0.0,"gold_gain":0.0,"event_name":"Scrap Ooze","player_choice":"Success","floor":11.0,"gold_loss":0.0,"damage_taken":18.0,"relics_obtained":["InkBottle"]},{"cards_removed":["Strike_P"],"damage_healed":0.0,"max_hp_gain":0.0,"max_hp_loss":0.0,"gold_gain":0.0,"event_name":"Golden Wing","player_choice":"Card Removal","floor":14.0,"gold_loss":0.0,"damage_taken":7.0}],"is_beta":true,"boss_relics":[],"items_purged_floors":[],"is_endless":false,"potions_floor_spawned":[1,2,5,13],"killed_by":"Hexaghost","ascension_level":8}