{"gold_per_floor":[111,54,72,72,90,116,133,168,223,188,188,188],"floor_reached":12,"playtime":494,"items_purged":[],"score":176,"play_id":"13350a9e-2210-4fc4-9ac0-ca194d321252","local_time":"20191017000313","is_ascension_mode":true,"campfire_choices":[{"data":"True Grit","floor":11,"key":"SMITH"}],"neow_cost":"NONE","seed_source_timestamp":388329639778700,"circlet_count":0,"master_deck":["AscendersBane","Strike_R","Strike_R+1","Strike_R","Strike_R","Strike_R","Defend_R+1","Defend_R","Defend_R","Defend_R","Bash","Iron Wave","Thunderclap","Metallicize","True Grit+1","Uppercut"],"special_seed":0,"relics":["Burning Blood","Calipers","Singing Bowl","Regal Pillow"],"potions_floor_usage":[6,6,6,8,12],"damage_taken":[{"damage":18.0,"enemies":"Jaw Worm","floor":1.0,"turns":6.0},{"damage":0.0,"enemies":"Small Slimes","floor":3.0,"turns":4.0},{"damage":0,"enemies":"2 Louse","floor":5,"turns":3},{"damage":8,"enemies":"3 Sentries","floor":6,"turns":11},{"damage":14,"enemies":"Large Slime","floor":7,"turns":9},{"damage":32,"enemies":"Gremlin Nob","floor":8,"turns":4},{"damage":42,"enemies":"Lagavulin","floor":12,"turns":10}],"seed_played":"8172141126633654842","potions_obtained":[{"floor":0.0,"key":"EntropicBrew"},{"floor":0.0,"key":"HeartOfIron"},{"floor":7,"key":"Block Potion"}],"is_trial":false,"path_per_floor":["M","$","M","?","M","E","M","E","T","?","R","E"],"character_chosen":"IRONCLAD","items_purchased":["Iron Wave"],"campfire_rested":0,"item_purchase_floors":[2],"current_hp_per_floor":[56,56,62,39,45,43,35,9,9,27,27,0],"gold":188,"neow_bonus":"THREE_SMALL_POTIONS","is_prod":false,"is_daily":false,"chose_seed":false,"campfire_upgraded":1,"win_rate":0,"timestamp":1571284993,"path_taken":["M","$","M","?","M","E","M","E","T","?","R","E"],"build_version":"2019-10-16","purchased_purges":0,"victory":false,"max_hp_per_floor":[75,75,75,75,75,75,75,75,75,75,75,75],"card_choices":[{"not_picked":["Clash","Entrench","Ghostly Armor"],"picked":"SKIP","floor":1.0},{"not_picked":["Perfected Strike","Hemokinesis"],"picked":"Thunderclap","floor":3},{"not_picked":["Havoc","Dropkick","Rupture"],"picked":"SKIP","floor":5},{"not_picked":["Dual Wield","Brutality"],"picked":"Metallicize","floor":6},{"not_picked":["Heavy Blade","Clash"],"picked":"True Grit","floor":7},{"not_picked":["Thunderclap","Headbutt"],"picked":"Uppercut","floor":8}],"player_experience":1344700,"relics_obtained":[{"floor":6,"key":"Calipers"},{"floor":8,"key":"Singing Bowl"},{"floor":9,"key":"Regal Pillow"}],"event_choices":[{"damage_healed":0,"gold_gain":0,"player_choice":"Entered Light","damage_taken":23,"max_hp_gain":0,"max_hp_loss":0,"event_name":"Shining Light","floor":4,"gold_loss":0,"cards_upgraded":["Strike_R","Defend_R"]},{"damage_healed":18,"gold_gain":0,"player_choice":"Healed","damage_taken":0,"max_hp_gain":0,"max_hp_loss":0,"event_name":"The Cleric","floor":10,"gold_loss":35}],"is_beta":true,"boss_relics":[],"items_purged_floors":[],"is_endless":false,"potions_floor_spawned":[3,5,7],"killed_by":"Lagavulin","ascension_level":20}