{"gold_per_floor":[114,20,20,20,20,20,20,53,53,73,73,73,92,92],"floor_reached":14,"playtime":330,"items_purged":[],"score":163,"play_id":"02533cc9-54ac-4e9f-a7c6-380de4fd8e89","local_time":"20190820131851","is_ascension_mode":true,"campfire_choices":[{"data":"Dualcast","floor":6.0,"key":"SMITH"},{"data":"Consume","floor":12.0,"key":"SMITH"}],"neow_cost":"NONE","seed_source_timestamp":67689876811800,"circlet_count":0,"master_deck":["AscendersBane","Strike_B","Strike_B","Strike_B","Strike_B","Defend_B","Defend_B","Defend_B","Defend_B","Zap+1","Dualcast+1","Coolheaded+1","Capacitor","Compile Driver","Ball Lightning","Consume+1","Darkness"],"special_seed":0,"relics":["Cracked Core","Bag of Preparation","Golden Idol","Incense Burner","Kunai"],"potions_floor_usage":[14],"damage_taken":[{"damage":4.0,"enemies":"Small Slimes","floor":1.0,"turns":4.0},{"damage":20.0,"enemies":"Lagavulin","floor":8.0,"turns":9.0},{"damage":7.0,"enemies":"Jaw Worm","floor":10.0,"turns":4.0},{"damage":0.0,"enemies":"Cultist","floor":13.0,"turns":4.0},{"damage":18,"enemies":"Gremlin Gang","floor":14,"turns":2}],"seed_played":"-8150011969859702537","potions_obtained":[{"floor":1.0,"key":"Ancient Potion"},{"floor":13.0,"key":"Dexterity Potion"}],"is_trial":false,"path_per_floor":["M","$","?","?","$","R","?","E","T","M","?","R","M","M"],"character_chosen":"DEFECT","items_purchased":["Capacitor","Compile Driver"],"campfire_rested":0,"item_purchase_floors":[2,2],"current_hp_per_floor":[60,60,60,42,42,42,42,22,22,15,15,15,15,0],"gold":92,"neow_bonus":"UPGRADE_CARD","is_prod":false,"is_daily":false,"chose_seed":false,"campfire_upgraded":2,"win_rate":0,"timestamp":1566321531,"path_taken":["M","$","?","?","$","R","?","E","T","M","?","R","?","M"],"build_version":"2019-07-17","purchased_purges":0,"victory":false,"max_hp_per_floor":[71,71,71,71,71,71,64,64,64,64,64,64,64,64],"card_choices":[{"not_picked":["Blizzard","Reinforced Body"],"picked":"Coolheaded","floor":1.0},{"not_picked":["Turbo","Gash"],"picked":"Ball Lightning","floor":8.0},{"not_picked":["Sunder","Chaos"],"picked":"Consume","floor":10.0},{"not_picked":["Coolheaded","Beam Cell"],"picked":"Darkness","floor":13.0}],"player_experience":843577,"relics_obtained":[{"floor":8.0,"key":"Incense Burner"},{"floor":9.0,"key":"Kunai"}],"event_choices":[{"damage_healed":0.0,"max_hp_gain":0.0,"max_hp_loss":0.0,"gold_gain":0.0,"event_name":"Living Wall","player_choice":"Grow","floor":3.0,"gold_loss":0.0,"damage_taken":0.0,"cards_upgraded":["Coolheaded"]},{"damage_healed":0.0,"max_hp_gain":0.0,"max_hp_loss":0.0,"gold_gain":0.0,"event_name":"Scrap Ooze","player_choice":"Success","floor":4.0,"gold_loss":0.0,"damage_taken":18.0,"relics_obtained":["Bag of Preparation"]},{"damage_healed":0.0,"max_hp_gain":0.0,"max_hp_loss":7.0,"gold_gain":0.0,"event_name":"Golden Idol","player_choice":"Lose Max HP","floor":7.0,"gold_loss":0.0,"damage_taken":0.0,"relics_obtained":["Golden Idol"]},{"damage_healed":0.0,"max_hp_gain":0.0,"max_hp_loss":0.0,"gold_gain":0.0,"event_name":"Liars Game","player_choice":"Ignored","floor":11.0,"gold_loss":0.0,"damage_taken":0.0}],"is_beta":false,"boss_relics":[],"items_purged_floors":[],"is_endless":false,"potions_floor_spawned":[1,13],"killed_by":"Gremlin Gang","ascension_level":18}