{"gold_per_floor":[119,61,61,76,88,88,88,121,121,23,23,37,49,59,59,135,135,152,40,40,59,59,59,390,400,481,492,523,71,71,89,89,89],"floor_reached":33,"playtime":1418,"items_purged":["Injury","Strike_R"],"score":531,"play_id":"15f7870a-977a-4148-be2d-80fbf8fbf697","local_time":"20190823235720","is_ascension_mode":true,"campfire_choices":[{"data":"1","floor":6.0,"key":"LIFT"},{"data":"2","floor":11.0,"key":"LIFT"},{"data":"3","floor":15.0,"key":"LIFT"},{"data":"True Grit","floor":23.0,"key":"SMITH"},{"data":"Brutality","floor":30,"key":"SMITH"},{"data":"Whirlwind","floor":32,"key":"SMITH"}],"neow_cost":"PERCENT_DAMAGE","seed_source_timestamp":15170469975600,"circlet_count":0,"master_deck":["AscendersBane","Strike_R","Strike_R","Strike_R","Defend_R","Defend_R","Defend_R","Defend_R","Bash","Uppercut","True Grit+1","Headbutt","Thunderclap","Reaper","Demon Form","Shrug It Off","Metallicize","Sword Boomerang","Offering","Power Through","Disarm","Exhume","Master of Strategy","True Grit","Brutality+1","Whirlwind+1"],"special_seed":0,"relics":["Burning Blood","Girya","Singing Bowl","Ornamental Fan","Sozu","Nilry\u0027s Codex","PreservedInsect","Old Coin","Meat on the Bone","Strawberry"],"potions_floor_usage":[],"damage_taken":[{"damage":7.0,"enemies":"Small Slimes","floor":1.0,"turns":3.0},{"damage":4.0,"enemies":"Cultist","floor":4.0,"turns":3.0},{"damage":1.0,"enemies":"2 Louse","floor":5.0,"turns":4.0},{"damage":55.0,"enemies":"Lagavulin","floor":8.0,"turns":7.0},{"damage":5.0,"enemies":"Exordium Wildlife","floor":12.0,"turns":4.0},{"damage":21.0,"enemies":"Exordium Thugs","floor":13.0,"turns":4.0},{"damage":9.0,"enemies":"Looter","floor":14.0,"turns":3.0},{"damage":29.0,"enemies":"The Guardian","floor":16.0,"turns":14.0},{"damage":17.0,"enemies":"3 Byrds","floor":18.0,"turns":5.0},{"damage":6.0,"enemies":"Chosen","floor":21.0,"turns":4.0},{"damage":27.0,"enemies":"Book of Stabbing","floor":24.0,"turns":5.0},{"damage":29.0,"enemies":"3 Cultists","floor":25.0,"turns":5.0},{"damage":6.0,"enemies":"Centurion and Healer","floor":27.0,"turns":7.0},{"damage":30.0,"enemies":"Slavers","floor":28.0,"turns":3.0},{"damage":22,"enemies":"Snake Plant","floor":31,"turns":5},{"damage":59,"enemies":"Automaton","floor":33,"turns":6}],"seed_played":"5380320234364086181","potions_obtained":[{"floor":1.0,"key":"Dexterity Potion"},{"floor":13.0,"key":"SkillPotion"},{"floor":14.0,"key":"GamblersBrew"},{"floor":16.0,"key":"PowerPotion"}],"is_trial":false,"path_per_floor":["M","$","?","M","M","R","?","E","T","$","R","M","M","M","R","B",null,"M","$","?","M","T","R","E","M","T","M","E","$","R","M","R","B"],"character_chosen":"IRONCLAD","items_purchased":["True Grit","Shrug It Off","Metallicize","Power Through","Master of Strategy","True Grit","Brutality"],"campfire_rested":0,"item_purchase_floors":[2,10,10,19,29,29,29],"current_hp_per_floor":[49,49,49,51,56,56,56,7,7,7,7,16,19,24,24,19,64,70,70,49,59,59,59,40,52,52,66,70,70,70,54,54,0],"gold":89,"neow_bonus":"ONE_RARE_RELIC","is_prod":false,"is_daily":false,"chose_seed":false,"campfire_upgraded":3,"win_rate":0,"timestamp":1566619040,"path_taken":["M","$","?","M","?","R","?","E","T","?","R","?","M","M","R","BOSS","M","$","?","M","?","R","E","M","T","?","E","?","R","M","R","BOSS"],"build_version":"2019-07-17","purchased_purges":2,"victory":false,"max_hp_per_floor":[75,75,75,75,75,75,75,75,75,75,75,77,77,79,79,79,79,81,81,81,81,81,81,83,85,85,85,94,94,94,94,94,94],"card_choices":[{"not_picked":["Combust","Anger"],"picked":"Uppercut","floor":1.0},{"not_picked":["True Grit","Cleave"],"picked":"Headbutt","floor":4.0},{"not_picked":["Uppercut","Power Through"],"picked":"Thunderclap","floor":5.0},{"not_picked":["Metallicize","Power Through"],"picked":"Demon Form","floor":8.0},{"not_picked":["Flex","Havoc","Armaments"],"picked":"Singing Bowl","floor":12.0},{"not_picked":["Armaments","Hemokinesis"],"picked":"Sword Boomerang","floor":13.0},{"not_picked":["Wild Strike","Havoc","Heavy Blade"],"picked":"Singing Bowl","floor":14.0},{"not_picked":["Demon Form","Double Tap"],"picked":"Offering","floor":16.0},{"not_picked":["Warcry","Twin Strike","Armaments"],"picked":"Singing Bowl","floor":18.0},{"not_picked":["Wild Strike","Sword Boomerang"],"picked":"Disarm","floor":21.0},{"not_picked":["Dropkick","Wild Strike","Hemokinesis"],"picked":"Singing Bowl","floor":24.0},{"not_picked":["Warcry","Clothesline","Pommel Strike"],"picked":"Singing Bowl","floor":25.0},{"not_picked":["Sword Boomerang","Perfected Strike"],"picked":"Exhume","floor":27.0},{"not_picked":["Armaments","Heavy Blade","Combust"],"picked":"Singing Bowl","floor":28.0},{"not_picked":["Headbutt+1","Warcry"],"picked":"Whirlwind","floor":31}],"player_experience":902692,"relics_obtained":[{"floor":8.0,"key":"Singing Bowl"},{"floor":9.0,"key":"Ornamental Fan"},{"floor":20.0,"key":"Nilry\u0027s Codex"},{"floor":22.0,"key":"PreservedInsect"},{"floor":24.0,"key":"Old Coin"},{"floor":26.0,"key":"Meat on the Bone"},{"floor":28.0,"key":"Strawberry"}],"event_choices":[{"cards_removed":["Strike_R"],"damage_healed":0.0,"max_hp_gain":0.0,"max_hp_loss":0.0,"gold_gain":0.0,"event_name":"Purifier","player_choice":"Purged","floor":3.0,"gold_loss":0.0,"damage_taken":0.0},{"damage_healed":0.0,"max_hp_gain":0.0,"max_hp_loss":0.0,"gold_gain":0.0,"event_name":"Match and Keep!","player_choice":"2 cards matched","floor":7.0,"gold_loss":0.0,"damage_taken":0.0,"cards_obtained":["Injury","Reaper"]},{"damage_healed":0.0,"max_hp_gain":0.0,"max_hp_loss":0.0,"gold_gain":0.0,"event_name":"Cursed Tome","player_choice":"Obtained Book","floor":20.0,"gold_loss":0.0,"damage_taken":21.0}],"is_beta":false,"boss_relics":[{"not_picked":["White Beast Statue","Tiny House"],"picked":"Sozu"}],"items_purged_floors":[19,29],"is_endless":false,"potions_floor_spawned":[1,13,14,16,18,24,28],"killed_by":"Automaton","ascension_level":17}