{"gold_per_floor":[118,118,134,7,25,25,60,60,60,73,0,0,21,55,55,175,175,198,231,254,66,66,66,80,96,168,148,148,179,193,193,193,313,313,327,327,115,115,139,172,172,207,207,207,220,220,21,21,21,21],"floor_reached":50,"playtime":2219,"items_purged":["Strike_B","Strike_B","Injury","Defend_B"],"score":630,"play_id":"fab4b7c9-7909-4905-93ba-2e2bc76a8550","local_time":"20191002235138","is_ascension_mode":true,"campfire_choices":[{"floor":6,"key":"REST"},{"floor":12,"key":"REST"},{"floor":15,"key":"REST"},{"data":"Defragment","floor":23,"key":"SMITH"},{"data":"Lockon","floor":28,"key":"SMITH"},{"floor":32,"key":"REST"},{"data":"Defragment","floor":41,"key":"SMITH"},{"floor":46,"key":"RECALL"},{"floor":49,"key":"REST"}],"neow_cost":"PERCENT_DAMAGE","seed_source_timestamp":6602954283300,"circlet_count":0,"master_deck":["Strike_B","Strike_B","Defend_B","Defend_B","Defend_B","Zap","Dualcast","Sweeping Beam","Electrodynamics","Conserve Battery","Glacier","Lockon","Coolheaded","Defragment+1","Defragment+1","Stack","BootSequence","Loop","Go for the Eyes","Hologram","Lockon+1","Cold Snap","Conserve Battery+1","Core Surge","Hologram+1","Leap","Loop","Heatsinks","Redo","Compile Driver+1"],"relics":["Cracked Core","Turnip","Incense Burner","Unceasing Top","Golden Idol","PreservedInsect","Philosopher\u0027s Stone","Red Mask","Bottled Flame","Bird Faced Urn","Black Star","Omamori","Mummified Hand","Lantern","FossilizedHelix","Pear"],"potions_floor_usage":[14,25,40,50],"damage_taken":[{"damage":0,"enemies":"Small Slimes","floor":1,"turns":3},{"damage":3,"enemies":"Jaw Worm","floor":3,"turns":3},{"damage":12,"enemies":"2 Louse","floor":5,"turns":2},{"damage":8,"enemies":"3 Sentries","floor":7,"turns":4},{"damage":6,"enemies":"Exordium Wildlife","floor":10,"turns":6},{"damage":0,"enemies":"Lots of Slimes","floor":13,"turns":1},{"damage":19,"enemies":"Gremlin Nob","floor":14,"turns":5},{"damage":0,"enemies":"Slime Boss","floor":16,"turns":6},{"damage":8,"enemies":"Shell Parasite","floor":18,"turns":5},{"damage":12,"enemies":"Masked Bandits","floor":19,"turns":2},{"damage":14,"enemies":"2 Thieves","floor":20,"turns":4},{"damage":15,"enemies":"Snecko","floor":24,"turns":8},{"damage":0,"enemies":"Snake Plant","floor":25,"turns":5},{"damage":18,"enemies":"Slavers","floor":29,"turns":3},{"damage":12,"enemies":"Cultist and Chosen","floor":30,"turns":5},{"damage":10,"enemies":"Champ","floor":33,"turns":16},{"damage":20,"enemies":"3 Darklings","floor":35,"turns":3},{"damage":1,"enemies":"3 Shapes","floor":39,"turns":6},{"damage":21,"enemies":"Nemesis","floor":40,"turns":13},{"damage":50,"enemies":"Giant Head","floor":42,"turns":15},{"damage":0,"enemies":"Spire Growth","floor":45,"turns":4},{"damage":90,"enemies":"Awakened One","floor":50,"turns":9}],"seed_played":"3293369381393247868","potions_obtained":[{"floor":5,"key":"SpeedPotion"},{"floor":13,"key":"SkillPotion"},{"floor":16,"key":"EntropicBrew"},{"floor":19,"key":"FearPotion"},{"floor":20,"key":"PowerPotion"},{"floor":25,"key":"Strength Potion"},{"floor":27,"key":"Energy Potion"},{"floor":33,"key":"Ancient Potion"},{"floor":35,"key":"Regen Potion"}],"is_trial":false,"path_per_floor":["M","?","M","$","M","R","E","?","T","M","$","R","M","E","R","B",null,"M","?","M","$","?","R","M","M","T","?","R","E","M","?","R","B",null,"M","?","$","?","M","E","R","E","T","?","M","R","$","?","R","B"],"character_chosen":"DEFECT","items_purchased":["Conserve Battery","Defragment","Loop","Go for the Eyes","Leap","Loop","PowerPotion"],"campfire_rested":5,"item_purchase_floors":[4,11,21,21,37,37,47],"current_hp_per_floor":[54,21,18,18,6,28,20,20,20,14,14,36,36,17,39,39,75,67,55,41,41,85,85,70,70,70,70,70,52,46,46,71,69,85,67,67,67,67,76,66,66,28,38,38,46,46,46,46,73,0],"gold":21,"neow_bonus":"ONE_RARE_RELIC","is_prod":false,"is_daily":false,"chose_seed":false,"campfire_upgraded":3,"win_rate":0,"timestamp":1570074698,"path_taken":["M","?","M","$","M","R","E","?","T","M","$","R","M","E","R","BOSS","M","?","M","$","?","R","M","?","T","?","R","E","?","?","R","BOSS","M","?","$","?","M","E","R","E","T","?","M","R","$","?","R","BOSS"],"build_version":"2019-07-17","purchased_purges":4,"victory":false,"max_hp_per_floor":[75,75,75,75,75,75,75,75,75,75,75,75,75,75,75,75,75,75,75,75,75,85,85,85,85,85,85,85,85,85,85,85,85,85,85,85,85,85,85,85,85,85,95,90,90,90,90,90,90,90],"card_choices":[{"not_picked":["Steam","Conserve Battery"],"picked":"Sweeping Beam","floor":1},{"not_picked":["Gash","Redo"],"picked":"Electrodynamics","floor":3},{"not_picked":["Hologram","Heatsinks"],"picked":"Glacier","floor":5},{"not_picked":["Hello World","FTL"],"picked":"Lockon","floor":7},{"not_picked":["Barrage","Hologram"],"picked":"Coolheaded","floor":10},{"not_picked":["Compile Driver","Leap"],"picked":"Defragment","floor":13},{"not_picked":["Double Energy","Skim","Creative AI"],"picked":"SKIP","floor":14},{"not_picked":["All For One","Creative AI"],"picked":"Machine Learning","floor":16},{"not_picked":["Rebound","Chaos"],"picked":"Sweeping Beam+1","floor":18},{"not_picked":["Skim","Gash"],"picked":"Stack","floor":19},{"not_picked":["Defragment","Turbo"],"picked":"BootSequence","floor":20},{"not_picked":["Rebound","Core Surge"],"picked":"Hologram","floor":24},{"not_picked":["Beam Cell","Barrage+1"],"picked":"Lockon","floor":25},{"not_picked":["Go for the Eyes+1","Chaos+1"],"picked":"Cold Snap","floor":29},{"not_picked":["Sweeping Beam","Ball Lightning"],"picked":"Conserve Battery+1","floor":30},{"not_picked":["Fission","Electrodynamics"],"picked":"Core Surge","floor":33},{"not_picked":["Aggregate+1","Sunder"],"picked":"Hologram+1","floor":35},{"not_picked":["Auto Shields+1","White Noise+1"],"picked":"Heatsinks","floor":39},{"not_picked":["Blizzard","Reprogram+1"],"picked":"Redo","floor":40},{"not_picked":["BootSequence","Steam"],"picked":"Compile Driver+1","floor":42},{"not_picked":["Stack","Scrape","Consume+1"],"picked":"SKIP","floor":45}],"player_experience":99791,"relics_obtained":[{"floor":7,"key":"Unceasing Top"},{"floor":14,"key":"PreservedInsect"},{"floor":19,"key":"Red Mask"},{"floor":26,"key":"Bottled Flame"},{"floor":29,"key":"Bird Faced Urn"},{"floor":40,"key":"Omamori"},{"floor":40,"key":"Mummified Hand"},{"floor":42,"key":"Lantern"},{"floor":42,"key":"FossilizedHelix"},{"floor":43,"key":"Pear"}],"event_choices":[{"damage_healed":0,"gold_gain":0,"player_choice":"Success","damage_taken":33,"relics_obtained":["Incense Burner"],"max_hp_gain":0,"max_hp_loss":0,"event_name":"Scrap Ooze","floor":2,"gold_loss":0},{"damage_healed":0,"gold_gain":0,"player_choice":"Take Wound","damage_taken":0,"relics_obtained":["Golden Idol"],"max_hp_gain":0,"max_hp_loss":0,"event_name":"Golden Idol","floor":8,"gold_loss":0,"cards_obtained":["Injury"]},{"damage_healed":0,"gold_gain":0,"player_choice":"Fought Bandits","damage_taken":0,"max_hp_gain":0,"max_hp_loss":0,"event_name":"Masked Bandits","floor":19,"gold_loss":0},{"cards_removed":["Machine Learning"],"damage_healed":34,"gold_gain":0,"player_choice":"Offered Rare","damage_taken":0,"max_hp_gain":10,"max_hp_loss":0,"event_name":"Bonfire Elementals","floor":22,"gold_loss":0},{"damage_healed":0,"gold_gain":0,"player_choice":"Bought 1 Potion","damage_taken":0,"max_hp_gain":0,"max_hp_loss":0,"event_name":"The Woman in Blue","floor":27,"gold_loss":0},{"damage_healed":0,"gold_gain":0,"player_choice":"Ignored","damage_taken":0,"max_hp_gain":0,"max_hp_loss":0,"event_name":"Cursed Tome","floor":31,"gold_loss":0},{"damage_healed":0,"gold_gain":0,"player_choice":"Ignored","damage_taken":0,"max_hp_gain":0,"max_hp_loss":0,"event_name":"Tomb of Lord Red Mask","floor":36,"gold_loss":0},{"cards_removed":["Sweeping Beam"],"damage_healed":0,"gold_gain":0,"player_choice":"Removed Attack","damage_taken":0,"max_hp_gain":0,"max_hp_loss":0,"event_name":"Falling","floor":38,"gold_loss":0},{"damage_healed":0,"gold_gain":0,"player_choice":"Max HP","damage_taken":0,"max_hp_gain":0,"max_hp_loss":5,"event_name":"Winding Halls","floor":44,"gold_loss":0},{"damage_healed":0,"gold_gain":0,"player_choice":"Ignored","damage_taken":0,"max_hp_gain":0,"max_hp_loss":0,"event_name":"Mysterious Sphere","floor":48,"gold_loss":0}],"is_beta":false,"boss_relics":[{"not_picked":["Tiny House","Cursed Key"],"picked":"Philosopher\u0027s Stone"},{"not_picked":["FrozenCore","Eternal Feather"],"picked":"Black Star"}],"items_purged_floors":[4,21,37,47],"is_endless":false,"potions_floor_spawned":[5,13,16,19,20,25,29,33,35],"killed_by":"Awakened One","ascension_level":1}