{"gold_per_floor":[13,26,41,41,41,71,71,81,105,115,115,115,133,83,83,157,157,170,181,46,46,46],"floor_reached":22,"playtime":917,"items_purged":["Strike_B","Strike_B"],"score":344,"play_id":"5fcad0b6-5b4d-48a5-982a-ce155d6a0dec","local_time":"20190817221803","is_ascension_mode":true,"campfire_choices":[{"data":"Defragment","floor":7,"key":"SMITH"},{"data":"Hologram","floor":11,"key":"SMITH"},{"floor":15,"key":"REST"}],"neow_cost":"NO_GOLD","seed_source_timestamp":35771485874300,"circlet_count":0,"master_deck":["AscendersBane","Strike_B","Strike_B","Defend_B","Defend_B","Defend_B","Defend_B","Zap","Dualcast","Echo Form","Gash","Defragment+1","Hologram+1","Go for the Eyes","Core Surge","Doom and Gloom","Glacier","Seek","Recycle","Loop","Self Repair"],"relics":["Cracked Core","Smiling Mask","Bag of Marbles","Inserter"],"potions_floor_usage":[10,16],"damage_taken":[{"damage":0,"enemies":"2 Louse","floor":1,"turns":4},{"damage":2,"enemies":"Jaw Worm","floor":2,"turns":3},{"damage":7,"enemies":"Small Slimes","floor":3,"turns":3},{"damage":24,"enemies":"Lagavulin","floor":6,"turns":8},{"damage":12,"enemies":"Looter","floor":8,"turns":4},{"damage":0,"enemies":"Large Slime","floor":10,"turns":5},{"damage":8,"enemies":"Blue Slaver","floor":13,"turns":2},{"damage":10,"enemies":"The Guardian","floor":16,"turns":12},{"damage":23,"enemies":"3 Byrds","floor":18,"turns":7},{"damage":13,"enemies":"Chosen","floor":19,"turns":4},{"damage":29,"enemies":"Shelled Parasite and Fungi","floor":22,"turns":2}],"seed_played":"-8419775688965679969","potions_obtained":[{"floor":1,"key":"LiquidBronze"},{"floor":3,"key":"Block Potion"},{"floor":10,"key":"Ancient Potion"},{"floor":18,"key":"Dexterity Potion"}],"is_trial":false,"path_per_floor":["M","M","M","?","$","E","R","M","T","M","R","?","M","$","R","B",null,"M","M","$","?","M"],"character_chosen":"DEFECT","items_purchased":["Self Repair"],"campfire_rested":1,"item_purchase_floors":[20],"current_hp_per_floor":[64,62,55,55,55,31,31,19,19,19,19,19,11,11,32,22,59,36,23,23,23,0],"gold":46,"neow_bonus":"THREE_RARE_CARDS","is_prod":false,"is_daily":false,"chose_seed":false,"campfire_upgraded":2,"win_rate":0,"timestamp":1566094683,"path_taken":["M","M","M","?","$","E","R","M","T","M","R","?","M","$","R","BOSS","M","M","$","?","M"],"build_version":"2019-07-17","purchased_purges":2,"victory":false,"max_hp_per_floor":[71,71,71,71,71,71,71,71,71,71,71,71,71,71,71,71,71,71,71,71,71,71],"card_choices":[{"not_picked":["Machine Learning","Thunder Strike"],"picked":"Echo Form","floor":0},{"not_picked":["Scrape","Beam Cell"],"picked":"Gash","floor":1},{"not_picked":["Ball Lightning","Melter"],"picked":"Defragment","floor":2},{"not_picked":["Compile Driver","Ball Lightning"],"picked":"Hologram","floor":3},{"not_picked":["Double Energy","Steam Power"],"picked":"Go for the Eyes","floor":6},{"not_picked":["Steam","Storm"],"picked":"Core Surge","floor":8},{"not_picked":["Lockon","Aggregate"],"picked":"Doom and Gloom","floor":10},{"not_picked":["Coolheaded","Recycle"],"picked":"Glacier","floor":13},{"not_picked":["Fission","Amplify"],"picked":"Seek","floor":16},{"not_picked":["Cold Snap","Ball Lightning"],"picked":"Recycle","floor":18},{"not_picked":["Rebound","Recycle"],"picked":"Loop","floor":19}],"player_experience":799060,"relics_obtained":[{"floor":6,"key":"Smiling Mask"},{"floor":9,"key":"Bag of Marbles"}],"event_choices":[{"damage_healed":0,"gold_gain":0,"player_choice":"Ignored","damage_taken":0,"max_hp_gain":0,"max_hp_loss":0,"event_name":"Shining Light","floor":4,"gold_loss":0},{"damage_healed":0,"gold_gain":0,"player_choice":"Searched \u00270\u0027 times","damage_taken":0,"max_hp_gain":0,"max_hp_loss":0,"event_name":"Dead Adventurer","floor":12,"gold_loss":0}],"is_beta":false,"boss_relics":[{"not_picked":["Runic Dome","Tiny House"],"picked":"Inserter"}],"items_purged_floors":[14,20],"is_endless":false,"potions_floor_spawned":[1,3,8,10,18],"killed_by":"Shelled Parasite and Fungi","ascension_level":17}