{"gold_per_floor":[119,136,30,30,30,30,57,57,57,57,74,74,90,117,117,190,190,202,127,127,12,12,40,60,76,76,104,121,140,55,82,82,161,161,175,175,187,202,63,88,88,88,114,114,127,160,160,210,210,210,210],"floor_reached":51,"playtime":2040,"items_purged":["Strike_R","Strike_R"],"score":1542,"play_id":"7efa4b76-0725-4a74-9547-96191c01e7a7","local_time":"20191017085730","is_ascension_mode":true,"campfire_choices":[{"data":"Bash","floor":6.0,"key":"SMITH"},{"data":"Clothesline","floor":8.0,"key":"SMITH"},{"data":"Whirlwind","floor":10.0,"key":"SMITH"},{"data":"Armaments","floor":15.0,"key":"SMITH"},{"data":"Spot Weakness","floor":32.0,"key":"SMITH"},{"data":"Demon Form","floor":41.0,"key":"SMITH"},{"data":"Demon Form","floor":44.0,"key":"SMITH"},{"data":"True Grit","floor":47.0,"key":"SMITH"},{"data":"Uppercut","floor":49.0,"key":"SMITH"}],"neow_cost":"NONE","seed_source_timestamp":0,"circlet_count":0,"master_deck":["AscendersBane","Strike_R","Strike_R+1","Strike_R","Defend_R","Defend_R","Defend_R","Defend_R","Bash+1","Clothesline+1","Shrug It Off+1","Cleave","True Grit+1","Whirlwind+1","Armaments+1","Pommel Strike","Offering","Shockwave","Shockwave","Uppercut+1","Spot Weakness+1","Demon Form+1","Demon Form+1","Corruption","Disarm+1"],"special_seed":0,"relics":["Burning Blood","NeowsBlessing","Blood Vial","Akabeko","HornCleat","Toy Ornithopter","Snecko Eye","Smiling Mask","Bottled Flame","Pantograph","Bag of Preparation","Ancient Tea Set","Mark of Pain","Shuriken","Centennial Puzzle","Toxic Egg 2","Incense Burner"],"potions_floor_usage":[],"damage_taken":[{"damage":0.0,"enemies":"2 Louse","floor":1.0,"turns":1.0},{"damage":0.0,"enemies":"Jaw Worm","floor":2.0,"turns":1.0},{"damage":0.0,"enemies":"Lagavulin","floor":7.0,"turns":1.0},{"damage":0.0,"enemies":"Small Slimes","floor":11.0,"turns":2.0},{"damage":5.0,"enemies":"Exordium Thugs","floor":13.0,"turns":5.0},{"damage":1.0,"enemies":"3 Sentries","floor":14.0,"turns":3.0},{"damage":5.0,"enemies":"The Guardian","floor":16.0,"turns":13.0},{"damage":23.0,"enemies":"Shell Parasite","floor":18.0,"turns":5.0},{"damage":6.0,"enemies":"Slavers","floor":23.0,"turns":1.0},{"damage":6.0,"enemies":"Spheric Guardian","floor":24.0,"turns":4.0},{"damage":6.0,"enemies":"Chosen and Byrds","floor":25.0,"turns":4.0},{"damage":16.0,"enemies":"Book of Stabbing","floor":27.0,"turns":3.0},{"damage":20.0,"enemies":"Sentry and Sphere","floor":28.0,"turns":6.0},{"damage":18.0,"enemies":"Snake Plant","floor":29.0,"turns":3.0},{"damage":16.0,"enemies":"Gremlin Leader","floor":31.0,"turns":6.0},{"damage":18.0,"enemies":"Automaton","floor":33.0,"turns":6.0},{"damage":6.0,"enemies":"Orb Walker","floor":35.0,"turns":2.0},{"damage":30.0,"enemies":"3 Shapes","floor":37.0,"turns":8.0},{"damage":0.0,"enemies":"Jaw Worm Horde","floor":38.0,"turns":1.0},{"damage":50.0,"enemies":"Nemesis","floor":40.0,"turns":7.0},{"damage":6.0,"enemies":"Transient","floor":45.0,"turns":6.0},{"damage":11.0,"enemies":"Giant Head","floor":46.0,"turns":5.0},{"damage":0.0,"enemies":"2 Orb Walkers","floor":48.0,"turns":1.0},{"damage":61.0,"enemies":"Time Eater","floor":50.0,"turns":10.0},{"damage":40,"enemies":"Awakened One","floor":51,"turns":5}],"seed_played":"5554853118804352493","potions_obtained":[{"floor":1.0,"key":"LiquidBronze"},{"floor":2.0,"key":"PowerPotion"},{"floor":23.0,"key":"Ancient Potion"},{"floor":24.0,"key":"Fire Potion"},{"floor":27.0,"key":"Block Potion"},{"floor":29.0,"key":"Explosive Potion"},{"floor":35.0,"key":"DistilledChaos"},{"floor":46.0,"key":"AttackPotion"}],"is_trial":false,"path_per_floor":["M","M","$","?","?","R","E","R","T","R","M","$","M","E","R","B",null,"M","$","?","$","$","E","M","M","T","E","M","M","?","E","R","B",null,"M","?","M","M","$","E","R","?","T","R","M","E","R","?","R","B","B"],"character_chosen":"IRONCLAD","items_purchased":["Cleave","True Grit","Shockwave","Uppercut","Corruption"],"campfire_rested":0,"item_purchase_floors":[3,3,21,21,39],"current_hp_per_floor":[74,75,75,52,41,41,49,49,49,49,57,57,60,67,67,75,75,58,58,58,58,58,60,67,69,69,65,58,48,48,45,45,63,72,74,74,51,59,59,22,22,61,61,61,61,56,56,61,61,11,0],"gold":210,"neow_bonus":"THREE_ENEMY_KILL","is_prod":false,"is_daily":false,"chose_seed":false,"campfire_upgraded":9,"win_rate":0,"timestamp":1571317050,"path_taken":["M","M","$","?","?","R","E","R","T","R","M","$","M","E","R","BOSS","M","$","?","?","$","E","M","M","T","E","?","M","?","E","R","BOSS","M","?","M","M","$","E","R","?","T","R","M","E","R","?","R","BOSS","BOSS"],"build_version":"2019-10-16","purchased_purges":2,"victory":false,"max_hp_per_floor":[75,75,75,75,75,75,75,75,75,75,75,75,75,75,75,75,75,75,75,75,75,75,75,75,75,75,75,75,75,75,75,75,75,75,75,75,75,75,75,75,75,61,61,61,61,61,61,61,61,61,61],"card_choices":[{"not_picked":["Fire Breathing","Warcry"],"picked":"Clothesline","floor":1.0},{"not_picked":["Rupture","Twin Strike"],"picked":"Shrug It Off","floor":2.0},{"not_picked":["Clothesline","Battle Trance"],"picked":"Whirlwind","floor":7.0},{"not_picked":["Headbutt","Bloodletting"],"picked":"Armaments","floor":11.0},{"not_picked":["Thunderclap","Clothesline","Hemokinesis"],"picked":"SKIP","floor":13.0},{"not_picked":["Iron Wave","Clash"],"picked":"Pommel Strike","floor":14.0},{"not_picked":["Immolate","Barricade"],"picked":"Offering","floor":16.0},{"not_picked":["Seeing Red","Infernal Blade"],"picked":"Shockwave","floor":18.0},{"not_picked":["Sword Boomerang","Anger+1","Twin Strike"],"picked":"SKIP","floor":23.0},{"not_picked":["Reckless Charge","Searing Blow","Clash"],"picked":"SKIP","floor":24.0},{"not_picked":["Whirlwind","Clash","Anger"],"picked":"SKIP","floor":25.0},{"not_picked":["Pummel+1","Sword Boomerang+1","Uppercut"],"picked":"SKIP","floor":27.0},{"not_picked":["Cleave","Shockwave","Shrug It Off"],"picked":"SKIP","floor":28.0},{"not_picked":["Shrug It Off+1","Wild Strike"],"picked":"Spot Weakness","floor":29.0},{"not_picked":["Intimidate+1","Pummel","Body Slam"],"picked":"SKIP","floor":31.0},{"not_picked":["Berserk","Feed"],"picked":"Demon Form","floor":33.0},{"not_picked":["Armaments+1","Shrug It Off","Havoc+1"],"picked":"SKIP","floor":35.0},{"not_picked":["Pommel Strike","Power Through"],"picked":"Demon Form","floor":37.0},{"not_picked":["Shrug It Off","Thunderclap","Sword Boomerang"],"picked":"SKIP","floor":38.0},{"not_picked":["Combust","Wild Strike","Second Wind"],"picked":"SKIP","floor":40.0},{"not_picked":["Metallicize","Shrug It Off"],"picked":"Disarm+1","floor":45.0},{"not_picked":["Battle Trance","Warcry","Demon Form"],"picked":"SKIP","floor":46.0}],"player_experience":1345194,"relics_obtained":[{"floor":7.0,"key":"Akabeko"},{"floor":9.0,"key":"HornCleat"},{"floor":14.0,"key":"Toy Ornithopter"},{"floor":23.0,"key":"Smiling Mask"},{"floor":26.0,"key":"Bottled Flame"},{"floor":27.0,"key":"Pantograph"},{"floor":31.0,"key":"Ancient Tea Set"},{"floor":40.0,"key":"Shuriken"},{"floor":43.0,"key":"Centennial Puzzle"},{"floor":46.0,"key":"Toxic Egg 2"},{"floor":48.0,"key":"Incense Burner"}],"event_choices":[{"damage_healed":0.0,"max_hp_gain":0.0,"max_hp_loss":0.0,"gold_gain":0.0,"event_name":"Shining Light","player_choice":"Entered Light","floor":4.0,"gold_loss":0.0,"damage_taken":23.0,"cards_upgraded":["Strike_R","Shrug It Off"]},{"damage_healed":0.0,"max_hp_gain":0.0,"max_hp_loss":0.0,"gold_gain":0.0,"event_name":"Scrap Ooze","player_choice":"Success","floor":5.0,"gold_loss":0.0,"damage_taken":11.0,"relics_obtained":["Blood Vial"]},{"damage_healed":0.0,"max_hp_gain":0.0,"max_hp_loss":0.0,"gold_gain":0.0,"event_name":"Match and Keep!","player_choice":"0 cards matched","floor":20.0,"gold_loss":0.0,"damage_taken":0.0,"cards_obtained":[]},{"damage_healed":0.0,"max_hp_gain":0.0,"max_hp_loss":0.0,"gold_gain":0.0,"event_name":"Addict","player_choice":"Obtained Relic","floor":30.0,"gold_loss":85.0,"damage_taken":0.0,"relics_obtained":["Bag of Preparation"]},{"damage_healed":0.0,"max_hp_gain":0.0,"max_hp_loss":0.0,"gold_gain":0.0,"event_name":"Tomb of Lord Red Mask","player_choice":"Ignored","floor":36.0,"gold_loss":0.0,"damage_taken":0.0},{"damage_healed":61.0,"max_hp_gain":0.0,"max_hp_loss":14.0,"gold_gain":0.0,"event_name":"The Moai Head","player_choice":"Heal","floor":42.0,"gold_loss":0.0,"damage_taken":0.0},{"damage_healed":0.0,"max_hp_gain":0.0,"max_hp_loss":0.0,"gold_gain":0.0,"event_name":"Mysterious Sphere","player_choice":"Fight","floor":48.0,"gold_loss":0.0,"damage_taken":0.0}],"is_beta":true,"boss_relics":[{"not_picked":["Coffee Dripper","Calling Bell"],"picked":"Snecko Eye"},{"not_picked":["Tiny House","Fusion Hammer"],"picked":"Mark of Pain"}],"items_purged_floors":[19,39],"is_endless":false,"potions_floor_spawned":[1,2,11,13,23,24,27,29,35,46],"killed_by":"Awakened One","ascension_level":20}