{"gold_per_floor":[129,141,173,204,228,255,278,290,302,314,353,382,394,416,428,440],"floor_reached":16,"playtime":869,"items_purged":[],"score":133,"play_id":"4fcfc7f2-68be-4ebc-b208-c400e8bd432d","local_time":"20191010001851","is_ascension_mode":true,"campfire_choices":[{"data":"Ghostly Armor","floor":8,"key":"SMITH"},{"data":"Iron Wave","floor":10,"key":"SMITH"},{"data":"Searing Blow","floor":13,"key":"SMITH"},{"data":"Searing Blow+1","floor":15,"key":"SMITH"}],"neow_cost":"NONE","seed_source_timestamp":80710766252100,"circlet_count":0,"master_deck":["Strike_R","Strike_R","Strike_R","Strike_R","Strike_R","Defend_R","Defend_R","Defend_R","Defend_R","Bash","Pummel","Iron Wave+1","Headbutt","Ghostly Armor+1","Shrug It Off","Searing Blow+2","Flame Barrier"],"relics":["Burning Blood","MawBank","Paper Frog","Boot"],"potions_floor_usage":[5,16,16],"damage_taken":[{"damage":10,"enemies":"Cultist","floor":1,"turns":5},{"damage":0,"enemies":"2 Louse","floor":3,"turns":3},{"damage":0,"enemies":"Small Slimes","floor":4,"turns":3},{"damage":11,"enemies":"Exordium Thugs","floor":5,"turns":4},{"damage":18,"enemies":"Red Slaver","floor":6,"turns":5},{"damage":0,"enemies":"Large Slime","floor":7,"turns":5},{"damage":51,"enemies":"3 Sentries","floor":11,"turns":12},{"damage":4,"enemies":"Blue Slaver","floor":12,"turns":3},{"damage":1,"enemies":"Exordium Wildlife","floor":14,"turns":3},{"damage":32,"enemies":"Slime Boss","floor":16,"turns":8}],"seed_played":"-3536683990300339648","potions_obtained":[{"floor":1,"key":"SpeedPotion"},{"floor":3,"key":"AttackPotion"},{"floor":6,"key":"Dexterity Potion"},{"floor":7,"key":"Ancient Potion"}],"is_trial":false,"path_per_floor":["M","$","M","M","M","M","M","R","T","R","E","M","R","M","R","B"],"character_chosen":"IRONCLAD","items_purchased":[],"campfire_rested":0,"item_purchase_floors":[],"current_hp_per_floor":[76,76,80,80,75,63,69,69,69,69,24,26,26,31,31,0],"gold":440,"neow_bonus":"RANDOM_COMMON_RELIC","is_prod":false,"is_daily":false,"chose_seed":false,"campfire_upgraded":4,"win_rate":0,"timestamp":1570681131,"path_taken":["M","?","M","M","M","M","M","R","T","R","E","?","R","M","R","BOSS"],"build_version":"2019-07-17","purchased_purges":0,"victory":false,"max_hp_per_floor":[80,80,80,80,80,80,80,80,80,80,80,80,80,80,80,80],"card_choices":[{"not_picked":["Havoc","Armaments"],"picked":"Pummel","floor":1},{"not_picked":["Blood for Blood","Thunderclap","Burning Pact"],"picked":"SKIP","floor":3},{"not_picked":["Warcry","Rampage"],"picked":"Iron Wave","floor":4},{"not_picked":["Cleave","Feel No Pain"],"picked":"Headbutt","floor":5},{"not_picked":["Berserk","Clothesline","Warcry"],"picked":"SKIP","floor":6},{"not_picked":["Pommel Strike","Battle Trance"],"picked":"Ghostly Armor","floor":7},{"not_picked":["Disarm","Sword Boomerang"],"picked":"Shrug It Off","floor":11},{"not_picked":["Shockwave","Wild Strike"],"picked":"Searing Blow","floor":12},{"not_picked":["Carnage","Feed"],"picked":"Flame Barrier","floor":14}],"player_experience":127553,"relics_obtained":[{"floor":9,"key":"Paper Frog"},{"floor":11,"key":"Boot"}],"event_choices":[],"is_beta":false,"boss_relics":[],"items_purged_floors":[],"is_endless":false,"potions_floor_spawned":[1,3,6,7],"killed_by":"Slime Boss","ascension_level":5}