{"gold_per_floor":[116,116,132,57,77,77,109,109,133,158,170,180,180,194,194,194],"floor_reached":16,"playtime":673,"items_purged":["Strike_R"],"score":179,"play_id":"e40b74e3-70b2-4adf-9021-867ff6647b31","local_time":"20190115202745","is_ascension_mode":true,"campfire_choices":[{"data":"Flame Barrier","floor":6,"key":"SMITH"},{"data":"Bash","floor":8,"key":"SMITH"},{"data":"Uppercut","floor":13,"key":"SMITH"},{"data":"Disarm","floor":15,"key":"SMITH"}],"neow_cost":"NONE","seed_source_timestamp":260221275687079,"circlet_count":0,"master_deck":["AscendersBane","Strike_R","Strike_R","Strike_R","Strike_R","Defend_R","Defend_R","Defend_R","Defend_R+1","Bash+1","Shrug It Off","Flame Barrier+1","Limit Break+1","Disarm+1","Uppercut+1","Shrug It Off"],"relics":["Burning Blood","Juzu Bracelet","War Paint","Odd Mushroom"],"potions_floor_usage":[7,16],"damage_taken":[{"damage":13,"enemies":"Jaw Worm","floor":1,"turns":4},{"damage":1,"enemies":"Cultist","floor":3,"turns":4},{"damage":6,"enemies":"2 Louse","floor":5,"turns":3},{"damage":20,"enemies":"Gremlin Nob","floor":7,"turns":4},{"damage":28,"enemies":"The Mushroom Lair","floor":10,"turns":10},{"damage":14,"enemies":"Exordium Thugs","floor":11,"turns":6},{"damage":5,"enemies":"Exordium Wildlife","floor":12,"turns":4},{"damage":1,"enemies":"Blue Slaver","floor":14,"turns":3},{"damage":45,"enemies":"Hexaghost","floor":16,"turns":15}],"seed_played":"-4517946320679487209","potions_obtained":[{"floor":1,"key":"Fire Potion"},{"floor":11,"key":"Ancient Potion"},{"floor":12,"key":"Ancient Potion"}],"is_trial":false,"path_per_floor":["M","?","M","$","M","R","E","R","T","?","M","M","R","M","R","B"],"character_chosen":"IRONCLAD","items_purchased":[],"campfire_rested":0,"item_purchase_floors":[],"current_hp_per_floor":[68,82,82,82,82,82,68,68,68,46,38,39,39,44,44,0],"gold":194,"neow_bonus":"TEN_PERCENT_HP_BONUS","is_prod":false,"is_daily":false,"chose_seed":false,"campfire_upgraded":4,"win_rate":0,"timestamp":1547580465,"path_taken":["M","?","M","?","M","R","E","R","T","?","M","M","R","M","R","BOSS"],"build_version":"2019-01-10","purchased_purges":1,"victory":false,"max_hp_per_floor":[82,82,82,82,82,82,82,82,82,82,82,82,82,82,82,82],"card_choices":[{"not_picked":["Infernal Blade","Clash","Thunderclap"],"picked":"SKIP","floor":1},{"not_picked":["Pommel Strike","Blood for Blood"],"picked":"Shrug It Off","floor":3},{"not_picked":["Iron Wave","Flex"],"picked":"Flame Barrier","floor":5},{"not_picked":["Perfected Strike","Berserk"],"picked":"Limit Break","floor":7},{"not_picked":["Sever Soul","Iron Wave"],"picked":"Disarm","floor":11},{"not_picked":["Burning Pact","Clash"],"picked":"Uppercut","floor":12},{"not_picked":["Pommel Strike","Anger"],"picked":"Shrug It Off","floor":14}],"player_experience":501547,"relics_obtained":[{"floor":7,"key":"Juzu Bracelet"},{"floor":9,"key":"War Paint"},{"floor":10,"key":"Odd Mushroom"}],"event_choices":[{"damage_healed":14,"gold_gain":0,"player_choice":"Full Heal","damage_taken":0,"max_hp_gain":0,"max_hp_loss":0,"event_name":"Wheel of Change","floor":2,"gold_loss":0},{"damage_healed":0,"gold_gain":0,"player_choice":"Fought Mushrooms","damage_taken":0,"max_hp_gain":0,"max_hp_loss":0,"event_name":"Mushrooms","floor":10,"gold_loss":0}],"is_beta":false,"boss_relics":[],"items_purged_floors":[4],"is_endless":false,"potions_floor_spawned":[1,11,12],"killed_by":"Hexaghost","ascension_level":15}