{"gold_per_floor":[119,11,23,40,0,26,26,52,52,52,85,95,110,120,120,197,197,197,197,197,197,122,122,22,22,22,22,22,22,22],"floor_reached":30,"playtime":1056,"items_purged":["Strike_B","Strike_B"],"score":585,"play_id":"5dc53d90-5df2-4134-aaac-835482b794f2","local_time":"20190817192452","is_ascension_mode":true,"campfire_choices":[{"data":"Auto Shields","floor":7.0,"key":"SMITH"},{"floor":10.0,"key":"REST"},{"floor":15.0,"key":"REST"},{"floor":23,"key":"REST"},{"floor":25,"key":"REST"},{"data":"Creative AI","floor":27,"key":"SMITH"}],"neow_cost":"NONE","seed_source_timestamp":25221666059800,"circlet_count":0,"master_deck":["AscendersBane","Strike_B","Strike_B","Defend_B","Defend_B","Defend_B","Defend_B","Zap","Dualcast","Compile Driver","Capacitor","Gash","Ball Lightning","Leap","Auto Shields+1","Hologram","Go for the Eyes","Barrage","Buffer","Creative AI+1","Darkness","Hologram+1"],"special_seed":0,"relics":["Cracked Core","NeowsBlessing","Pocketwatch","Mummified Hand","Bottled Flame","Mercury Hourglass","Ectoplasm","Enchiridion","Bronze Scales","Peace Pipe"],"potions_floor_usage":[],"damage_taken":[{"damage":0.0,"enemies":"Cultist","floor":1.0,"turns":1.0},{"damage":0.0,"enemies":"Small Slimes","floor":3.0,"turns":1.0},{"damage":0.0,"enemies":"Jaw Worm","floor":4.0,"turns":1.0},{"damage":20.0,"enemies":"Lagavulin","floor":6.0,"turns":7.0},{"damage":35.0,"enemies":"Gremlin Nob","floor":8.0,"turns":4.0},{"damage":19.0,"enemies":"3 Sentries","floor":11.0,"turns":8.0},{"damage":9.0,"enemies":"Exordium Thugs","floor":12.0,"turns":4.0},{"damage":0.0,"enemies":"Looter","floor":13.0,"turns":2.0},{"damage":1.0,"enemies":"Red Slaver","floor":14.0,"turns":3.0},{"damage":0.0,"enemies":"The Guardian","floor":16.0,"turns":8.0},{"damage":10.0,"enemies":"Chosen","floor":18.0,"turns":5.0},{"damage":16,"enemies":"Spheric Guardian","floor":20,"turns":4},{"damage":18,"enemies":"Book of Stabbing","floor":28,"turns":6},{"damage":42,"enemies":"Gremlin Leader","floor":30,"turns":6}],"seed_played":"2009948190671519946","potions_obtained":[{"floor":6.0,"key":"Swift Potion"},{"floor":12.0,"key":"Block Potion"},{"floor":13.0,"key":"FocusPotion"},{"floor":16.0,"key":"AttackPotion"},{"floor":20,"key":"Poison Potion"},{"floor":28,"key":"Strength Potion"}],"is_trial":false,"path_per_floor":["M","$","M","M","?","E","R","E","T","R","E","M","M","M","R","B",null,"M","?","M","?","$","R","$","R","T","R","E","$","E"],"character_chosen":"DEFECT","items_purchased":["Capacitor","Gash"],"campfire_rested":4,"item_purchase_floors":[2,2],"current_hp_per_floor":[64,64,64,64,64,44,44,9,9,30,11,2,2,1,22,22,59,49,28,12,12,12,33,33,54,54,54,36,36,0],"gold":22,"neow_bonus":"THREE_ENEMY_KILL","is_prod":false,"is_daily":false,"chose_seed":false,"campfire_upgraded":2,"win_rate":0,"timestamp":1566084292,"path_taken":["M","$","?","M","?","E","R","E","T","R","E","M","M","M","R","BOSS","M","?","M","?","$","R","$","R","T","R","E","?","E"],"build_version":"2019-07-17","purchased_purges":2,"victory":false,"max_hp_per_floor":[71,71,71,71,71,71,71,71,71,71,71,71,71,71,71,71,71,71,71,71,71,71,71,71,71,71,71,71,71,71],"card_choices":[{"not_picked":["Turbo","Force Field"],"picked":"Compile Driver","floor":1.0},{"not_picked":["Stack","Streamline"],"picked":"Ball Lightning","floor":3.0},{"not_picked":["Blizzard","Redo"],"picked":"Leap","floor":4.0},{"not_picked":["Lockon","Machine Learning"],"picked":"Auto Shields","floor":6.0},{"not_picked":["Sweeping Beam","Streamline"],"picked":"Hologram","floor":8.0},{"not_picked":["Hologram","Stack"],"picked":"Go for the Eyes","floor":11.0},{"not_picked":["Chaos","Loop"],"picked":"Barrage","floor":12.0},{"not_picked":["Blizzard","Turbo","Aggregate"],"picked":"SKIP","floor":13.0},{"not_picked":["Go for the Eyes","Stack"],"picked":"Buffer","floor":14.0},{"not_picked":["Hyperbeam","Buffer"],"picked":"Creative AI","floor":16.0},{"not_picked":["Steam","Melter"],"picked":"Darkness","floor":18.0},{"not_picked":["Barrage","Genetic Algorithm","Sweeping Beam"],"picked":"SKIP","floor":20},{"not_picked":["Thunder Strike","Sweeping Beam"],"picked":"Hologram+1","floor":28}],"player_experience":795706,"relics_obtained":[{"floor":6.0,"key":"Pocketwatch"},{"floor":8.0,"key":"Mummified Hand"},{"floor":9.0,"key":"Bottled Flame"},{"floor":11.0,"key":"Mercury Hourglass"},{"floor":19,"key":"Enchiridion"},{"floor":26,"key":"Bronze Scales"},{"floor":28,"key":"Peace Pipe"}],"event_choices":[{"damage_healed":0.0,"max_hp_gain":0.0,"max_hp_loss":0.0,"gold_gain":0.0,"event_name":"World of Goop","player_choice":"Left Gold","floor":5.0,"gold_loss":40.0,"damage_taken":0.0},{"damage_healed":0,"gold_gain":0,"player_choice":"Obtained Book","damage_taken":21,"max_hp_gain":0,"max_hp_loss":0,"event_name":"Cursed Tome","floor":19,"gold_loss":0},{"damage_healed":0,"gold_gain":50,"player_choice":"Stole From Cult","damage_taken":0,"max_hp_gain":0,"max_hp_loss":0,"event_name":"Nest","floor":21,"gold_loss":0}],"is_beta":false,"boss_relics":[{"not_picked":["Inserter","Velvet Choker"],"picked":"Ectoplasm"}],"items_purged_floors":[22,24],"is_endless":false,"potions_floor_spawned":[6,12,13,16,20,28],"killed_by":"Gremlin Leader","ascension_level":17}