{"gold_per_floor":[119,44,44,44,44,77,77,88,88,88],"floor_reached":10,"playtime":496,"items_purged":["Bash"],"score":112,"play_id":"ed9e9593-8edd-4131-94d7-5297da02363b","local_time":"20190115201600","is_ascension_mode":true,"campfire_choices":[{"floor":7,"key":"REST"}],"neow_cost":"NONE","seed_source_timestamp":259692936857150,"circlet_count":0,"master_deck":["AscendersBane","Strike_R","Strike_R","Strike_R","Strike_R+1","Strike_R","Defend_R","Defend_R+1","Defend_R","Defend_R","Perfected Strike","Regret","Pain","Inflame"],"relics":["Fusion Hammer","Boot","WarpedTongs","Juzu Bracelet","Pear"],"potions_floor_usage":[10],"damage_taken":[{"damage":0,"enemies":"Cultist","floor":1,"turns":4},{"damage":37,"enemies":"3 Sentries","floor":6,"turns":8},{"damage":15,"enemies":"Jaw Worm","floor":8,"turns":2},{"damage":31,"enemies":"Gremlin Nob","floor":10,"turns":3}],"seed_played":"-5900442589729840848","potions_obtained":[{"floor":6,"key":"PowerPotion"}],"is_trial":false,"path_per_floor":["M","$","?","?","?","E","R","M","T","E"],"character_chosen":"IRONCLAD","items_purchased":[],"campfire_rested":1,"item_purchase_floors":[],"current_hp_per_floor":[68,68,68,45,45,8,30,15,25,0],"gold":88,"neow_bonus":"BOSS_RELIC","is_prod":false,"is_daily":false,"chose_seed":false,"campfire_upgraded":0,"win_rate":0,"timestamp":1547579760,"path_taken":["M","$","?","?","?","E","R","M","T","E"],"build_version":"2019-01-10","purchased_purges":1,"victory":false,"max_hp_per_floor":[75,75,75,75,75,75,75,75,85,85],"card_choices":[{"not_picked":["Iron Wave","Twin Strike"],"picked":"Perfected Strike","floor":1},{"not_picked":["Thunderclap","Infernal Blade","Body Slam"],"picked":"SKIP","floor":6},{"not_picked":["Seeing Red","Blood for Blood"],"picked":"Inflame","floor":8}],"player_experience":501051,"relics_obtained":[{"floor":6,"key":"Juzu Bracelet"},{"floor":9,"key":"Pear"}],"event_choices":[{"damage_healed":0,"gold_gain":0,"player_choice":"Box","damage_taken":0,"relics_obtained":["Boot"],"max_hp_gain":0,"max_hp_loss":0,"event_name":"Big Fish","floor":3,"gold_loss":0,"cards_obtained":["Regret"]},{"damage_healed":0,"gold_gain":0,"player_choice":"Entered Light","damage_taken":23,"max_hp_gain":0,"max_hp_loss":0,"event_name":"Shining Light","floor":4,"gold_loss":0,"cards_upgraded":["Defend_R","Strike_R"]},{"damage_healed":0,"gold_gain":0,"player_choice":"Rummage","damage_taken":0,"relics_obtained":["WarpedTongs"],"max_hp_gain":0,"max_hp_loss":0,"event_name":"Accursed Blacksmith","floor":5,"gold_loss":0,"cards_obtained":["Pain"]}],"is_beta":false,"boss_relics":[],"items_purged_floors":[2],"is_endless":false,"potions_floor_spawned":[6],"killed_by":"Gremlin Nob","ascension_level":15}