{"gold_per_floor":[113,130,143,218,233,233,261,411,465,390,91,91,101,131,131,131],"floor_reached":16,"playtime":498,"items_purged":["Strike_R"],"score":198,"play_id":"ccef3385-2300-43c6-b8b8-991ec4678541","local_time":"20190823180241","is_ascension_mode":true,"campfire_choices":[{"data":"Anger","floor":6,"key":"SMITH"},{"floor":12,"key":"REST"},{"floor":15,"key":"REST"}],"neow_cost":"NONE","seed_source_timestamp":24952959542100,"circlet_count":0,"master_deck":["AscendersBane","Strike_R","Strike_R","Strike_R","Strike_R","Defend_R","Defend_R","Defend_R","Defend_R","Bash","Anger+1","Thunderclap","Shrug It Off","Armaments","Shockwave","Immolate","Clothesline","Whirlwind"],"relics":["Burning Blood","Frozen Egg 2","Bronze Scales","Smiling Mask"],"potions_floor_usage":[7,14,16],"damage_taken":[{"damage":1,"enemies":"Cultist","floor":1,"turns":4},{"damage":8,"enemies":"2 Louse","floor":2,"turns":2},{"damage":10,"enemies":"Small Slimes","floor":3,"turns":4},{"damage":15,"enemies":"2 Fungi Beasts","floor":5,"turns":3},{"damage":31,"enemies":"Lagavulin","floor":7,"turns":7},{"damage":24,"enemies":"Exordium Thugs","floor":13,"turns":4},{"damage":12,"enemies":"Gremlin Nob","floor":14,"turns":3},{"damage":47,"enemies":"The Guardian","floor":16,"turns":12}],"seed_played":"8684154919394667585","potions_obtained":[{"floor":3,"key":"Strength Potion"},{"floor":7,"key":"AttackPotion"},{"floor":13,"key":"Strength Potion"}],"is_trial":false,"path_per_floor":["M","M","M","?","M","R","E","?","T","?","$","R","M","E","R","B"],"character_chosen":"IRONCLAD","items_purchased":["Immolate","PowerPotion"],"campfire_rested":2,"item_purchase_floors":[11,11],"current_hp_per_floor":[73,71,67,56,47,47,22,22,22,22,22,44,26,20,42,0],"gold":131,"neow_bonus":"THREE_CARDS","is_prod":false,"is_daily":false,"chose_seed":false,"campfire_upgraded":1,"win_rate":0,"timestamp":1566597761,"path_taken":["M","M","M","?","M","R","E","?","T","?","$","R","M","E","R","BOSS"],"build_version":"2019-07-17","purchased_purges":1,"victory":false,"max_hp_per_floor":[75,75,75,75,75,75,75,75,75,75,75,75,75,75,75,75],"card_choices":[{"not_picked":["True Grit","Shrug It Off"],"picked":"Anger","floor":0},{"not_picked":["Body Slam","Wild Strike"],"picked":"Thunderclap","floor":1},{"not_picked":["Carnage","Heavy Blade"],"picked":"Shrug It Off","floor":2},{"not_picked":["Combust","Warcry","Anger"],"picked":"SKIP","floor":3},{"not_picked":["Body Slam","Pummel"],"picked":"Armaments","floor":5},{"not_picked":["Perfected Strike","Flex"],"picked":"Shockwave","floor":7},{"not_picked":["Entrench","Power Through"],"picked":"Clothesline","floor":13},{"not_picked":["Flex","Anger"],"picked":"Whirlwind","floor":14}],"player_experience":898878,"relics_obtained":[{"floor":7,"key":"Frozen Egg 2"},{"floor":9,"key":"Bronze Scales"},{"floor":14,"key":"Smiling Mask"}],"event_choices":[{"damage_healed":0,"gold_gain":75,"player_choice":"Gather Gold","damage_taken":11,"max_hp_gain":0,"max_hp_loss":0,"event_name":"World of Goop","floor":4,"gold_loss":0},{"damage_healed":0,"gold_gain":150,"player_choice":"AGREE","damage_taken":0,"max_hp_gain":0,"max_hp_loss":0,"event_name":"Liars Game","floor":8,"gold_loss":0,"cards_obtained":["Doubt"]},{"cards_removed":["Doubt"],"damage_healed":0,"gold_gain":0,"player_choice":"Card Removal","damage_taken":0,"max_hp_gain":0,"max_hp_loss":0,"event_name":"The Cleric","floor":10,"gold_loss":75}],"is_beta":false,"boss_relics":[],"items_purged_floors":[11],"is_endless":false,"potions_floor_spawned":[3,7,13],"killed_by":"The Guardian","ascension_level":16}