{"gold_per_floor":[109,128,303,27,27,60,15,15,15,29,373,402,435,447,459,597,609,644,674,415,415,434,434],"floor_reached":23,"playtime":1870,"items_purged":["Doubt","Strike_P"],"score":393,"play_id":"82f00677-7003-4f3e-9756-2991bee381aa","local_time":"20190914010530","is_ascension_mode":true,"campfire_choices":[{"data":"Eruption","floor":8.0,"key":"SMITH"},{"data":"Establishment","floor":15.0,"key":"SMITH"}],"neow_cost":"PERCENT_DAMAGE","seed_source_timestamp":0,"circlet_count":0,"master_deck":["Strike_P","Defend_P","Defend_P","Defend_P","Defend_P","Eruption+1","Vigilance","Protect","Crescendo","Establishment+1","EmptyMind","CarveReality","CutThroughFate","FollowUp","Consecrate","DeceiveReality","CrushJoints","MentalFortress","Alpha","Pray","EmptyBody"],"special_seed":0,"relics":["PureWater","Dead Branch","Golden Idol","Anchor","Prayer Wheel","Old Coin","Odd Mushroom","MawBank","Bag of Marbles","Empty Cage","Membership Card","Vajra"],"potions_floor_usage":[],"damage_taken":[{"damage":0.0,"enemies":"Small Slimes","floor":1.0,"turns":3.0},{"damage":0.0,"enemies":"2 Louse","floor":2.0,"turns":3.0},{"damage":9.0,"enemies":"3 Sentries","floor":6.0,"turns":8.0},{"damage":0.0,"enemies":"Cultist","floor":10.0,"turns":4.0},{"damage":0.0,"enemies":"Gremlin Nob","floor":11.0,"turns":2.0},{"damage":0.0,"enemies":"The Mushroom Lair","floor":12.0,"turns":4.0},{"damage":0.0,"enemies":"3 Sentries","floor":13.0,"turns":5.0},{"damage":34.0,"enemies":"The Guardian","floor":16.0,"turns":18.0},{"damage":23.0,"enemies":"Chosen","floor":18.0,"turns":6.0},{"damage":1.0,"enemies":"3 Byrds","floor":19.0,"turns":3.0},{"damage":0.0,"enemies":"Snecko","floor":22.0,"turns":4.0},{"damage":56,"enemies":"Gremlin Leader","floor":23,"turns":4}],"seed_played":"686766366949827007","potions_obtained":[{"floor":6.0,"key":"SteroidPotion"},{"floor":10.0,"key":"Ancient Potion"},{"floor":13.0,"key":"AttackPotion"},{"floor":16.0,"key":"LiquidBronze"},{"floor":18.0,"key":"Regen Potion"},{"floor":19.0,"key":"SteroidPotion"}],"is_trial":false,"path_per_floor":["M","M","?","$","?","E","$","R","T","M","E","?","E","T","R","B",null,"M","M","$","?","M","E"],"character_chosen":"WATCHER","items_purchased":["Establishment","EmptyMind","CarveReality","FollowUp","Membership Card","Vajra"],"campfire_rested":0,"item_purchase_floors":[4,4,4,7,20,20],"current_hp_per_floor":[47,47,47,47,47,38,38,38,38,38,38,38,38,38,38,4,60,37,36,36,36,36,0],"gold":434,"neow_bonus":"ONE_RARE_RELIC","is_prod":false,"is_daily":false,"chose_seed":false,"campfire_upgraded":2,"win_rate":0,"timestamp":1568437530,"path_taken":["M","M","?","$","?","E","$","R","T","M","E","?","E","?","R","BOSS","M","?","$","?","M","E"],"build_version":"2019-09-12","purchased_purges":2,"victory":false,"max_hp_per_floor":[65,65,65,65,60,60,60,60,60,60,60,60,60,60,60,60,60,60,60,60,60,60,60],"card_choices":[{"not_picked":["CutThroughFate","Perseverance"],"picked":"Protect","floor":1.0},{"not_picked":["Protect","ForeignInfluence"],"picked":"Crescendo","floor":2.0},{"not_picked":["BattleHymn","EmptyBody"],"picked":"CutThroughFate","floor":6.0},{"not_picked":["ClearTheMind","Protect"],"picked":"Consecrate","floor":10.0},{"not_picked":["Halt","ClearTheMind"],"picked":"DeceiveReality","floor":10.0},{"not_picked":["ThirdEye","JustLucky"],"picked":"CrushJoints","floor":11.0},{"not_picked":["Devotion","EmptyFist"],"picked":"MentalFortress","floor":12.0},{"not_picked":["ThirdEye","Consecrate"],"picked":"Alpha","floor":13.0},{"not_picked":["BattleHymn","SignatureMove"],"picked":"Pray","floor":16.0},{"not_picked":["SandsOfTime","StepAndStrike+1"],"picked":"EmptyBody","floor":18.0},{"not_picked":["Protect","FollowUp","Crescendo"],"picked":"SKIP","floor":18.0},{"not_picked":["Conclude","Establishment+1","Swivel"],"picked":"SKIP","floor":19.0},{"not_picked":["ForeignInfluence","FollowUp","Halt+1"],"picked":"SKIP","floor":19.0},{"not_picked":["JustLucky","Protect+1","FollowUp"],"picked":"SKIP","floor":22.0},{"not_picked":["MentalFortress","EmptyMind+1","Consecrate"],"picked":"SKIP","floor":22.0}],"player_experience":1050610,"relics_obtained":[{"floor":6.0,"key":"Anchor"},{"floor":9.0,"key":"Prayer Wheel"},{"floor":11.0,"key":"Old Coin"},{"floor":12.0,"key":"Odd Mushroom"},{"floor":13.0,"key":"MawBank"},{"floor":14.0,"key":"Bag of Marbles"}],"event_choices":[{"damage_healed":0.0,"max_hp_gain":0.0,"max_hp_loss":0.0,"gold_gain":175.0,"event_name":"Liars Game","player_choice":"AGREE","floor":3.0,"gold_loss":0.0,"damage_taken":0.0,"cards_obtained":["Doubt"]},{"damage_healed":0.0,"max_hp_gain":0.0,"max_hp_loss":5.0,"gold_gain":0.0,"event_name":"Golden Idol","player_choice":"Lose Max HP","floor":5.0,"gold_loss":0.0,"damage_taken":0.0,"relics_obtained":["Golden Idol"]},{"damage_healed":0.0,"max_hp_gain":0.0,"max_hp_loss":0.0,"gold_gain":0.0,"event_name":"Mushrooms","player_choice":"Fought Mushrooms","floor":12.0,"gold_loss":0.0,"damage_taken":0.0},{"damage_healed":0.0,"max_hp_gain":0.0,"max_hp_loss":0.0,"gold_gain":0.0,"event_name":"Duplicator","player_choice":"Ignored","floor":21.0,"gold_loss":0.0,"damage_taken":0.0}],"is_beta":true,"boss_relics":[{"not_picked":["Black Star","Velvet Choker"],"picked":"Empty Cage"}],"items_purged_floors":[4,20],"is_endless":false,"potions_floor_spawned":[6,10,13,16,18,19],"killed_by":"Gremlin Leader","ascension_level":2}