{"gold_per_floor":[116,133,149,149,163,163,190,190,190,216,216,491,502,321,321,393,393,412,412,108,23,23,23,48,66,66,84,100,25,44,73,73,146,146,161,161,54,70,88,114,114,139,139,50,76,21,69,69,69,69,69],"floor_reached":51,"playtime":3521,"items_purged":["Regret","Bite"],"score":1562,"play_id":"0be502e5-f2cf-483f-a31f-25a937dfd189","local_time":"20190903191024","is_ascension_mode":true,"campfire_choices":[{"data":"Bash","floor":6.0,"key":"SMITH"},{"floor":8.0,"key":"REST"},{"data":"Berserk","floor":11.0,"key":"SMITH"},{"data":"True Grit","floor":15.0,"key":"SMITH"},{"data":"Double Tap","floor":23,"key":"SMITH"},{"data":"Spot Weakness","floor":32,"key":"SMITH"},{"data":"Heavy Blade","floor":41,"key":"SMITH"},{"data":"Clothesline","floor":49,"key":"SMITH"}],"neow_cost":"PERCENT_DAMAGE","seed_source_timestamp":0,"circlet_count":0,"master_deck":["AscendersBane","Defend_R","Defend_R","Defend_R","Defend_R","Bash+1","Reaper","Battle Trance","Battle Trance","Headbutt","Clothesline+1","Berserk+1","Cleave","True Grit+1","Double Tap+1","Iron Wave+1","Bite","Bite","Bite","Flame Barrier","Offering","Inflame+1","Spot Weakness+1","Brutality+1","Thunderclap+1","Blind","Heavy Blade+1","Shrug It Off+1","Clumsy","Flame Barrier","Rupture+1","Barricade+1"],"special_seed":0,"relics":["Burning Blood","PreservedInsect","Self Forming Clay","Blue Candle","Cursed Key","Bag of Preparation","Frozen Egg 2","Nunchaku","Singing Bowl","Paper Frog","Runic Cube","Shuriken","Question Card","Kunai","Letter Opener","Turnip"],"potions_floor_usage":[16,24,31,42,42,50,50],"damage_taken":[{"damage":11.0,"enemies":"Jaw Worm","floor":1.0,"turns":6.0},{"damage":2.0,"enemies":"2 Louse","floor":2.0,"turns":4.0},{"damage":6.0,"enemies":"Cultist","floor":3.0,"turns":3.0},{"damage":29.0,"enemies":"Exordium Thugs","floor":5.0,"turns":5.0},{"damage":51.0,"enemies":"Lagavulin","floor":7.0,"turns":6.0},{"damage":8.0,"enemies":"Gremlin Nob","floor":10.0,"turns":3.0},{"damage":11.0,"enemies":"Looter","floor":13.0,"turns":3.0},{"damage":32,"enemies":"The Guardian","floor":16,"turns":17},{"damage":12,"enemies":"3 Byrds","floor":18,"turns":5},{"damage":12,"enemies":"Gremlin Leader","floor":24,"turns":6},{"damage":9,"enemies":"Chosen","floor":25,"turns":4},{"damage":28,"enemies":"Snake Plant","floor":27,"turns":5},{"damage":39,"enemies":"Cultist and Chosen","floor":28,"turns":5},{"damage":21,"enemies":"Centurion and Healer","floor":30,"turns":16},{"damage":25,"enemies":"Book of Stabbing","floor":31,"turns":4},{"damage":54,"enemies":"Champ","floor":33,"turns":7},{"damage":19,"enemies":"3 Darklings","floor":35,"turns":4},{"damage":17,"enemies":"3 Shapes","floor":38,"turns":7},{"damage":16,"enemies":"Spire Growth","floor":39,"turns":3},{"damage":22,"enemies":"Giant Head","floor":40,"turns":5},{"damage":39,"enemies":"Reptomancer","floor":42,"turns":3},{"damage":10,"enemies":"Giant Head","floor":45,"turns":5},{"damage":43,"enemies":"2 Orb Walkers","floor":47,"turns":5},{"damage":116,"enemies":"Awakened One","floor":50,"turns":12},{"damage":11,"enemies":"Time Eater","floor":51,"turns":1}],"seed_played":"4357914431008208038","potions_obtained":[{"floor":2.0,"key":"FearPotion"},{"floor":3.0,"key":"EssenceOfSteel"},{"floor":16,"key":"Poison Potion"},{"floor":25,"key":"Explosive Potion"},{"floor":33,"key":"Strength Potion"},{"floor":35,"key":"Dexterity Potion"},{"floor":42,"key":"Energy Potion"}],"is_trial":false,"path_per_floor":["M","M","M","?","M","R","E","R","T","E","R","?","M","$","R","B",null,"M","?","$","?","?","R","E","M","T","M","M","?","M","E","R","B",null,"M","?","$","M","M","E","R","E","T","$","E","$","?","?","R","B","B"],"character_chosen":"IRONCLAD","items_purchased":["Block Potion","True Grit","Bag of Preparation","Flame Barrier","Blind","Flame Barrier","Block Potion"],"campfire_rested":1,"item_purchase_floors":[14,14,20,20,37,44,46],"current_hp_per_floor":[45,57,61,66,53,53,14,38,38,42,42,42,37,37,37,17,64,64,56,56,56,56,56,56,56,56,38,31,31,58,56,56,28,52,60,57,57,59,61,61,61,58,58,58,61,61,49,51,51,10,0],"gold":69,"neow_bonus":"THREE_RARE_CARDS","is_prod":false,"is_daily":false,"chose_seed":false,"campfire_upgraded":7,"win_rate":0,"timestamp":1567552224,"path_taken":["M","M","M","?","M","R","E","R","T","E","R","?","?","$","R","BOSS","M","?","$","?","?","R","E","M","T","M","?","?","?","E","R","BOSS","M","?","$","M","M","E","R","E","T","$","E","$","?","?","R","BOSS","BOSS"],"build_version":"2019-07-17","purchased_purges":2,"victory":false,"max_hp_per_floor":[75,75,75,80,80,80,80,80,80,80,80,80,80,80,80,80,80,80,56,56,56,56,56,56,56,56,56,58,58,58,60,60,60,60,60,57,57,59,61,61,61,61,61,61,61,61,61,63,63,63,63],"card_choices":[{"not_picked":["Dark Embrace","Impervious"],"picked":"Reaper","floor":0.0},{"not_picked":["Shrug It Off","Flex"],"picked":"Battle Trance","floor":1.0},{"not_picked":["Perfected Strike","Warcry","Clash"],"picked":"SKIP","floor":2.0},{"not_picked":["Wild Strike","Anger"],"picked":"Battle Trance","floor":3.0},{"not_picked":["Body Slam","Warcry"],"picked":"Headbutt","floor":5.0},{"not_picked":["True Grit","Dark Embrace"],"picked":"Clothesline","floor":7.0},{"not_picked":["Second Wind","Armaments"],"picked":"Berserk","floor":10.0},{"not_picked":["Thunderclap","Havoc"],"picked":"Cleave","floor":13.0},{"not_picked":["Impervious","Brutality"],"picked":"Double Tap","floor":16},{"not_picked":["Clothesline","Warcry"],"picked":"Iron Wave+1","floor":18},{"not_picked":["Iron Wave","Warcry"],"picked":"Offering","floor":24},{"not_picked":["Pommel Strike","True Grit","Warcry"],"picked":"SKIP","floor":25},{"not_picked":["Perfected Strike","Ghostly Armor"],"picked":"Inflame+1","floor":27},{"not_picked":["Body Slam","Anger","Shrug It Off"],"picked":"Singing Bowl","floor":28},{"not_picked":["Sentinel","Shrug It Off"],"picked":"Spot Weakness","floor":30},{"not_picked":["Carnage","Burning Pact+1","Evolve+1"],"picked":"Singing Bowl","floor":31},{"not_picked":["Dark Embrace+1","Reaper"],"picked":"Brutality+1","floor":33},{"not_picked":["Clothesline","Warcry"],"picked":"Thunderclap+1","floor":35},{"not_picked":["Evolve+1","Uppercut","Wild Strike+1"],"picked":"Singing Bowl","floor":38},{"not_picked":["Sword Boomerang","Twin Strike+1","Power Through"],"picked":"Singing Bowl","floor":39},{"not_picked":["Pommel Strike","Clash"],"picked":"Heavy Blade","floor":40},{"not_picked":["Sever Soul","Havoc"],"picked":"Shrug It Off+1","floor":42},{"not_picked":["Dropkick","Cleave","Entrench"],"picked":"Rupture+1","floor":45},{"not_picked":["Whirlwind","Flame Barrier","Iron Wave"],"picked":"Barricade+1","floor":47},{"not_picked":["Deep Breath","Mayhem+1","Discovery","Purity"],"picked":"Singing Bowl","floor":48}],"player_experience":954766,"relics_obtained":[{"floor":7.0,"key":"PreservedInsect"},{"floor":9.0,"key":"Self Forming Clay"},{"floor":10.0,"key":"Blue Candle"},{"floor":24,"key":"Nunchaku"},{"floor":26,"key":"Singing Bowl"},{"floor":31,"key":"Paper Frog"},{"floor":40,"key":"Shuriken"},{"floor":42,"key":"Question Card"},{"floor":43,"key":"Kunai"},{"floor":45,"key":"Letter Opener"},{"floor":47,"key":"Turnip"}],"event_choices":[{"damage_healed":0.0,"max_hp_gain":5.0,"max_hp_loss":0.0,"gold_gain":0.0,"event_name":"Big Fish","player_choice":"Donut","floor":4.0,"gold_loss":0.0,"damage_taken":0.0},{"damage_healed":0.0,"max_hp_gain":0.0,"max_hp_loss":0.0,"gold_gain":275.0,"event_name":"Golden Shrine","player_choice":"Desecrate","floor":12.0,"gold_loss":0.0,"damage_taken":0.0,"cards_obtained":["Regret"]},{"damage_healed":0,"gold_gain":0,"player_choice":"Became a vampire","damage_taken":0,"max_hp_gain":0,"max_hp_loss":24,"event_name":"Vampires","floor":19,"gold_loss":0,"cards_obtained":["Bite","Bite","Bite","Bite","Bite"]},{"damage_healed":0,"gold_gain":0,"player_choice":"Obtained Relic","damage_taken":0,"relics_obtained":["Frozen Egg 2"],"max_hp_gain":0,"max_hp_loss":0,"event_name":"Addict","floor":21,"gold_loss":85},{"cards_removed":["Bite"],"damage_healed":0,"gold_gain":0,"player_choice":"Purged","damage_taken":0,"max_hp_gain":0,"max_hp_loss":0,"event_name":"Purifier","floor":22,"gold_loss":0},{"cards_removed":["Pain"],"damage_healed":0,"gold_gain":0,"player_choice":"Single Remove","damage_taken":0,"max_hp_gain":0,"max_hp_loss":0,"event_name":"Designer","floor":29,"gold_loss":75},{"damage_healed":0,"gold_gain":0,"player_choice":"Max HP","damage_taken":0,"max_hp_gain":0,"max_hp_loss":3,"event_name":"Winding Halls","floor":36,"gold_loss":0},{"damage_healed":0,"gold_gain":0,"player_choice":"Fight","damage_taken":0,"max_hp_gain":0,"max_hp_loss":0,"event_name":"Mysterious Sphere","floor":47,"gold_loss":0},{"damage_healed":0,"gold_gain":0,"player_choice":"Memory 1","damage_taken":0,"max_hp_gain":0,"max_hp_loss":0,"event_name":"SensoryStone","floor":48,"gold_loss":0}],"is_beta":false,"boss_relics":[{"not_picked":["Velvet Choker","Empty Cage"],"picked":"Cursed Key"},{"not_picked":["Coffee Dripper","Runic Pyramid"],"picked":"Runic Cube"}],"items_purged_floors":[14,20],"is_endless":false,"potions_floor_spawned":[2,3,16,25,33,35,39,42],"killed_by":"Time Eater","ascension_level":20}