{"gold_per_floor":[114,39,114,10,27,58,58,89,169,200,213,213,223,251,251,324,324,338,124,124,142,57,57,57],"floor_reached":24,"playtime":915,"items_purged":["Strike_B"],"score":457,"play_id":"749ebd37-db83-4d97-ba45-4d251fb81354","local_time":"20190814224233","is_ascension_mode":true,"campfire_choices":[{"data":"Zap","floor":7,"key":"SMITH"},{"data":"Go for the Eyes","floor":12,"key":"SMITH"},{"data":"Reinforced Body","floor":15,"key":"SMITH"},{"data":"Defragment","floor":23,"key":"SMITH"}],"neow_cost":"NONE","seed_source_timestamp":219913333420400,"circlet_count":0,"master_deck":["AscendersBane","Strike_B","Strike_B","Defend_B","Defend_B","Defend_B","Defend_B","Zap+1","Dualcast","Leap","Capacitor","Go for the Eyes+1","Genetic Algorithm","Rebound","Streamline","Hologram","Compile Driver","Reinforced Body+1","Core Surge","Skim","Defragment+1","Coolheaded","Cold Snap","Self Repair"],"relics":["Cracked Core","NeowsBlessing","Boot","Ice Cream","Darkstone Periapt","Meat on the Bone","Mango","Sozu","Bag of Preparation"],"potions_floor_usage":[10,14,14,16],"damage_taken":[{"damage":0,"enemies":"Small Slimes","floor":1,"turns":1},{"damage":0,"enemies":"2 Louse","floor":5,"turns":1},{"damage":0,"enemies":"Gremlin Nob","floor":6,"turns":1},{"damage":35,"enemies":"Lagavulin","floor":8,"turns":8},{"damage":16,"enemies":"Gremlin Nob","floor":10,"turns":4},{"damage":0,"enemies":"Cultist","floor":11,"turns":3},{"damage":3,"enemies":"3 Louse","floor":13,"turns":5},{"damage":1,"enemies":"Lagavulin","floor":14,"turns":8},{"damage":21,"enemies":"The Guardian","floor":16,"turns":13},{"damage":27,"enemies":"Spheric Guardian","floor":18,"turns":5},{"damage":11,"enemies":"3 Byrds","floor":21,"turns":5},{"damage":25,"enemies":"Slavers","floor":24,"turns":2}],"seed_played":"2551545933872912360","potions_obtained":[{"floor":1,"key":"Block Potion"},{"floor":11,"key":"Ancient Potion"},{"floor":13,"key":"Block Potion"},{"floor":14,"key":"AttackPotion"}],"is_trial":false,"path_per_floor":["M","?","?","$","M","E","R","E","T","E","M","R","M","E","R","B",null,"M","$","?","M","?","R","E"],"character_chosen":"DEFECT","items_purchased":["Capacitor","Go for the Eyes","Defragment","Coolheaded","Cold Snap"],"campfire_rested":0,"item_purchase_floors":[4,4,19,19,19],"current_hp_per_floor":[64,64,53,53,53,53,53,18,18,2,14,14,23,48,48,39,74,47,47,22,23,23,23,0],"gold":57,"neow_bonus":"THREE_ENEMY_KILL","is_prod":false,"is_daily":false,"chose_seed":false,"campfire_upgraded":4,"win_rate":0,"timestamp":1565836953,"path_taken":["M","?","?","$","M","E","R","E","T","E","M","R","M","E","R","BOSS","M","$","?","M","?","R","E"],"build_version":"2019-07-17","purchased_purges":1,"victory":false,"max_hp_per_floor":[71,71,71,71,71,71,71,71,71,71,71,71,71,85,85,85,85,85,85,90,90,90,90,90],"card_choices":[{"not_picked":["Streamline","Steam"],"picked":"Leap","floor":1},{"not_picked":["Heatsinks","Double Energy"],"picked":"Genetic Algorithm","floor":5},{"not_picked":["Leap","Reboot"],"picked":"Rebound","floor":6},{"not_picked":["Blizzard","Reboot"],"picked":"Streamline","floor":8},{"not_picked":["Double Energy","Heatsinks"],"picked":"Hologram","floor":10},{"not_picked":["Coolheaded","Steam Power"],"picked":"Compile Driver","floor":11},{"not_picked":["Force Field","Thunder Strike"],"picked":"Reinforced Body","floor":13},{"not_picked":["Meteor Strike","Conserve Battery","Steam"],"picked":"SKIP","floor":14},{"not_picked":["Thunder Strike","Hyperbeam"],"picked":"Core Surge","floor":16},{"not_picked":["Rebound","Conserve Battery"],"picked":"Skim","floor":18},{"not_picked":["Beam Cell","White Noise"],"picked":"Self Repair","floor":21}],"player_experience":755535,"relics_obtained":[{"floor":6,"key":"Boot"},{"floor":8,"key":"Ice Cream"},{"floor":9,"key":"Darkstone Periapt"},{"floor":10,"key":"Meat on the Bone"},{"floor":14,"key":"Mango"}],"event_choices":[{"cards_removed":["Strike_B"],"damage_healed":0,"gold_gain":0,"player_choice":"Card Removal","damage_taken":0,"max_hp_gain":0,"max_hp_loss":0,"event_name":"The Cleric","floor":2,"gold_loss":75},{"damage_healed":0,"gold_gain":75,"player_choice":"Gather Gold","damage_taken":11,"max_hp_gain":0,"max_hp_loss":0,"event_name":"World of Goop","floor":3,"gold_loss":0},{"damage_healed":0,"gold_gain":0,"player_choice":"Shed Blood","damage_taken":30,"max_hp_gain":5,"max_hp_loss":0,"event_name":"Forgotten Altar","floor":20,"gold_loss":0},{"damage_healed":0,"gold_gain":0,"player_choice":"Obtained Relic","damage_taken":0,"relics_obtained":["Bag of Preparation"],"max_hp_gain":0,"max_hp_loss":0,"event_name":"Addict","floor":22,"gold_loss":85}],"is_beta":false,"boss_relics":[{"not_picked":["Runic Dome","Lizard Tail"],"picked":"Sozu"}],"items_purged_floors":[19],"is_endless":false,"potions_floor_spawned":[1,11,13,14],"killed_by":"Slavers","ascension_level":15}