{"gold_per_floor":[118,132,2,20,20,20,51,68,68,68,83,118,143,143,143,143],"floor_reached":16,"playtime":498,"items_purged":[],"score":207,"play_id":"0a33c667-8f04-4848-ba11-b6982d490389","local_time":"20190816215915","is_ascension_mode":true,"campfire_choices":[{"data":"Defragment","floor":6,"key":"SMITH"},{"data":"Capacitor","floor":15,"key":"SMITH"}],"neow_cost":"NONE","seed_source_timestamp":78486909877900,"circlet_count":0,"master_deck":["AscendersBane","Strike_B","Strike_B","Strike_B","Strike_B","Defend_B","Defend_B","Defend_B","Defend_B","Zap","Dualcast","Cold Snap","Defragment+1","Capacitor+1","Reinforced Body","Steam","Doom and Gloom","Compile Driver","Parasite"],"relics":["Cracked Core","Centennial Puzzle","Pen Nib","Ancient Tea Set","Golden Idol","Ornamental Fan"],"potions_floor_usage":[13],"damage_taken":[{"damage":7,"enemies":"Small Slimes","floor":1,"turns":4},{"damage":5,"enemies":"2 Louse","floor":2,"turns":2},{"damage":2,"enemies":"Cultist","floor":4,"turns":4},{"damage":12,"enemies":"Lagavulin","floor":7,"turns":6},{"damage":1,"enemies":"Looter","floor":8,"turns":3},{"damage":8,"enemies":"Large Slime","floor":11,"turns":3},{"damage":22,"enemies":"Gremlin Nob","floor":12,"turns":4},{"damage":0,"enemies":"Red Slaver","floor":13,"turns":3},{"damage":32,"enemies":"The Guardian","floor":16,"turns":2}],"seed_played":"-6389854114420964981","potions_obtained":[{"floor":1,"key":"Fire Potion"},{"floor":4,"key":"Fire Potion"},{"floor":8,"key":"FocusPotion"},{"floor":11,"key":"Ancient Potion"}],"is_trial":false,"path_per_floor":["M","M","$","M","?","R","E","M","T","?","M","E","M","?","R","B"],"character_chosen":"DEFECT","items_purchased":["Capacitor","Reinforced Body"],"campfire_rested":0,"item_purchase_floors":[3,3],"current_hp_per_floor":[57,52,52,50,50,50,38,37,37,37,29,7,7,23,23,0],"gold":143,"neow_bonus":"RANDOM_COMMON_RELIC","is_prod":false,"is_daily":false,"chose_seed":false,"campfire_upgraded":2,"win_rate":0,"timestamp":1566007155,"path_taken":["M","M","$","M","?","R","E","M","T","?","M","E","M","?","R","BOSS"],"build_version":"2019-07-17","purchased_purges":0,"victory":false,"max_hp_per_floor":[71,71,71,71,71,71,71,71,71,64,64,64,64,64,64,64],"card_choices":[{"not_picked":["Double Energy","Sweeping Beam"],"picked":"Cold Snap","floor":1},{"not_picked":["Streamline","Lockon"],"picked":"Defragment","floor":2},{"not_picked":["Beam Cell","Barrage"],"picked":"Steam","floor":4},{"not_picked":["Loop","Redo"],"picked":"Doom and Gloom","floor":7},{"not_picked":["Cold Snap","Heatsinks"],"picked":"Compile Driver","floor":8},{"not_picked":["Chaos","Rebound","Beam Cell"],"picked":"SKIP","floor":11},{"not_picked":["Blizzard","Sweeping Beam","Darkness"],"picked":"SKIP","floor":12},{"not_picked":["Rebound","Streamline","All For One"],"picked":"SKIP","floor":13}],"player_experience":786753,"relics_obtained":[{"floor":7,"key":"Pen Nib"},{"floor":9,"key":"Ancient Tea Set"},{"floor":12,"key":"Ornamental Fan"}],"event_choices":[{"damage_healed":0,"gold_gain":0,"player_choice":"Ignored","damage_taken":0,"max_hp_gain":0,"max_hp_loss":0,"event_name":"Liars Game","floor":5,"gold_loss":0},{"damage_healed":0,"gold_gain":0,"player_choice":"Lose Max HP","damage_taken":0,"relics_obtained":["Golden Idol"],"max_hp_gain":0,"max_hp_loss":7,"event_name":"Golden Idol","floor":10,"gold_loss":0},{"damage_healed":16,"gold_gain":0,"player_choice":"Healed and dodged fight","damage_taken":0,"max_hp_gain":0,"max_hp_loss":0,"event_name":"Mushrooms","floor":14,"gold_loss":0,"cards_obtained":["Parasite"]}],"is_beta":false,"boss_relics":[],"items_purged_floors":[],"is_endless":false,"potions_floor_spawned":[1,4,8,11,12],"killed_by":"The Guardian","ascension_level":17}