{"gold_per_floor":[118,3,3,3,18,18,58,58,81,81,9,40,140,161,161,282,282,306,320,420,268,268],"floor_reached":22,"playtime":783,"items_purged":["Strike_B"],"score":238,"play_id":"bd2957e6-5399-4913-b9dd-d9900e2917bd","local_time":"20190718233332","is_ascension_mode":true,"campfire_choices":[{"floor":6,"key":"DIG"},{"floor":8,"key":"REST"},{"floor":10,"key":"DIG"},{"floor":15,"key":"REST"}],"neow_cost":"PERCENT_DAMAGE","seed_source_timestamp":184132640528500,"circlet_count":0,"master_deck":["Strike_B","Strike_B","Strike_B+1","Defend_B","Defend_B","Defend_B","Defend_B","Zap","Dualcast","Auto Shields","Static Discharge","Steam Power","Loop","Ball Lightning+1","Electrodynamics+1","Heatsinks+1","Doom and Gloom","Creative AI+1","Compile Driver","White Noise","Self Repair+1"],"relics":["FrozenCore","Shovel","Golden Idol","Shuriken","Frozen Egg 2","Whetstone","Emotion Chip","Gambling Chip"],"potions_floor_usage":[16,16,22],"damage_taken":[{"damage":12,"enemies":"Jaw Worm","floor":1,"turns":3},{"damage":0,"enemies":"2 Louse","floor":5,"turns":2},{"damage":26,"enemies":"Lagavulin","floor":7,"turns":8},{"damage":22,"enemies":"Gremlin Nob","floor":12,"turns":4},{"damage":0,"enemies":"Cultist","floor":14,"turns":2},{"damage":26,"enemies":"Hexaghost","floor":16,"turns":8},{"damage":7,"enemies":"3 Byrds","floor":18,"turns":2},{"damage":16,"enemies":"Spheric Guardian","floor":19,"turns":5},{"damage":36,"enemies":"Centurion and Healer","floor":22,"turns":5}],"seed_played":"7099145989105983426","potions_obtained":[{"floor":1,"key":"SpeedPotion"},{"floor":12,"key":"SpeedPotion"},{"floor":14,"key":"Weak Potion"},{"floor":18,"key":"Block Potion"},{"floor":19,"key":"SneckoOil"}],"is_trial":false,"path_per_floor":["M","$","?","?","M","R","E","R","T","R","$","E","?","M","R","B",null,"M","M","?","$","M"],"character_chosen":"DEFECT","items_purchased":["Static Discharge","Steam Power","Electrodynamics+1","Self Repair+1"],"campfire_rested":2,"item_purchase_floors":[2,2,11,21],"current_hp_per_floor":[42,42,42,42,42,42,16,36,36,36,36,14,14,14,34,8,54,47,31,31,31,0],"gold":268,"neow_bonus":"ONE_RARE_RELIC","is_prod":false,"is_daily":false,"chose_seed":false,"campfire_upgraded":0,"win_rate":0,"timestamp":1563507212,"path_taken":["M","$","?","?","M","R","E","R","T","R","$","E","?","?","R","BOSS","M","M","?","$","M"],"build_version":"2019-07-17","purchased_purges":1,"victory":false,"max_hp_per_floor":[75,75,75,69,69,69,69,69,69,69,69,69,69,69,69,69,69,69,69,69,69,69],"card_choices":[{"not_picked":["Force Field","Sweeping Beam"],"picked":"Auto Shields","floor":1},{"not_picked":["Genetic Algorithm","Stack"],"picked":"Loop","floor":5},{"not_picked":["Hologram","Go for the Eyes"],"picked":"Ball Lightning","floor":7},{"not_picked":["Rainbow","Scrape"],"picked":"Heatsinks+1","floor":12},{"not_picked":["Melter","Scrape"],"picked":"Doom and Gloom","floor":14},{"not_picked":["Thunder Strike","Electrodynamics+1"],"picked":"Creative AI+1","floor":16},{"not_picked":["Scrape","Rebound"],"picked":"Compile Driver","floor":18},{"not_picked":["Stack","Go for the Eyes+1"],"picked":"White Noise","floor":19}],"player_experience":411660,"relics_obtained":[{"floor":6,"key":"Shuriken"},{"floor":7,"key":"Frozen Egg 2"},{"floor":9,"key":"Whetstone"},{"floor":10,"key":"Emotion Chip"},{"floor":12,"key":"Gambling Chip"}],"event_choices":[{"damage_healed":0,"gold_gain":0,"player_choice":"Ignored","damage_taken":0,"max_hp_gain":0,"max_hp_loss":0,"event_name":"Shining Light","floor":3,"gold_loss":0},{"damage_healed":0,"gold_gain":0,"player_choice":"Lose Max HP","damage_taken":0,"relics_obtained":["Golden Idol"],"max_hp_gain":0,"max_hp_loss":6,"event_name":"Golden Idol","floor":4,"gold_loss":0},{"damage_healed":0,"gold_gain":100,"player_choice":"Pray","damage_taken":0,"max_hp_gain":0,"max_hp_loss":0,"event_name":"Golden Shrine","floor":13,"gold_loss":0},{"damage_healed":0,"gold_gain":100,"player_choice":"Pray","damage_taken":0,"max_hp_gain":0,"max_hp_loss":0,"event_name":"Golden Shrine","floor":20,"gold_loss":0}],"is_beta":false,"boss_relics":[{"not_picked":["Pandora\u0027s Box","Astrolabe"],"picked":"FrozenCore"}],"items_purged_floors":[21],"is_endless":false,"potions_floor_spawned":[1,12,14,18,19],"killed_by":"Centurion and Healer","ascension_level":5}