{"gold_per_floor":[113,113,131,32,32,59,59,93,93,93,110,122,47,59,59,138,138,156,34,53,69,119,152,152,72,72,97,107,107,124,124,124,200,200,210,226,245,265,79,106,38,38,38,69,82,59,0,28,28,28],"floor_reached":50,"playtime":2700,"items_purged":["Strike_P","Strike_P","SignatureMove"],"score":1245,"play_id":"85dc5610-d5bf-47ed-9f5c-5ec5e7ca6f52","local_time":"20191016114538","is_ascension_mode":true,"campfire_choices":[{"data":"Eruption","floor":7.0,"key":"SMITH"},{"data":"FlurryOfBlows","floor":10.0,"key":"SMITH"},{"data":"TalkToTheHand","floor":15.0,"key":"SMITH"},{"floor":24.0,"key":"REST"},{"data":"Wireheading","floor":29.0,"key":"SMITH"},{"data":"Tantrum","floor":32.0,"key":"SMITH"},{"data":"Nirvana","floor":42.0,"key":"SMITH"},{"floor":49.0,"key":"REST"}],"neow_cost":"NONE","seed_source_timestamp":0,"circlet_count":0,"master_deck":["AscendersBane","Defend_P","Defend_P","Defend_P+1","Defend_P","Eruption+1","Vigilance","Consecrate+1","InnerPeace","TalkToTheHand+1","FlurryOfBlows+1","Crescendo","FearNoEvil","Tantrum+1","ConjureBlade","EmptyMind","Adaptation","Halt+1","EmptyMind+1","Wireheading+1","TalkToTheHand+1","LessonLearned+1","Consecrate+1","EmptyBody+1","Dark Shackles+1","Nirvana+1","Protect+1","ClearTheMind","TalkToTheHand+1","Omniscience"],"special_seed":0,"relics":["PureWater","NeowsBlessing","HornCleat","Meat on the Bone","The Courier","SlaversCollar","Dream Catcher","Bag of Preparation","Blood Vial","Sozu","Whetstone","StrikeDummy","Bag of Marbles","Red Mask","Molten Egg 2"],"potions_floor_usage":[],"damage_taken":[{"damage":0.0,"enemies":"Jaw Worm","floor":1.0,"turns":1.0},{"damage":0.0,"enemies":"Small Slimes","floor":3.0,"turns":1.0},{"damage":0.0,"enemies":"3 Sentries","floor":6.0,"turns":2.0},{"damage":0.0,"enemies":"Gremlin Nob","floor":8.0,"turns":3.0},{"damage":0.0,"enemies":"Cultist","floor":11.0,"turns":2.0},{"damage":3.0,"enemies":"Looter","floor":12.0,"turns":3.0},{"damage":0.0,"enemies":"3 Louse","floor":14.0,"turns":3.0},{"damage":8.0,"enemies":"The Guardian","floor":16.0,"turns":8.0},{"damage":9.0,"enemies":"2 Thieves","floor":18.0,"turns":3.0},{"damage":0.0,"enemies":"Chosen","floor":20.0,"turns":3.0},{"damage":0.0,"enemies":"3 Cultists","floor":21.0,"turns":4.0},{"damage":50.0,"enemies":"Book of Stabbing","floor":23.0,"turns":5.0},{"damage":10.0,"enemies":"Slavers","floor":27.0,"turns":3.0},{"damage":0.0,"enemies":"Cultist and Chosen","floor":28.0,"turns":3.0},{"damage":0.0,"enemies":"Snake Plant","floor":30.0,"turns":4.0},{"damage":8.0,"enemies":"Collector","floor":33.0,"turns":7.0},{"damage":20.0,"enemies":"3 Darklings","floor":35.0,"turns":4.0},{"damage":7.0,"enemies":"Orb Walker","floor":36.0,"turns":3.0},{"damage":19.0,"enemies":"Transient","floor":37.0,"turns":6.0},{"damage":0.0,"enemies":"Maw","floor":38.0,"turns":7.0},{"damage":4.0,"enemies":"Nemesis","floor":40.0,"turns":5.0},{"damage":36.0,"enemies":"Reptomancer","floor":44.0,"turns":5.0},{"damage":0.0,"enemies":"Spire Growth","floor":45.0,"turns":4.0},{"damage":0.0,"enemies":"Nemesis","floor":48.0,"turns":9.0},{"damage":69,"enemies":"Time Eater","floor":50,"turns":8}],"seed_played":"7161366552554373767","potions_obtained":[{"floor":5.0,"key":"LiquidMemories"},{"floor":5.0,"key":"DistilledChaos"},{"floor":8.0,"key":"BottledMiracle"},{"floor":16.0,"key":"DistilledChaos"},{"floor":23.0,"key":"SpeedPotion"},{"floor":27.0,"key":"EntropicBrew"}],"is_trial":false,"path_per_floor":["M","?","M","$","?","E","R","E","T","R","M","M","?","M","R","B",null,"M","$","M","M","?","E","R","$","T","E","M","R","M","?","R","B",null,"M","M","M","M","$","E","$","R","T","E","M","$","?","E","R","B"],"character_chosen":"WATCHER","items_purchased":["TalkToTheHand","FlurryOfBlows","Adaptation","Dark Shackles","Nirvana","ClearTheMind"],"campfire_rested":2,"item_purchase_floors":[4,4,19,39,41,46],"current_hp_per_floor":[61,54,54,54,54,54,54,54,54,54,54,51,51,51,51,43,62,53,53,53,53,53,15,35,35,35,37,39,39,41,41,41,35,60,42,37,32,46,46,44,44,44,44,22,36,36,36,38,58,0],"gold":28,"neow_bonus":"THREE_ENEMY_KILL","is_prod":false,"is_daily":false,"chose_seed":false,"campfire_upgraded":6,"win_rate":0,"timestamp":1571240738,"path_taken":["M","?","M","$","?","E","R","E","T","R","M","?","?","M","R","BOSS","BOSS","M","$","M","M","?","E","R","$","T","E","M","R","?","?","R","BOSS","M","M","?","M","$","E","?","R","T","E","?","?","?","E","R","BOSS"],"build_version":"2019-10-15","purchased_purges":3,"victory":false,"max_hp_per_floor":[68,68,68,68,68,68,68,68,68,68,68,68,68,68,68,68,68,68,68,68,68,68,68,68,68,68,68,68,68,68,68,68,68,68,68,68,68,68,68,68,68,68,68,68,68,68,68,68,68,68],"card_choices":[{"not_picked":["EmptyBody","WaveOfTheHand"],"picked":"Consecrate","floor":1.0},{"not_picked":["Conclude","EmptyFist"],"picked":"InnerPeace","floor":3.0},{"not_picked":["Halt","ClearTheMind"],"picked":"Crescendo","floor":6.0},{"not_picked":["Study","Halt"],"picked":"SignatureMove","floor":8.0},{"not_picked":["Nirvana","SandsOfTime"],"picked":"FearNoEvil","floor":11.0},{"not_picked":["ClearTheMind","Consecrate","EmptyFist"],"picked":"SKIP","floor":12.0},{"not_picked":["Brilliance","Collect"],"picked":"Tantrum","floor":14.0},{"not_picked":["DeusExMachina","Establishment"],"picked":"ConjureBlade","floor":16.0},{"not_picked":["BowlingBash","Vengeance"],"picked":"EmptyMind","floor":18.0},{"not_picked":["CrushJoints+1","Perseverance","ForeignInfluence"],"picked":"SKIP","floor":20.0},{"not_picked":["Worship","Sanctity","FlurryOfBlows+1"],"picked":"SKIP","floor":21.0},{"not_picked":["Pray","Wish","Study"],"picked":"SKIP","floor":23.0},{"not_picked":["Crescendo","JustLucky"],"picked":"Halt+1","floor":24.0},{"not_picked":["Halt","Tantrum+1"],"picked":"EmptyMind","floor":27.0},{"not_picked":["ClearTheMind","Indignation"],"picked":"Wireheading","floor":28.0},{"not_picked":["EmptyFist","EmptyMind","FollowUp"],"picked":"SKIP","floor":30.0},{"not_picked":["Establishment","Omniscience"],"picked":"LessonLearned","floor":33.0},{"not_picked":["FollowUp","Sanctity+1"],"picked":"Consecrate+1","floor":35.0},{"not_picked":["EmptyFist+1","ForeignInfluence"],"picked":"EmptyBody","floor":36.0},{"not_picked":["Sanctity","FlyingSleeves","BowlingBash+1"],"picked":"SKIP","floor":37.0},{"not_picked":["FlyingSleeves","Pray","ThirdEye"],"picked":"SKIP","floor":38.0},{"not_picked":["DevaForm","CrushJoints+1","Consecrate"],"picked":"SKIP","floor":40.0},{"not_picked":["Pray","MentalFortress","FlurryOfBlows"],"picked":"SKIP","floor":44.0},{"not_picked":["PathToVictory","FlurryOfBlows+1"],"picked":"Protect+1","floor":45.0},{"not_picked":["FollowUp+1","WaveOfTheHand"],"picked":"TalkToTheHand+1","floor":48.0},{"not_picked":["BowlingBash+1","Worship"],"picked":"Omniscience","floor":49.0}],"player_experience":1336924,"relics_obtained":[{"floor":6.0,"key":"HornCleat"},{"floor":8.0,"key":"Meat on the Bone"},{"floor":9.0,"key":"The Courier"},{"floor":23.0,"key":"Dream Catcher"},{"floor":26.0,"key":"Bag of Preparation"},{"floor":27.0,"key":"Blood Vial"},{"floor":40.0,"key":"Whetstone"},{"floor":43.0,"key":"StrikeDummy"},{"floor":44.0,"key":"Bag of Marbles"},{"floor":48.0,"key":"Molten Egg 2"}],"event_choices":[{"cards_removed":["Strike_P"],"damage_healed":0.0,"max_hp_gain":0.0,"max_hp_loss":0.0,"gold_gain":0.0,"event_name":"Golden Wing","player_choice":"Card Removal","floor":2.0,"gold_loss":0.0,"damage_taken":7.0},{"damage_healed":0.0,"max_hp_gain":0.0,"max_hp_loss":0.0,"gold_gain":0.0,"event_name":"Lab","player_choice":"Got Potions","floor":5.0,"gold_loss":0.0,"damage_taken":0.0},{"cards_removed":["Strike_P"],"damage_healed":0.0,"max_hp_gain":0.0,"max_hp_loss":0.0,"gold_gain":0.0,"event_name":"The Cleric","player_choice":"Card Removal","floor":13.0,"gold_loss":75.0,"damage_taken":0.0},{"damage_healed":0.0,"max_hp_gain":0.0,"max_hp_loss":0.0,"gold_gain":100.0,"event_name":"The Joust","player_choice":"Bet on Murderer","floor":22.0,"gold_loss":50.0,"damage_taken":0.0},{"damage_healed":0.0,"max_hp_gain":0.0,"max_hp_loss":0.0,"gold_gain":0.0,"event_name":"Duplicator","player_choice":"Copied","floor":31.0,"gold_loss":0.0,"damage_taken":0.0,"cards_obtained":["TalkToTheHand"]},{"damage_healed":0.0,"max_hp_gain":0.0,"max_hp_loss":0.0,"gold_gain":0.0,"event_name":"Tomb of Lord Red Mask","player_choice":"Paid","floor":47.0,"gold_loss":59.0,"damage_taken":0.0,"relics_obtained":["Red Mask"]}],"is_beta":true,"boss_relics":[{"not_picked":["Runic Dome","SacredBark"],"picked":"SlaversCollar"},{"not_picked":["Empty Cage","Cursed Key"],"picked":"Sozu"}],"items_purged_floors":[19,25,39],"is_endless":false,"potions_floor_spawned":[8,14,16,23,27,28,30,35,36,37,40,45],"killed_by":"Time Eater","ascension_level":18}