{"gold_per_floor":[112,37,37,37,37,77,77,112,112,112,12,43,43,43,43,171,171,189,189,64,80,93,93,106,106,106,106],"floor_reached":27,"playtime":1150,"items_purged":["Strike_B","Strike_B","Writhe"],"score":360,"play_id":"f489d170-7bdd-4fe6-9ad1-c11655ca3d6c","local_time":"20190728220346","is_ascension_mode":true,"campfire_choices":[{"floor":7,"key":"REST"},{"data":"Dualcast","floor":10,"key":"SMITH"},{"floor":13,"key":"REST"},{"data":"Darkness","floor":15,"key":"SMITH"},{"floor":23,"key":"REST"},{"data":"Go for the Eyes","floor":25,"key":"SMITH"}],"neow_cost":"NONE","seed_source_timestamp":631069656335300,"circlet_count":0,"master_deck":["AscendersBane","Strike_B","Defend_B","Defend_B","Defend_B","Zap+1","Dualcast+1","BootSequence","Cold Snap","Ball Lightning","Darkness+1","Echo Form","Auto Shields","Conserve Battery","Rebound+1","Go for the Eyes+1"],"relics":["FrozenCore","Golden Idol","Darkstone Periapt","Lantern","Bag of Preparation","Pen Nib","Calipers","Bronze Scales"],"potions_floor_usage":[6,8,16,16,22,27],"damage_taken":[{"damage":6,"enemies":"Cultist","floor":1,"turns":3},{"damage":47,"enemies":"Gremlin Nob","floor":6,"turns":5},{"damage":13,"enemies":"3 Sentries","floor":8,"turns":7},{"damage":11,"enemies":"Lagavulin","floor":12,"turns":5},{"damage":20,"enemies":"Hexaghost","floor":16,"turns":9},{"damage":35,"enemies":"3 Byrds","floor":18,"turns":4},{"damage":0,"enemies":"Chosen","floor":21,"turns":4},{"damage":17,"enemies":"Centurion and Healer","floor":22,"turns":6},{"damage":0,"enemies":"Shelled Parasite and Fungi","floor":24,"turns":6},{"damage":49,"enemies":"Gremlin Leader","floor":27,"turns":7}],"seed_played":"-5305737799703909246","potions_obtained":[{"floor":1,"key":"EntropicBrew"},{"floor":8,"key":"Ancient Potion"},{"floor":12,"key":"Dexterity Potion"},{"floor":18,"key":"Swift Potion"},{"floor":21,"key":"Strength Potion"},{"floor":24,"key":"Poison Potion"}],"is_trial":false,"path_per_floor":["M","$","?","?","?","E","R","E","T","R","$","E","R","?","R","B",null,"M","?","$","M","M","R","M","R","T","E"],"character_chosen":"DEFECT","items_purchased":[],"campfire_rested":3,"item_purchase_floors":[],"current_hp_per_floor":[62,62,67,60,60,13,35,22,22,22,22,11,33,33,33,13,59,24,30,30,30,13,37,37,37,37,0],"gold":106,"neow_bonus":"UPGRADE_CARD","is_prod":false,"is_daily":false,"chose_seed":false,"campfire_upgraded":3,"win_rate":0,"timestamp":1564365826,"path_taken":["M","?","?","?","?","E","R","E","T","R","?","E","R","?","R","BOSS","M","?","$","M","M","R","M","R","T","E"],"build_version":"2019-07-17","purchased_purges":3,"victory":false,"max_hp_per_floor":[75,75,80,80,74,74,74,74,74,74,74,74,74,74,74,74,74,74,80,80,80,80,80,80,80,80,80],"card_choices":[{"not_picked":["Coolheaded","Conserve Battery"],"picked":"BootSequence","floor":1},{"not_picked":["Buffer","Undo"],"picked":"Cold Snap","floor":6},{"not_picked":["Leap","Heatsinks"],"picked":"Ball Lightning","floor":8},{"not_picked":["Undo","Streamline"],"picked":"Darkness","floor":12},{"not_picked":["Multi-Cast","Reboot"],"picked":"Echo Form","floor":16},{"not_picked":["Beam Cell","Steam Power"],"picked":"Auto Shields","floor":18},{"not_picked":["Steam","Reinforced Body"],"picked":"Conserve Battery","floor":21},{"not_picked":["Coolheaded","Cold Snap"],"picked":"Rebound+1","floor":22},{"not_picked":["BootSequence","Turbo"],"picked":"Go for the Eyes","floor":24}],"player_experience":571531,"relics_obtained":[{"floor":6,"key":"Darkstone Periapt"},{"floor":8,"key":"Lantern"},{"floor":9,"key":"Bag of Preparation"},{"floor":12,"key":"Pen Nib"},{"floor":26,"key":"Bronze Scales"}],"event_choices":[{"damage_healed":0,"gold_gain":0,"player_choice":"Donut","damage_taken":0,"max_hp_gain":5,"max_hp_loss":0,"event_name":"Big Fish","floor":3,"gold_loss":0},{"cards_removed":["Defend_B"],"damage_healed":0,"gold_gain":0,"player_choice":"Card Removal","damage_taken":7,"max_hp_gain":0,"max_hp_loss":0,"event_name":"Golden Wing","floor":4,"gold_loss":0},{"damage_healed":0,"gold_gain":0,"player_choice":"Lose Max HP","damage_taken":0,"relics_obtained":["Golden Idol"],"max_hp_gain":0,"max_hp_loss":6,"event_name":"Golden Idol","floor":5,"gold_loss":0},{"cards_removed":["Strike_B"],"damage_healed":0,"gold_gain":0,"player_choice":"Forget","damage_taken":0,"max_hp_gain":0,"max_hp_loss":0,"event_name":"Living Wall","floor":14,"gold_loss":0},{"damage_healed":0,"gold_gain":0,"player_choice":"Opened","damage_taken":0,"relics_obtained":["Calipers"],"max_hp_gain":0,"max_hp_loss":0,"event_name":"The Mausoleum","floor":19,"gold_loss":0,"cards_obtained":["Writhe"]}],"is_beta":false,"boss_relics":[{"not_picked":["White Beast Statue","Fusion Hammer"],"picked":"FrozenCore"}],"items_purged_floors":[2,11,20],"is_endless":false,"potions_floor_spawned":[1,8,12,18,21,24],"killed_by":"Gremlin Leader","ascension_level":12}