{"gold_per_floor":[114,8,21,71,82,93,93,110,110,110,136,148,174,190,190,264,264,264,189,189,189,189,189,189,189,189,189,32,32,32,32],"floor_reached":31,"playtime":1050,"items_purged":["Strike_R"],"score":569,"play_id":"d8183dce-897e-4014-a2e2-b4e2a80a8f32","local_time":"20190829200539","is_ascension_mode":true,"campfire_choices":[{"data":"Uppercut","floor":7.0,"key":"SMITH"},{"data":"Bash","floor":10.0,"key":"SMITH"},{"data":"Heavy Blade","floor":15.0,"key":"SMITH"},{"data":"Armaments","floor":23.0,"key":"SMITH"},{"data":"Clothesline","floor":25.0,"key":"SMITH"}],"neow_cost":"PERCENT_DAMAGE","seed_source_timestamp":0,"circlet_count":0,"master_deck":["AscendersBane","Strike_R","Defend_R","Defend_R","Defend_R","Defend_R","Bash+1","Clothesline+1","Iron Wave","Wild Strike","Shrug It Off","Uppercut+1","Inflame","Heavy Blade+1","Demon Form+1","Armaments+1","Shrug It Off+1"],"special_seed":0,"relics":["Burning Blood","Red Skull","Dream Catcher","Frozen Egg 2","Ectoplasm","Gambling Chip","Vajra","Blood Vial","Pen Nib"],"potions_floor_usage":[],"damage_taken":[{"damage":3.0,"enemies":"2 Louse","floor":1.0,"turns":4.0},{"damage":0.0,"enemies":"Cultist","floor":3.0,"turns":3.0},{"damage":1.0,"enemies":"Jaw Worm","floor":5.0,"turns":3.0},{"damage":6.0,"enemies":"Looter","floor":6.0,"turns":3.0},{"damage":6.0,"enemies":"Red Slaver","floor":8.0,"turns":5.0},{"damage":24.0,"enemies":"3 Sentries","floor":11.0,"turns":8.0},{"damage":22.0,"enemies":"Lots of Slimes","floor":12.0,"turns":4.0},{"damage":1.0,"enemies":"Gremlin Nob","floor":13.0,"turns":3.0},{"damage":6.0,"enemies":"Looter","floor":14.0,"turns":3.0},{"damage":26.0,"enemies":"Hexaghost","floor":16.0,"turns":8.0},{"damage":26.0,"enemies":"Spheric Guardian","floor":18.0,"turns":4.0},{"damage":15.0,"enemies":"Shell Parasite","floor":20.0,"turns":3.0},{"damage":0.0,"enemies":"Centurion and Healer","floor":22.0,"turns":7.0},{"damage":29.0,"enemies":"Book of Stabbing","floor":29.0,"turns":5.0},{"damage":14.0,"enemies":"Sentry and Sphere","floor":30.0,"turns":4.0},{"damage":18,"enemies":"3 Cultists","floor":31,"turns":3}],"seed_played":"4444094774317842403","potions_obtained":[{"floor":1.0,"key":"Fire Potion"},{"floor":11.0,"key":"SteroidPotion"},{"floor":12.0,"key":"Weak Potion"},{"floor":14.0,"key":"AttackPotion"},{"floor":16.0,"key":"Weak Potion"},{"floor":20.0,"key":"FearPotion"},{"floor":22.0,"key":"Energy Potion"}],"is_trial":false,"path_per_floor":["M","$","M","?","M","M","R","M","T","R","E","M","E","M","R","B",null,"M","$","M","T","M","R","?","R","T","?","$","E","M","M"],"character_chosen":"IRONCLAD","items_purchased":["Iron Wave","Wild Strike","Blood Vial"],"campfire_rested":0,"item_purchase_floors":[2,2,28],"current_hp_per_floor":[53,53,59,59,64,64,64,64,64,64,46,30,35,35,35,15,60,40,40,31,31,37,37,37,37,37,37,37,16,10,0],"gold":32,"neow_bonus":"REMOVE_TWO","is_prod":false,"is_daily":false,"chose_seed":false,"campfire_upgraded":5,"win_rate":0,"timestamp":1567123539,"path_taken":["M","$","M","?","?","M","R","?","T","R","E","M","E","M","R","BOSS","M","$","M","?","M","R","?","R","T","?","$","E","M","?"],"build_version":"2019-07-17","purchased_purges":1,"victory":false,"max_hp_per_floor":[75,75,75,75,75,75,75,75,75,75,75,75,75,75,75,75,75,75,75,75,75,75,75,75,75,75,75,75,75,75,75],"card_choices":[{"not_picked":["Combust","Twin Strike"],"picked":"Clothesline","floor":1.0},{"not_picked":["Wild Strike","Ghostly Armor"],"picked":"Shrug It Off","floor":3.0},{"not_picked":["Pommel Strike","Combust"],"picked":"Uppercut","floor":5.0},{"not_picked":["True Grit","Iron Wave"],"picked":"Inflame","floor":6.0},{"not_picked":["Twin Strike","Pommel Strike","Clash"],"picked":"SKIP","floor":8.0},{"not_picked":["Havoc","Seeing Red","Clothesline"],"picked":"SKIP","floor":11.0},{"not_picked":["Flex","Sever Soul"],"picked":"Heavy Blade","floor":12.0},{"not_picked":["Wild Strike","Uppercut","Corruption"],"picked":"SKIP","floor":13.0},{"not_picked":["Body Slam","Sentinel","Searing Blow"],"picked":"SKIP","floor":14.0},{"not_picked":["Bludgeon","Double Tap"],"picked":"Demon Form+1","floor":16.0},{"not_picked":["Warcry","Headbutt"],"picked":"Armaments","floor":18.0},{"not_picked":["Heavy Blade","Iron Wave"],"picked":"Shrug It Off+1","floor":20.0},{"not_picked":["Flex","Headbutt","Dropkick"],"picked":"SKIP","floor":22.0},{"not_picked":["Blood for Blood","Havoc+1","Wild Strike"],"picked":"SKIP","floor":29.0},{"not_picked":["Fire Breathing+1","Corruption+1","Clash"],"picked":"SKIP","floor":30.0}],"player_experience":932794,"relics_obtained":[{"floor":9.0,"key":"Red Skull"},{"floor":11.0,"key":"Dream Catcher"},{"floor":13.0,"key":"Frozen Egg 2"},{"floor":21.0,"key":"Gambling Chip"},{"floor":26.0,"key":"Vajra"},{"floor":29.0,"key":"Pen Nib"}],"event_choices":[{"damage_healed":0.0,"max_hp_gain":0.0,"max_hp_loss":0.0,"gold_gain":50.0,"event_name":"Golden Shrine","player_choice":"Pray","floor":4.0,"gold_loss":0.0,"damage_taken":0.0},{"damage_healed":0.0,"max_hp_gain":0.0,"max_hp_loss":0.0,"gold_gain":0.0,"event_name":"Ghosts","player_choice":"Ignored","floor":24.0,"gold_loss":0.0,"damage_taken":0.0},{"cards_removed":["Strike_R"],"damage_healed":0.0,"max_hp_gain":0.0,"max_hp_loss":0.0,"gold_gain":0.0,"event_name":"Wheel of Change","player_choice":"Card Removal","floor":27.0,"gold_loss":0.0,"damage_taken":0.0}],"is_beta":false,"boss_relics":[{"not_picked":["Calling Bell","Astrolabe"],"picked":"Ectoplasm"}],"items_purged_floors":[19],"is_endless":false,"potions_floor_spawned":[1,11,12,14,16,20,22],"killed_by":"3 Cultists","ascension_level":19}