{"gold_per_floor":[118,135,135,66,241,271,283,6,6,26,26,51,51,80,80,152,152,168,46,61,61,11,11,11,11,11,29,29,47,47,57,57,57],"floor_reached":33,"playtime":1047,"items_purged":["Doubt","Strike_P","Defend_P"],"score":475,"play_id":"778bee89-d0b2-4138-b51f-d93a9298e6fb","local_time":"20191011084233","is_ascension_mode":true,"campfire_choices":[{"data":"Eruption","floor":11.0,"key":"SMITH"},{"data":"Consecrate","floor":13.0,"key":"SMITH"},{"data":"ConjureBlade","floor":15.0,"key":"SMITH"},{"data":"TalkToTheHand","floor":23.0,"key":"SMITH"},{"data":"Ragnarok","floor":25.0,"key":"SMITH"},{"data":"Wallop","floor":28.0,"key":"SMITH"},{"floor":32,"key":"REST"}],"neow_cost":"NONE","seed_source_timestamp":82265959295800,"circlet_count":0,"master_deck":["AscendersBane","Strike_P+1","Defend_P","Defend_P+1","Defend_P+1","Eruption+1","Vigilance+1","CutThroughFate","FlurryOfBlows","TalkToTheHand+1","ClearTheMind","Wallop+1","JustLucky","EmptyMind","Consecrate+1","ConjureBlade+1","Ragnarok+1","WreathOfFlame","InnerPeace","Study+1","Scrawl+1"],"special_seed":0,"relics":["PureWater","NeowsBlessing","Darkstone Periapt","Vajra","War Paint","Unceasing Top","Smiling Mask","Empty Cage","MutagenicStrength","Frozen Egg 2"],"potions_floor_usage":[33],"damage_taken":[{"damage":0.0,"enemies":"Cultist","floor":1.0,"turns":1.0},{"damage":0.0,"enemies":"2 Louse","floor":2.0,"turns":1.0},{"damage":0.0,"enemies":"Lagavulin","floor":6.0,"turns":1.0},{"damage":0.0,"enemies":"Small Slimes","floor":7.0,"turns":2.0},{"damage":0.0,"enemies":"Looter","floor":10.0,"turns":3.0},{"damage":2.0,"enemies":"Gremlin Nob","floor":12.0,"turns":3.0},{"damage":11.0,"enemies":"Lagavulin","floor":14.0,"turns":9.0},{"damage":23.0,"enemies":"Hexaghost","floor":16.0,"turns":8.0},{"damage":10.0,"enemies":"Chosen","floor":18.0,"turns":3.0},{"damage":11.0,"enemies":"2 Thieves","floor":20.0,"turns":3.0},{"damage":0.0,"enemies":"Centurion and Healer","floor":27.0,"turns":2.0},{"damage":6,"enemies":"Snake Plant","floor":29,"turns":4},{"damage":13,"enemies":"Snecko","floor":31,"turns":4},{"damage":51,"enemies":"Automaton","floor":33,"turns":6}],"seed_played":"328485253373303681","potions_obtained":[{"floor":7.0,"key":"GamblersBrew"},{"floor":10.0,"key":"DuplicationPotion"},{"floor":12.0,"key":"SpeedPotion"},{"floor":24.0,"key":"Ancient Potion"},{"floor":24.0,"key":"Fruit Juice"},{"floor":24.0,"key":"Ambrosia"},{"floor":31,"key":"AttackPotion"}],"is_trial":false,"path_per_floor":["M","M","?","$","?","E","M","$","T","M","R","E","R","E","R","B",null,"M","$","M","?","$","R","?","R","T","M","R","M","?","M","R","B"],"character_chosen":"WATCHER","items_purchased":["TalkToTheHand","Vajra","JustLucky","WreathOfFlame"],"campfire_rested":1,"item_purchase_floors":[4,8,8,19],"current_hp_per_floor":[65,65,51,51,51,51,51,51,51,51,51,49,49,38,38,15,58,48,48,37,37,37,37,42,42,42,42,42,36,36,23,46,0],"gold":57,"neow_bonus":"THREE_ENEMY_KILL","is_prod":false,"is_daily":false,"chose_seed":false,"campfire_upgraded":6,"win_rate":0,"timestamp":1570797753,"path_taken":["M","M","?","$","?","E","M","$","T","M","R","E","R","E","R","BOSS","M","$","M","?","$","R","?","R","T","M","R","?","?","M","R","BOSS"],"build_version":"2019-10-10","purchased_purges":3,"victory":false,"max_hp_per_floor":[72,72,72,72,72,72,72,72,72,72,72,72,72,72,72,72,72,72,72,72,72,72,72,77,77,77,77,77,77,77,77,77,77],"card_choices":[{"not_picked":["Crescendo","SashWhip"],"picked":"CutThroughFate","floor":1.0},{"not_picked":["SignatureMove","EmptyBody"],"picked":"FlurryOfBlows","floor":2.0},{"not_picked":["Brilliance","Fasting2"],"picked":"ClearTheMind","floor":6.0},{"not_picked":["SignatureMove","FlyingSleeves"],"picked":"Wallop","floor":7.0},{"not_picked":["FlyingSleeves","Conclude"],"picked":"EmptyMind","floor":10.0},{"not_picked":["FlyingSleeves","PathToVictory"],"picked":"Consecrate","floor":12.0},{"not_picked":["Evaluate","Consecrate"],"picked":"ConjureBlade","floor":14.0},{"not_picked":["Omniscience","Blasphemy"],"picked":"Ragnarok","floor":16.0},{"not_picked":["SandsOfTime","FlurryOfBlows","CrushJoints"],"picked":"SKIP","floor":18.0},{"not_picked":["WindmillStrike","Flick","PathToVictory"],"picked":"SKIP","floor":20.0},{"not_picked":["FlyingSleeves","Worship"],"picked":"InnerPeace","floor":27.0},{"not_picked":["Crescendo","Swivel"],"picked":"Study+1","floor":29},{"not_picked":["Fasting2+1","Indignation"],"picked":"Scrawl+1","floor":31}],"player_experience":1285075,"relics_obtained":[{"floor":6.0,"key":"Darkstone Periapt"},{"floor":9.0,"key":"War Paint"},{"floor":12.0,"key":"Unceasing Top"},{"floor":14.0,"key":"Smiling Mask"},{"floor":26.0,"key":"Frozen Egg 2"}],"event_choices":[{"damage_healed":0.0,"max_hp_gain":0.0,"max_hp_loss":0.0,"gold_gain":0.0,"event_name":"Shining Light","player_choice":"Entered Light","floor":3.0,"gold_loss":0.0,"damage_taken":14.0,"cards_upgraded":["Strike_P","Vigilance"]},{"damage_healed":0.0,"max_hp_gain":0.0,"max_hp_loss":0.0,"gold_gain":175.0,"event_name":"Liars Game","player_choice":"AGREE","floor":5.0,"gold_loss":0.0,"damage_taken":0.0,"cards_obtained":["Doubt"]},{"damage_healed":0.0,"max_hp_gain":0.0,"max_hp_loss":0.0,"gold_gain":0.0,"event_name":"Drug Dealer","player_choice":"Inject Mutagens","floor":21.0,"gold_loss":0.0,"damage_taken":0.0,"relics_obtained":["MutagenicStrength"]},{"damage_healed":0.0,"max_hp_gain":0.0,"max_hp_loss":0.0,"gold_gain":0.0,"event_name":"Lab","player_choice":"Got Potions","floor":24.0,"gold_loss":0.0,"damage_taken":0.0}],"is_beta":true,"boss_relics":[{"not_picked":["Black Star","Calling Bell"],"picked":"Empty Cage"}],"items_purged_floors":[8,19,22],"is_endless":false,"potions_floor_spawned":[7,10,12,14,31],"killed_by":"Automaton","ascension_level":13}