{"gold_per_floor":[109,125,75,75,75,75,95,95,95,95,20,31,86,17,17,112,112,127,143,154,173,190,190,224,124,147,147,181,101,101,119,119,222,222,238,112,128,143,243,275,275,304,304,304,318,13,28,28,28,28],"floor_reached":51,"playtime":4508,"items_purged":["Strike_G","Neutralize"],"score":735,"play_id":"d85ae986-8805-46e6-9837-882c5aefaeb1","local_time":"20190922131857","is_ascension_mode":false,"campfire_choices":[{"data":"Dash","floor":6,"key":"SMITH"},{"data":"Blade Dance","floor":8,"key":"SMITH"},{"data":"Choke","floor":15,"key":"SMITH"},{"data":"A Thousand Cuts","floor":23,"key":"SMITH"},{"data":"Leg Sweep","floor":27,"key":"SMITH"},{"data":"Eviscerate","floor":32,"key":"SMITH"},{"data":"Dash","floor":41,"key":"SMITH"},{"floor":49,"key":"REST"}],"neow_cost":"NONE","seed_source_timestamp":819665347863500,"circlet_count":0,"master_deck":["Defend_G+1","Defend_G","Defend_G","Survivor+1","Caltrops+1","Dash+1","Blade Dance+1","Calculated Gamble+1","Choke+1","A Thousand Cuts+1","Backflip","Leg Sweep+1","Dash","Riddle With Holes","Eviscerate+1","Predator","Backflip","Crippling Poison+1","Blade Dance+1","Unload+1","Prepared+1","Dash+1","Underhanded Strike","Underhanded Strike+1","Leg Sweep+1","Night Terror","Acrobatics","Night Terror","Eviscerate"],"relics":["Ring of the Snake","Bottled Flame","War Paint","Snecko Eye","Kunai","Boot","Meat on the Bone","Astrolabe","Mango","Ancient Tea Set","Snake Skull","Centennial Puzzle","Calipers"],"potions_floor_usage":[16,20,33,33,42,42,42,50],"damage_taken":[{"damage":9,"enemies":"Jaw Worm","floor":1,"turns":7},{"damage":2,"enemies":"2 Louse","floor":2,"turns":3},{"damage":0,"enemies":"Small Slimes","floor":7,"turns":3},{"damage":10,"enemies":"Looter","floor":12,"turns":2},{"damage":8,"enemies":"Hexaghost","floor":16,"turns":11},{"damage":1,"enemies":"Chosen","floor":18,"turns":6},{"damage":14,"enemies":"Spheric Guardian","floor":19,"turns":3},{"damage":0,"enemies":"Cultist and Chosen","floor":20,"turns":4},{"damage":13,"enemies":"Snake Plant","floor":21,"turns":3},{"damage":0,"enemies":"Centurion and Healer","floor":22,"turns":6},{"damage":7,"enemies":"Slavers","floor":24,"turns":7},{"damage":8,"enemies":"Gremlin Leader","floor":28,"turns":5},{"damage":0,"enemies":"3 Cultists","floor":31,"turns":2},{"damage":5,"enemies":"Automaton","floor":33,"turns":8},{"damage":0,"enemies":"3 Darklings","floor":35,"turns":3},{"damage":0,"enemies":"3 Shapes","floor":37,"turns":3},{"damage":0,"enemies":"3 Darklings","floor":38,"turns":4},{"damage":0,"enemies":"Mind Bloom Boss Battle","floor":39,"turns":2},{"damage":51,"enemies":"Reptomancer","floor":40,"turns":4},{"damage":30,"enemies":"Giant Head","floor":42,"turns":8},{"damage":0,"enemies":"Transient","floor":45,"turns":5},{"damage":2,"enemies":"Spire Growth","floor":47,"turns":4},{"damage":25,"enemies":"Donu and Deca","floor":50,"turns":7}],"seed_played":"3428498798563767728","potions_obtained":[{"floor":1,"key":"GhostInAJar"},{"floor":18,"key":"SkillPotion"},{"floor":19,"key":"Regen Potion"},{"floor":21,"key":"Fire Potion"},{"floor":24,"key":"SpeedPotion"},{"floor":31,"key":"PowerPotion"},{"floor":33,"key":"Block Potion"},{"floor":37,"key":"SneckoOil"},{"floor":40,"key":"Fruit Juice"},{"floor":42,"key":"Swift Potion"}],"is_trial":false,"path_per_floor":["M","M","?","?","?","R","M","R","T","?","$","M","T","$","R","B",null,"M","M","M","M","M","R","E","$","T","R","E","$","?","M","R","B",null,"M","$","M","M","?","E","R","E","T","?","M","$","M","?","R","B",null],"character_chosen":"THE_SILENT","items_purchased":["Choke","Predator","Dash","Underhanded Strike","Calipers"],"campfire_rested":1,"item_purchase_floors":[14,29,36,36,46],"current_hp_per_floor":[68,66,66,51,51,51,51,51,51,56,56,46,46,46,46,38,82,81,67,76,63,63,63,56,56,56,56,48,48,48,48,48,43,82,82,82,82,82,96,57,57,44,44,44,56,56,54,54,84,59],"gold":28,"neow_bonus":"TEN_PERCENT_HP_BONUS","is_prod":false,"is_daily":false,"chose_seed":false,"campfire_upgraded":7,"win_rate":0.0,"timestamp":1569172737,"path_taken":["M","M","?","?","?","R","M","R","T","?","?","M","?","$","R","BOSS","M","M","M","M","M","R","E","$","T","R","E","$","?","M","R","BOSS","M","$","M","M","?","E","R","E","T","?","?","$","M","?","R","BOSS"],"build_version":"2019-07-17","purchased_purges":2,"victory":true,"max_hp_per_floor":[77,77,77,77,77,77,77,77,77,82,82,82,82,82,82,82,82,82,82,82,82,82,82,82,82,82,82,82,82,82,82,82,82,82,82,82,82,82,96,96,96,101,101,101,101,101,101,101,101,101],"card_choices":[{"not_picked":["Deflect","Dagger Spray"],"picked":"Caltrops","floor":1},{"not_picked":["Deflect","Sucker Punch"],"picked":"Dash","floor":2},{"not_picked":["Underhanded Strike","Slice"],"picked":"Blade Dance","floor":7},{"not_picked":["Dodge and Roll","Catalyst"],"picked":"Calculated Gamble","floor":12},{"not_picked":["Phantasmal Killer","Malaise"],"picked":"A Thousand Cuts","floor":16},{"not_picked":["Choke","Well Laid Plans"],"picked":"Backflip","floor":18},{"not_picked":["Deflect","Bane"],"picked":"Leg Sweep","floor":19},{"not_picked":["Blade Dance+1","Dagger Spray+1"],"picked":"Dash","floor":20},{"not_picked":["Backflip","Well Laid Plans"],"picked":"Riddle With Holes","floor":21},{"not_picked":["Deflect","Bouncing Flask","Poisoned Stab"],"picked":"SKIP","floor":22},{"not_picked":["Deadly Poison+1","Phantasmal Killer"],"picked":"Eviscerate","floor":24},{"not_picked":["Deflect","Slice","Sucker Punch+1"],"picked":"SKIP","floor":28},{"not_picked":["Masterful Stab","Quick Slash"],"picked":"Backflip","floor":31},{"not_picked":["Caltrops+1","Dodge and Roll+1"],"picked":"Prepared+1","floor":35},{"not_picked":["Caltrops+1","Backstab+1"],"picked":"Underhanded Strike+1","floor":37},{"not_picked":["Backflip+1","Outmaneuver+1"],"picked":"Leg Sweep+1","floor":38},{"not_picked":["Sucker Punch","Blade Dance"],"picked":"Night Terror","floor":40},{"not_picked":["Finisher","Poisoned Stab+1"],"picked":"Acrobatics","floor":42},{"not_picked":["Quick Slash","Masterful Stab","Sucker Punch"],"picked":"SKIP","floor":45},{"not_picked":["Bane","Deadly Poison","Noxious Fumes+1"],"picked":"SKIP","floor":47}],"player_experience":56405,"relics_obtained":[{"floor":9,"key":"Bottled Flame"},{"floor":13,"key":"War Paint"},{"floor":24,"key":"Kunai"},{"floor":26,"key":"Boot"},{"floor":28,"key":"Meat on the Bone"},{"floor":39,"key":"Mango"},{"floor":40,"key":"Ancient Tea Set"},{"floor":42,"key":"Snake Skull"},{"floor":43,"key":"Centennial Puzzle"}],"event_choices":[{"cards_removed":["Strike_G"],"damage_healed":0,"gold_gain":0,"player_choice":"Card Removal","damage_taken":0,"max_hp_gain":0,"max_hp_loss":0,"event_name":"The Cleric","floor":3,"gold_loss":50},{"damage_healed":0,"gold_gain":0,"player_choice":"Entered Light","damage_taken":15,"max_hp_gain":0,"max_hp_loss":0,"event_name":"Shining Light","floor":4,"gold_loss":0,"cards_upgraded":["Defend_G","Caltrops"]},{"damage_healed":0,"gold_gain":0,"player_choice":"Ignored","damage_taken":0,"max_hp_gain":0,"max_hp_loss":0,"event_name":"Liars Game","floor":5,"gold_loss":0},{"damage_healed":0,"gold_gain":0,"player_choice":"Donut","damage_taken":0,"max_hp_gain":5,"max_hp_loss":0,"event_name":"Big Fish","floor":10,"gold_loss":0},{"cards_removed":["Strike_G"],"damage_healed":0,"gold_gain":0,"player_choice":"Offered Basic","damage_taken":0,"max_hp_gain":0,"max_hp_loss":0,"event_name":"Bonfire Elementals","floor":30,"gold_loss":0},{"damage_healed":0,"gold_gain":0,"player_choice":"Fight","damage_taken":0,"max_hp_gain":0,"max_hp_loss":0,"event_name":"MindBloom","floor":39,"gold_loss":0},{"damage_healed":0,"gold_gain":0,"player_choice":"Copied","damage_taken":0,"max_hp_gain":0,"max_hp_loss":0,"event_name":"Duplicator","floor":44,"gold_loss":0,"cards_obtained":["Night Terror"]},{"damage_healed":0,"gold_gain":0,"cards_transformed":["Defend_G"],"player_choice":"Transformed","damage_taken":0,"max_hp_gain":0,"max_hp_loss":0,"event_name":"Transmorgrifier","floor":48,"gold_loss":0,"cards_obtained":["Eviscerate"]}],"is_beta":false,"boss_relics":[{"not_picked":["Tiny House","Calling Bell"],"picked":"Snecko Eye"},{"not_picked":["Velvet Choker","Busted Crown"],"picked":"Astrolabe"}],"items_purged_floors":[11,25],"is_endless":false,"potions_floor_spawned":[1,18,19,21,24,31,33,37,40,42],"ascension_level":0}