{"gold_per_floor":[215,227,75,89,103,103,123,142,214,214,244,244,260,278,278,373,373,385,372,14,27,46,46],"floor_reached":23,"playtime":1405,"items_purged":["Strike_B","Strike_B"],"score":289,"play_id":"a548066b-ed46-4bb9-bd4d-e59eecb0e486","local_time":"20190725215856","is_ascension_mode":true,"campfire_choices":[{"data":"Zap","floor":6,"key":"SMITH"},{"data":"Coolheaded","floor":10,"key":"SMITH"},{"data":"Hologram","floor":12,"key":"SMITH"},{"data":"Defragment","floor":15,"key":"SMITH"}],"neow_cost":"NONE","seed_source_timestamp":371316060129100,"circlet_count":0,"master_deck":["Strike_B","Strike_B","Defend_B","Defend_B","Defend_B","Defend_B","Zap+1","Dualcast","BootSequence","Conserve Battery","Doom and Gloom","Coolheaded+1","Compile Driver","Sweeping Beam","Hologram+1","Fusion","Defragment+1","Biased Cognition","Undo+1","Redo"],"relics":["Cracked Core","Shuriken","Molten Egg 2","Sozu","Bottled Tornado"],"potions_floor_usage":[16],"damage_taken":[{"damage":1,"enemies":"Cultist","floor":1,"turns":3},{"damage":2,"enemies":"2 Louse","floor":2,"turns":3},{"damage":0,"enemies":"Jaw Worm","floor":4,"turns":3},{"damage":13,"enemies":"Large Slime","floor":5,"turns":6},{"damage":0,"enemies":"2 Fungi Beasts","floor":7,"turns":2},{"damage":2,"enemies":"Exordium Wildlife","floor":8,"turns":4},{"damage":13,"enemies":"3 Sentries","floor":11,"turns":6},{"damage":0,"enemies":"Lots of Slimes","floor":13,"turns":2},{"damage":6,"enemies":"Looter","floor":14,"turns":4},{"damage":6,"enemies":"Hexaghost","floor":16,"turns":13},{"damage":15,"enemies":"Shell Parasite","floor":18,"turns":5},{"damage":15,"enemies":"2 Thieves","floor":19,"turns":4},{"damage":0,"enemies":"Snecko","floor":21,"turns":6},{"damage":4,"enemies":"Sentry and Sphere","floor":22,"turns":4},{"damage":31,"enemies":"3 Cultists","floor":23,"turns":4}],"seed_played":"6963888382162172590","potions_obtained":[{"floor":4,"key":"Weak Potion"},{"floor":7,"key":"Strength Potion"},{"floor":11,"key":"SpeedPotion"}],"is_trial":false,"path_per_floor":["M","M","$","M","M","R","M","M","T","R","E","R","M","M","R","B",null,"M","M","$","M","M","M"],"character_chosen":"DEFECT","items_purchased":["Doom and Gloom","Bottled Tornado"],"campfire_rested":0,"item_purchase_floors":[3,20],"current_hp_per_floor":[67,65,65,65,52,52,52,50,50,50,37,37,37,31,31,25,63,48,33,33,33,29,0],"gold":46,"neow_bonus":"HUNDRED_GOLD","is_prod":false,"is_daily":false,"chose_seed":false,"campfire_upgraded":4,"win_rate":0,"timestamp":1564106336,"path_taken":["M","M","$","M","M","R","M","M","T","R","E","R","M","M","R","BOSS","M","?","$","M","M","M"],"build_version":"2019-07-17","purchased_purges":2,"victory":false,"max_hp_per_floor":[75,75,75,75,75,75,75,75,75,75,75,75,75,75,75,75,75,75,75,75,75,75,75],"card_choices":[{"not_picked":["Beam Cell","Gash"],"picked":"BootSequence","floor":1},{"not_picked":["Storm","Steam"],"picked":"Conserve Battery","floor":2},{"not_picked":["Reprogram","Sweeping Beam"],"picked":"Coolheaded","floor":4},{"not_picked":["Double Energy","Rip and Tear"],"picked":"Compile Driver","floor":5},{"not_picked":["Gash","All For One"],"picked":"Sweeping Beam","floor":7},{"not_picked":["Cold Snap","Sweeping Beam","Compile Driver"],"picked":"SKIP","floor":8},{"not_picked":["Cold Snap","Reprogram"],"picked":"Hologram","floor":11},{"not_picked":["Conserve Battery","Steam"],"picked":"Fusion","floor":13},{"not_picked":["Sweeping Beam+1","Rip and Tear+1"],"picked":"Defragment","floor":14},{"not_picked":["Hyperbeam+1","Thunder Strike+1"],"picked":"Biased Cognition","floor":16},{"not_picked":["Aggregate","Beam Cell+1","Rebound+1"],"picked":"SKIP","floor":18},{"not_picked":["Streamline+1","Consume"],"picked":"Undo+1","floor":19},{"not_picked":["Glacier","Conserve Battery+1"],"picked":"Redo","floor":21},{"not_picked":["Chaos","Fusion","Hologram"],"picked":"SKIP","floor":22}],"player_experience":512788,"relics_obtained":[{"floor":9,"key":"Shuriken"},{"floor":11,"key":"Molten Egg 2"}],"event_choices":[],"is_beta":false,"boss_relics":[{"not_picked":["Tiny House","Nuclear Battery"],"picked":"Sozu"}],"items_purged_floors":[3,20],"is_endless":false,"potions_floor_spawned":[4,7,11,13,14,19],"killed_by":"3 Cultists","ascension_level":9}