{"gold_per_floor":[110,110,125,200,170,201,201,217,217,242,242,257,257,257,257,357,357,367,292,292,292,363,363,395,119,119,119,139,158,177,197,197,298,298,314,326,326,426,436,456,472,88,113,113],"floor_reached":44,"playtime":2434,"items_purged":["Strike_B+1"],"score":561,"play_id":"03bba853-0cd8-4b77-b8a9-50df6c146265","local_time":"20191021000028","is_ascension_mode":true,"campfire_choices":[{"data":"Gash","floor":7,"key":"SMITH"},{"floor":11,"key":"DIG"},{"floor":15,"key":"REST"},{"data":"Zap","floor":23,"key":"SMITH"},{"data":"Dualcast","floor":27,"key":"SMITH"},{"floor":32,"key":"REST"}],"neow_cost":"NONE","seed_source_timestamp":1028583015077600,"circlet_count":0,"master_deck":["Defend_B+1","Defend_B+1","Defend_B+1","Defend_B+1","Zap+1","Dualcast+1","Gash+1","Skim","All For One","Double Energy+1","Beam Cell","Electrodynamics","Beam Cell","Master of Strategy+1","Chrysalis+1","Hologram+1","White Noise","Panache"],"relics":["Cracked Core","NeowsBlessing","Mango","Shovel","Centennial Puzzle","Peace Pipe","Runic Pyramid","Cables","DataDisk","ClockworkSouvenir","Gremlin Horn","White Beast Statue","Ginger","Runic Capacitor","War Paint"],"potions_floor_usage":[10,10,16,16,33,33,33,39,41],"damage_taken":[{"damage":0,"enemies":"Jaw Worm","floor":1,"turns":1},{"damage":0,"enemies":"2 Louse","floor":3,"turns":1},{"damage":0,"enemies":"3 Sentries","floor":6,"turns":1},{"damage":1,"enemies":"Cultist","floor":8,"turns":3},{"damage":31,"enemies":"Lagavulin","floor":10,"turns":7},{"damage":10,"enemies":"3 Louse","floor":12,"turns":4},{"damage":31,"enemies":"The Guardian","floor":16,"turns":13},{"damage":29,"enemies":"3 Byrds","floor":18,"turns":5},{"damage":22,"enemies":"Gremlin Leader","floor":24,"turns":4},{"damage":3,"enemies":"Spheric Guardian","floor":28,"turns":3},{"damage":2,"enemies":"Shelled Parasite and Fungi","floor":29,"turns":2},{"damage":8,"enemies":"Snake Plant","floor":30,"turns":2},{"damage":0,"enemies":"Snecko","floor":31,"turns":3},{"damage":12,"enemies":"Automaton","floor":33,"turns":7},{"damage":25,"enemies":"3 Darklings","floor":35,"turns":2},{"damage":16,"enemies":"Orb Walker","floor":36,"turns":2},{"damage":4,"enemies":"Mind Bloom Boss Battle","floor":38,"turns":5},{"damage":0,"enemies":"Spire Growth","floor":39,"turns":3},{"damage":1,"enemies":"4 Shapes","floor":40,"turns":2},{"damage":20,"enemies":"Maw","floor":41,"turns":5},{"damage":22,"enemies":"Writhing Mass","floor":44,"turns":3}],"seed_played":"5813472360948868928","potions_obtained":[{"floor":3,"key":"Strength Potion"},{"floor":5,"key":"Weak Potion"},{"floor":5,"key":"SmokeBomb"},{"floor":6,"key":"GamblersBrew"},{"floor":12,"key":"SpeedPotion"},{"floor":24,"key":"SpeedPotion"},{"floor":30,"key":"SpeedPotion"},{"floor":31,"key":"LiquidBronze"},{"floor":35,"key":"SpeedPotion"},{"floor":36,"key":"FearPotion"},{"floor":38,"key":"Ancient Potion"},{"floor":39,"key":"Strength Potion"},{"floor":40,"key":"Swift Potion"},{"floor":41,"key":"Ancient Potion"}],"is_trial":false,"path_per_floor":["M","?","M","?","?","E","R","M","T","E","R","M","?","?","R","B",null,"M","?","?","?","T","R","E","$","T","R","M","M","M","M","R","B",null,"M","M","?","?","M","M","M","$","T","M"],"character_chosen":"DEFECT","items_purchased":["ClockworkSouvenir","Panache","Runic Capacitor"],"campfire_rested":2,"item_purchase_floors":[25,42,42],"current_hp_per_floor":[75,75,75,64,64,78,78,77,77,46,46,36,29,29,55,24,89,60,60,60,60,60,60,38,38,38,38,35,33,25,25,51,39,89,64,48,43,39,39,38,18,18,18,0],"gold":113,"neow_bonus":"THREE_ENEMY_KILL","is_prod":false,"is_daily":false,"chose_seed":false,"campfire_upgraded":3,"win_rate":0,"timestamp":1571630428,"path_taken":["M","?","M","?","?","E","R","?","T","E","R","M","?","?","R","BOSS","M","?","?","?","?","R","E","$","T","R","M","M","?","M","R","BOSS","M","M","?","?","M","M","M","$","T","M"],"build_version":"2019-07-17","purchased_purges":1,"victory":false,"max_hp_per_floor":[75,75,75,75,75,89,89,89,89,89,89,89,89,89,89,89,89,89,89,89,89,89,89,89,89,89,89,89,89,89,89,89,89,89,89,89,89,89,89,89,89,89,89,89],"card_choices":[{"not_picked":["Compile Driver","Conserve Battery"],"picked":"Gash","floor":1},{"not_picked":["Steam","Compile Driver","Ball Lightning"],"picked":"SKIP","floor":3},{"not_picked":["Tempest","Aggregate","Heatsinks"],"picked":"SKIP","floor":6},{"not_picked":["Cold Snap","Turbo","Barrage"],"picked":"SKIP","floor":8},{"not_picked":["Stack","Storm","Conserve Battery"],"picked":"SKIP","floor":10},{"not_picked":["Steam","Compile Driver"],"picked":"Skim","floor":12},{"not_picked":["Echo Form","Biased Cognition"],"picked":"All For One","floor":16},{"not_picked":["Hologram+1","Storm"],"picked":"Double Energy+1","floor":18},{"not_picked":["Chill","Reprogram+1","Compile Driver"],"picked":"SKIP","floor":24},{"not_picked":["Rebound","Chill"],"picked":"Beam Cell","floor":28},{"not_picked":["Consume+1","Sweeping Beam","Double Energy"],"picked":"SKIP","floor":29},{"not_picked":["Sunder+1","Capacitor","Stack"],"picked":"SKIP","floor":30},{"not_picked":["Steam","Cold Snap","Aggregate"],"picked":"SKIP","floor":31},{"not_picked":["Fission","All For One"],"picked":"Electrodynamics","floor":33},{"not_picked":["Hologram","Self Repair","Sweeping Beam+1"],"picked":"SKIP","floor":35},{"not_picked":["Ball Lightning+1","Sunder+1"],"picked":"Beam Cell","floor":36},{"not_picked":["Purity","Secret Technique"],"picked":"Master of Strategy","floor":37},{"not_picked":["Impatience","Secret Technique"],"picked":"Chrysalis","floor":37},{"not_picked":["Stack","Rebound"],"picked":"Hologram+1","floor":38},{"not_picked":["Recycle+1","Compile Driver+1","Hologram"],"picked":"SKIP","floor":39},{"not_picked":["Hologram+1","Stack+1"],"picked":"White Noise","floor":40},{"not_picked":["Hologram","Capacitor+1","Sweeping Beam+1"],"picked":"SKIP","floor":41}],"player_experience":155609,"relics_obtained":[{"floor":6,"key":"Mango"},{"floor":9,"key":"Shovel"},{"floor":10,"key":"Centennial Puzzle"},{"floor":11,"key":"Peace Pipe"},{"floor":22,"key":"Cables"},{"floor":24,"key":"DataDisk"},{"floor":26,"key":"Gremlin Horn"},{"floor":38,"key":"Ginger"},{"floor":43,"key":"War Paint"}],"event_choices":[{"damage_healed":0,"gold_gain":0,"player_choice":"Ignored","damage_taken":0,"max_hp_gain":0,"max_hp_loss":0,"event_name":"Liars Game","floor":2,"gold_loss":0},{"damage_healed":0,"gold_gain":75,"player_choice":"Gather Gold","damage_taken":11,"max_hp_gain":0,"max_hp_loss":0,"event_name":"World of Goop","floor":4,"gold_loss":0},{"damage_healed":0,"gold_gain":0,"player_choice":"Bought 2 Potions","damage_taken":0,"max_hp_gain":0,"max_hp_loss":0,"event_name":"The Woman in Blue","floor":5,"gold_loss":0},{"cards_removed":["Strike_B"],"damage_healed":0,"gold_gain":0,"player_choice":"Card Removal","damage_taken":7,"max_hp_gain":0,"max_hp_loss":0,"event_name":"Golden Wing","floor":13,"gold_loss":0},{"cards_removed":["Strike_B"],"damage_healed":0,"gold_gain":0,"player_choice":"Forget","damage_taken":0,"max_hp_gain":0,"max_hp_loss":0,"event_name":"Living Wall","floor":14,"gold_loss":0},{"cards_removed":["Strike_B"],"damage_healed":0,"gold_gain":0,"player_choice":"Gave Gold","damage_taken":0,"max_hp_gain":0,"max_hp_loss":0,"event_name":"Beggar","floor":19,"gold_loss":75},{"damage_healed":0,"gold_gain":0,"player_choice":"Ignored","damage_taken":0,"max_hp_gain":0,"max_hp_loss":0,"event_name":"Ghosts","floor":20,"gold_loss":0},{"damage_healed":0,"gold_gain":0,"player_choice":"Simplicity","damage_taken":0,"max_hp_gain":0,"max_hp_loss":0,"event_name":"Back to Basics","floor":21,"gold_loss":0,"cards_upgraded":["Strike_B","Defend_B","Defend_B","Defend_B","Defend_B"]},{"damage_healed":0,"gold_gain":0,"player_choice":"Memory 2","damage_taken":5,"max_hp_gain":0,"max_hp_loss":0,"event_name":"SensoryStone","floor":37,"gold_loss":0},{"damage_healed":0,"gold_gain":0,"player_choice":"Fight","damage_taken":0,"max_hp_gain":0,"max_hp_loss":0,"event_name":"MindBloom","floor":38,"gold_loss":0}],"is_beta":false,"boss_relics":[{"not_picked":["Nuclear Battery","Tiny House"],"picked":"Runic Pyramid"},{"not_picked":["Philosopher\u0027s Stone","FrozenCore"],"picked":"White Beast Statue"}],"items_purged_floors":[25],"is_endless":false,"potions_floor_spawned":[3,6,12,24,30,31,35,36,38,39,40,41],"killed_by":"Writhing Mass","ascension_level":3}