{"gold_per_floor":[109,12,12,22,22,22,38,66,115,147,36,36,11,31,31,126,126,144,35,47,47,47,47,73,73,73,102,118,118,20,48,48,48],"floor_reached":33,"playtime":1354,"items_purged":["Pain"],"score":532,"play_id":"05de7d25-3237-426b-bd78-202b10ea9df0","local_time":"20191001170151","is_ascension_mode":true,"campfire_choices":[{"data":"Eruption","floor":6.0,"key":"SMITH"},{"data":"TalkToTheHand","floor":15.0,"key":"SMITH"},{"data":"TalkToTheHand","floor":23.0,"key":"SMITH"},{"floor":25.0,"key":"REST"},{"floor":29.0,"key":"REST"},{"data":"Consecrate","floor":32.0,"key":"SMITH"}],"neow_cost":"NONE","seed_source_timestamp":0,"circlet_count":0,"master_deck":["Defend_P+1","Defend_P+1","Defend_P+1","Defend_P+1","Eruption+1","Vigilance","Adaptation","CrushJoints","MentalFortress","Halt","FlyingSleeves","FlurryOfBlows","Wallop","Indignation","TalkToTheHand+1","Protect","FearNoEvil","Vault","Collect+1","Fasting+1","FlurryOfBlows+1","Consecrate+1","Fasting","TalkToTheHand+1","Crescendo+1","TalkToTheHand","EmptyFist","ReachHeaven"],"special_seed":0,"relics":["PureWater","WarpedTongs","Potion Belt","Juzu Bracelet","Dodecahedron","GoldenEye","Astrolabe","Toy Ornithopter","Bottled Lightning","Matryoshka","Nunchaku"],"potions_floor_usage":[],"damage_taken":[{"damage":1.0,"enemies":"Small Slimes","floor":1.0,"turns":5.0},{"damage":15.0,"enemies":"Cultist","floor":4.0,"turns":6.0},{"damage":3.0,"enemies":"2 Louse","floor":7.0,"turns":2.0},{"damage":6.0,"enemies":"Lagavulin","floor":8.0,"turns":4.0},{"damage":24.0,"enemies":"3 Sentries","floor":10.0,"turns":4.0},{"damage":0.0,"enemies":"Gremlin Gang","floor":14.0,"turns":3.0},{"damage":0.0,"enemies":"Hexaghost","floor":16.0,"turns":6.0},{"damage":0.0,"enemies":"Shell Parasite","floor":18.0,"turns":2.0},{"damage":17.0,"enemies":"Spheric Guardian","floor":20.0,"turns":3.0},{"damage":0.0,"enemies":"Slavers","floor":24.0,"turns":6.0},{"damage":40.0,"enemies":"Gremlin Leader","floor":27.0,"turns":5.0},{"damage":2.0,"enemies":"Snecko","floor":28.0,"turns":4.0},{"damage":3.0,"enemies":"Slavers","floor":31.0,"turns":5.0},{"damage":55,"enemies":"Automaton","floor":33,"turns":5}],"seed_played":"-3927790645203651655","potions_obtained":[{"floor":1.0,"key":"SpeedPotion"},{"floor":5.0,"key":"AttackPotion"},{"floor":5.0,"key":"GamblersBrew"},{"floor":5.0,"key":"Ambrosia"},{"floor":8.0,"key":"FearPotion"},{"floor":14.0,"key":"Regen Potion"},{"floor":20.0,"key":"Swift Potion"},{"floor":24.0,"key":"Fire Potion"}],"is_trial":false,"path_per_floor":["M","$","?","M","?","R","M","E","T","E","$","?","$","M","R","B",null,"M","$","M","?","?","R","E","R","T","E","M","R","$","E","R","B"],"character_chosen":"WATCHER","items_purchased":["MentalFortress","Halt","TalkToTheHand","Protect","Fasting","TalkToTheHand","EmptyFist","Block Potion"],"campfire_rested":2,"item_purchase_floors":[2,2,11,13,19,19,30,30],"current_hp_per_floor":[64,64,64,49,49,49,46,40,40,16,16,13,13,13,13,28,61,61,61,44,44,31,31,31,54,54,14,12,35,35,42,42,0],"gold":48,"neow_bonus":"TRANSFORM_CARD","is_prod":false,"is_daily":false,"chose_seed":false,"campfire_upgraded":4,"win_rate":0,"timestamp":1569963711,"path_taken":["M","$","?","?","?","R","M","E","T","E","$","?","$","M","R","BOSS","M","$","M","?","?","R","E","R","T","E","M","R","?","E","R","BOSS"],"build_version":"2019-10-01","purchased_purges":1,"victory":false,"max_hp_per_floor":[72,72,72,72,72,72,72,72,72,72,72,72,72,72,72,72,72,72,72,72,72,77,77,77,77,77,77,77,77,77,77,77,77],"card_choices":[{"not_picked":["WindmillStrike","EmptyBody"],"picked":"CrushJoints","floor":1.0},{"not_picked":["Prostrate","ClearTheMind"],"picked":"FlyingSleeves","floor":4.0},{"not_picked":["Weave","BattleHymn"],"picked":"FlurryOfBlows","floor":7.0},{"not_picked":["Meditate","MasterReality"],"picked":"Wallop","floor":8.0},{"not_picked":["SpiritShield","Prostrate"],"picked":"Indignation","floor":10.0},{"not_picked":["EmptyFist","Meditate"],"picked":"FearNoEvil","floor":14.0},{"not_picked":["Brilliance","Adaptation"],"picked":"Vault","floor":16.0},{"not_picked":["Protect","Sanctity"],"picked":"Consecrate","floor":18.0},{"not_picked":["Halt+1","SashWhip"],"picked":"Crescendo+1","floor":20.0},{"not_picked":["SignatureMove","Crescendo","Vengeance+1"],"picked":"SKIP","floor":24.0},{"not_picked":["Weave","Consecrate"],"picked":"TalkToTheHand","floor":27.0},{"not_picked":["ThirdEye+1","CutThroughFate","Worship"],"picked":"SKIP","floor":28.0},{"not_picked":["MentalFortress+1","SandsOfTime+1"],"picked":"ReachHeaven","floor":31.0}],"player_experience":1197538,"relics_obtained":[{"floor":8.0,"key":"Potion Belt"},{"floor":9.0,"key":"Juzu Bracelet"},{"floor":10.0,"key":"Dodecahedron"},{"floor":24.0,"key":"Toy Ornithopter"},{"floor":26.0,"key":"Bottled Lightning"},{"floor":27.0,"key":"Matryoshka"},{"floor":31.0,"key":"Nunchaku"}],"event_choices":[{"damage_healed":0.0,"max_hp_gain":0.0,"max_hp_loss":0.0,"gold_gain":0.0,"event_name":"Accursed Blacksmith","player_choice":"Rummage","floor":3.0,"gold_loss":0.0,"damage_taken":0.0,"relics_obtained":["WarpedTongs"],"cards_obtained":["Pain"]},{"damage_healed":0.0,"max_hp_gain":0.0,"max_hp_loss":0.0,"gold_gain":0.0,"event_name":"Lab","player_choice":"Got Potions","floor":5.0,"gold_loss":0.0,"damage_taken":0.0},{"damage_healed":0.0,"max_hp_gain":0.0,"max_hp_loss":0.0,"gold_gain":0.0,"event_name":"Scrap Ooze","player_choice":"Success","floor":12.0,"gold_loss":0.0,"damage_taken":3.0,"relics_obtained":["GoldenEye"]},{"damage_healed":0.0,"max_hp_gain":0.0,"max_hp_loss":0.0,"gold_gain":0.0,"event_name":"Back to Basics","player_choice":"Simplicity","floor":21.0,"gold_loss":0.0,"damage_taken":0.0,"cards_upgraded":["Defend_P","Defend_P","Defend_P","Defend_P"]},{"damage_healed":0.0,"max_hp_gain":5.0,"max_hp_loss":0.0,"gold_gain":0.0,"event_name":"Forgotten Altar","player_choice":"Shed Blood","floor":22.0,"gold_loss":0.0,"damage_taken":18.0}],"is_beta":true,"boss_relics":[{"not_picked":["Ectoplasm","Empty Cage"],"picked":"Astrolabe"}],"items_purged_floors":[11],"is_endless":false,"potions_floor_spawned":[1,8,14,20,24],"killed_by":"Automaton","ascension_level":6}