{"gold_per_floor":[109,120,19,19,19,19,52,69,69,100,118,145,165,165],"floor_reached":14,"playtime":406,"items_purged":[],"score":270,"play_id":"fdee3826-a5a2-4ebb-ac5e-3e3eeb8b480c","local_time":"20190928002123","is_ascension_mode":true,"campfire_choices":[{"data":"True Grit","floor":6.0,"key":"SMITH"}],"neow_cost":"NONE","seed_source_timestamp":258524910241400,"circlet_count":0,"master_deck":["AscendersBane","Strike_R","Strike_R","Strike_R","Strike_R","Strike_R","Defend_R","Defend_R","Defend_R","Defend_R","Bash","True Grit+1","Disarm","Fire Breathing","Thunderclap","Pommel Strike","Shrug It Off","Inflame","Shrug It Off","Impervious"],"special_seed":0,"relics":["Burning Blood","NeowsBlessing","Shuriken","Singing Bowl","InkBottle","Nunchaku","Regal Pillow"],"potions_floor_usage":[12,14],"damage_taken":[{"damage":0.0,"enemies":"Small Slimes","floor":1.0,"turns":1.0},{"damage":0.0,"enemies":"Jaw Worm","floor":2.0,"turns":1.0},{"damage":0.0,"enemies":"Gremlin Nob","floor":7.0,"turns":1.0},{"damage":2.0,"enemies":"Cultist","floor":8.0,"turns":4.0},{"damage":15.0,"enemies":"3 Sentries","floor":10.0,"turns":5.0},{"damage":9.0,"enemies":"Exordium Wildlife","floor":11.0,"turns":5.0},{"damage":18,"enemies":"Lagavulin","floor":12,"turns":6},{"damage":0,"enemies":"Blue Slaver","floor":13,"turns":6},{"damage":24,"enemies":"Gremlin Nob","floor":14,"turns":3}],"seed_played":"1469640442130156765","potions_obtained":[{"floor":2.0,"key":"Energy Potion"},{"floor":8.0,"key":"Block Potion"},{"floor":12,"key":"Weak Potion"}],"is_trial":false,"path_per_floor":["M","M","$","?","?","R","E","M","T","E","M","E","M","E"],"character_chosen":"IRONCLAD","items_purchased":["Fire Breathing","Thunderclap"],"campfire_rested":0,"item_purchase_floors":[3,3],"current_hp_per_floor":[74,75,75,30,30,30,36,40,40,31,28,16,24,0],"gold":165,"neow_bonus":"THREE_ENEMY_KILL","is_prod":false,"is_daily":false,"chose_seed":false,"campfire_upgraded":1,"win_rate":0,"timestamp":1569644483,"path_taken":["M","M","$","?","?","R","E","M","T","E","M","E","M","E"],"build_version":"2019-09-27","purchased_purges":0,"victory":false,"max_hp_per_floor":[75,75,75,75,75,75,75,75,75,75,75,75,77,77],"card_choices":[{"not_picked":["Infernal Blade","Reckless Charge"],"picked":"True Grit","floor":1.0},{"not_picked":["Rampage","Headbutt"],"picked":"Disarm","floor":2.0},{"not_picked":["Wild Strike","Heavy Blade"],"picked":"Pommel Strike","floor":7.0},{"not_picked":["Twin Strike","Juggernaut"],"picked":"Shrug It Off","floor":8.0},{"not_picked":["Thunderclap","Carnage"],"picked":"Inflame","floor":10.0},{"not_picked":["Thunderclap","Sword Boomerang"],"picked":"Shrug It Off","floor":11.0},{"not_picked":["Pummel","Spot Weakness"],"picked":"Impervious","floor":12},{"not_picked":["Perfected Strike","Armaments","True Grit"],"picked":"Singing Bowl","floor":13}],"player_experience":1148525,"relics_obtained":[{"floor":7.0,"key":"Singing Bowl"},{"floor":9.0,"key":"InkBottle"},{"floor":10.0,"key":"Nunchaku"},{"floor":12,"key":"Regal Pillow"}],"event_choices":[{"damage_healed":0.0,"max_hp_gain":0.0,"max_hp_loss":0.0,"gold_gain":0.0,"event_name":"Scrap Ooze","player_choice":"Success","floor":4.0,"gold_loss":0.0,"damage_taken":45.0,"relics_obtained":["Shuriken"]},{"damage_healed":0.0,"max_hp_gain":0.0,"max_hp_loss":0.0,"gold_gain":0.0,"event_name":"Shining Light","player_choice":"Ignored","floor":5.0,"gold_loss":0.0,"damage_taken":0.0}],"is_beta":true,"boss_relics":[],"items_purged_floors":[],"is_endless":false,"potions_floor_spawned":[2,8,12],"killed_by":"Gremlin Nob","ascension_level":20}