{"gold_per_floor":[366,191,191,201,124,150,216,216,216,266,292,384,408,470,482,598,610,647,670,732,754,784,796],"floor_reached":23,"playtime":3871,"items_purged":[],"score":193,"play_id":"5b74a026-9153-4bc6-aa42-d3b964d3d361","local_time":"20190903230724","is_ascension_mode":false,"campfire_choices":[{"data":"Armaments","floor":8.0,"key":"SMITH"},{"data":"Searing Blow","floor":15.0,"key":"SMITH"}],"neow_cost":"PERCENT_DAMAGE","seed_source_timestamp":0,"circlet_count":0,"master_deck":["Strike_R","Strike_R","Strike_R","Strike_R","Strike_R","Defend_R","Defend_R","Defend_R","Defend_R","Bash","Rage","Warcry","Sword Boomerang","Searing Blow+1","Seeing Red","Armaments+1","Power Through","Twin Strike","Disarm","Reaper","True Grit","Twin Strike","Pain","Double Tap","Shrug It Off"],"special_seed":0,"relics":["Burning Blood","Red Skull","SsserpentHead","Dodecahedron","MawBank","Odd Mushroom","Eternal Feather","WarpedTongs"],"potions_floor_usage":[21,22,23],"damage_taken":[{"damage":2.0,"enemies":"2 Louse","floor":1.0,"turns":4.0},{"damage":5.0,"enemies":"Cultist","floor":4.0,"turns":5.0},{"damage":18.0,"enemies":"Lagavulin","floor":6.0,"turns":5.0},{"damage":11.0,"enemies":"Jaw Worm","floor":7.0,"turns":2.0},{"damage":0.0,"enemies":"2 Fungi Beasts","floor":11.0,"turns":4.0},{"damage":13.0,"enemies":"The Mushroom Lair","floor":12.0,"turns":4.0},{"damage":0.0,"enemies":"Exordium Thugs","floor":13.0,"turns":2.0},{"damage":21.0,"enemies":"Hexaghost","floor":16.0,"turns":11.0},{"damage":21.0,"enemies":"Shell Parasite","floor":18.0,"turns":11.0},{"damage":34,"enemies":"3 Byrds","floor":19,"turns":8},{"damage":24,"enemies":"Shelled Parasite and Fungi","floor":21,"turns":8},{"damage":22,"enemies":"Centurion and Healer","floor":22,"turns":10},{"damage":41,"enemies":"Gremlin Leader","floor":23,"turns":4}],"seed_played":"3580861499896058123","potions_obtained":[{"floor":1.0,"key":"AttackPotion"},{"floor":4.0,"key":"Ancient Potion"},{"floor":11.0,"key":"SteroidPotion"},{"floor":16.0,"key":"SpeedPotion"},{"floor":19,"key":"Regen Potion"},{"floor":21,"key":"Explosive Potion"}],"is_trial":false,"path_per_floor":["M","$","?","M","$","E","M","R","T","?","M","?","M","?","R","B",null,"M","M","?","M","M","E"],"character_chosen":"IRONCLAD","items_purchased":["Red Skull","Warcry","Searing Blow"],"campfire_rested":0,"item_purchase_floors":[2,2,5],"current_hp_per_floor":[60,60,60,61,61,49,44,44,44,41,47,40,46,46,46,31,80,65,43,43,40,38,0],"gold":796,"neow_bonus":"TWO_FIFTY_GOLD","is_prod":false,"is_daily":false,"chose_seed":false,"campfire_upgraded":2,"win_rate":0,"timestamp":1567566444,"path_taken":["M","$","?","M","$","E","?","R","T","?","M","?","M","?","R","BOSS","M","M","?","M","M","E"],"build_version":"2019-07-17","purchased_purges":0,"victory":false,"max_hp_per_floor":[80,80,80,80,80,80,80,80,80,80,80,80,80,80,80,80,80,80,80,80,80,80,80],"card_choices":[{"not_picked":["Evolve","Clash"],"picked":"Rage","floor":1.0},{"not_picked":["Burning Pact","Flame Barrier"],"picked":"Sword Boomerang","floor":4.0},{"not_picked":["Fiend Fire","Searing Blow"],"picked":"Seeing Red","floor":6.0},{"not_picked":["Perfected Strike","Clothesline"],"picked":"Armaments","floor":7.0},{"not_picked":["Entrench","Havoc"],"picked":"Power Through","floor":11.0},{"not_picked":["Rupture","Warcry"],"picked":"Twin Strike","floor":12.0},{"not_picked":["Immolate","Sword Boomerang"],"picked":"Disarm","floor":13.0},{"not_picked":["Barricade","Exhume"],"picked":"Reaper","floor":16.0},{"not_picked":["Rupture","Anger"],"picked":"True Grit","floor":18},{"not_picked":["Wild Strike","Clash"],"picked":"Twin Strike","floor":19},{"not_picked":["Clothesline","Armaments"],"picked":"Double Tap","floor":21},{"not_picked":["Battle Trance+1","Warcry"],"picked":"Shrug It Off","floor":22}],"player_experience":62543,"relics_obtained":[{"floor":6.0,"key":"Dodecahedron"},{"floor":12.0,"key":"Odd Mushroom"}],"event_choices":[{"damage_healed":0.0,"max_hp_gain":0.0,"max_hp_loss":0.0,"gold_gain":0.0,"event_name":"FaceTrader","player_choice":"Trade","floor":3.0,"gold_loss":0.0,"damage_taken":0.0,"relics_obtained":["SsserpentHead"]},{"damage_healed":0.0,"max_hp_gain":0.0,"max_hp_loss":0.0,"gold_gain":0.0,"event_name":"Scrap Ooze","player_choice":"Success","floor":10.0,"gold_loss":0.0,"damage_taken":3.0,"relics_obtained":["MawBank"]},{"damage_healed":0.0,"max_hp_gain":0.0,"max_hp_loss":0.0,"gold_gain":0.0,"event_name":"Mushrooms","player_choice":"Fought Mushrooms","floor":12.0,"gold_loss":0.0,"damage_taken":0.0},{"damage_healed":0.0,"max_hp_gain":0.0,"max_hp_loss":0.0,"gold_gain":0.0,"event_name":"Liars Game","player_choice":"Ignored","floor":14.0,"gold_loss":0.0,"damage_taken":0.0},{"damage_healed":0,"gold_gain":0,"player_choice":"Rummage","damage_taken":0,"relics_obtained":["WarpedTongs"],"max_hp_gain":0,"max_hp_loss":0,"event_name":"Accursed Blacksmith","floor":20,"gold_loss":0,"cards_obtained":["Pain"]}],"is_beta":false,"boss_relics":[{"not_picked":["Black Star","Runic Cube"],"picked":"Eternal Feather"}],"items_purged_floors":[],"is_endless":false,"potions_floor_spawned":[1,4,11,16,19,21],"killed_by":"Gremlin Leader","ascension_level":0}