{"gold_per_floor":[118,135,155,167,167,167,197,197,222,251,271,301,316,330,330,401,401,418,438,438,438,449,449,466,466,538,552,584,599,599,101,101,174,174,187,187,187,17,17,52,3,19,19,19,31,62,78,92,92,92],"floor_reached":51,"playtime":3938,"items_purged":["Strike_R","Strike_R"],"score":1339,"play_id":"e7f87696-9ba9-4343-bd71-48cea8d711c6","local_time":"20190823102402","is_ascension_mode":true,"campfire_choices":[{"data":"Bash","floor":6.0,"key":"SMITH"},{"data":"Fiend Fire","floor":8.0,"key":"SMITH"},{"data":"Battle Trance","floor":15.0,"key":"SMITH"},{"floor":23.0,"key":"REST"},{"data":"Immolate","floor":30.0,"key":"SMITH"},{"data":"True Grit","floor":32.0,"key":"SMITH"},{"data":"True Grit","floor":44.0,"key":"SMITH"},{"floor":49.0,"key":"REST"}],"neow_cost":"NONE","seed_source_timestamp":0,"circlet_count":0,"master_deck":["AscendersBane","Defend_R","Defend_R","Defend_R","Defend_R","Bash+1","Fiend Fire+1","Spot Weakness","Battle Trance+1","Burning Pact","Metallicize","Dark Embrace","Feel No Pain","Impervious","Clothesline","Warcry","Immolate+1","Disarm+1","Sentinel+1","Dual Wield+1","Power Through+1","Battle Trance","Feel No Pain+1","Burning Pact","Intimidate","Havoc","Inflame+1","Thunderclap","True Grit+1","Offering","Combust+1","Master of Strategy","Thinking Ahead","Inflame+1","True Grit+1","Shockwave","Heavy Blade","Heavy Blade+1","Feel No Pain+1","Rage+1","Shockwave"],"special_seed":0,"relics":["Burning Blood","Pen Nib","Lantern","Dream Catcher","Frozen Egg 2","Astrolabe","Question Card","Blood Vial","Lee\u0027s Waffle","Sozu","Ancient Tea Set","Meat on the Bone","Pocketwatch"],"potions_floor_usage":[],"damage_taken":[{"damage":1.0,"enemies":"Cultist","floor":1.0,"turns":3.0},{"damage":4.0,"enemies":"Jaw Worm","floor":2.0,"turns":3.0},{"damage":3.0,"enemies":"2 Louse","floor":3.0,"turns":3.0},{"damage":9.0,"enemies":"Blue Slaver","floor":4.0,"turns":4.0},{"damage":26.0,"enemies":"Gremlin Nob","floor":7.0,"turns":4.0},{"damage":28.0,"enemies":"Lagavulin","floor":10.0,"turns":5.0},{"damage":10.0,"enemies":"2 Fungi Beasts","floor":11.0,"turns":3.0},{"damage":0.0,"enemies":"Gremlin Nob","floor":12.0,"turns":1.0},{"damage":0.0,"enemies":"Lots of Slimes","floor":13.0,"turns":6.0},{"damage":0.0,"enemies":"Blue Slaver","floor":14.0,"turns":1.0},{"damage":30.0,"enemies":"Slime Boss","floor":16.0,"turns":11.0},{"damage":4.0,"enemies":"Shell Parasite","floor":18.0,"turns":8.0},{"damage":0.0,"enemies":"Spheric Guardian","floor":19.0,"turns":1.0},{"damage":20.0,"enemies":"Shelled Parasite and Fungi","floor":22.0,"turns":6.0},{"damage":19.0,"enemies":"Sentry and Sphere","floor":24.0,"turns":6.0},{"damage":15.0,"enemies":"Snake Plant","floor":27.0,"turns":6.0},{"damage":55.0,"enemies":"Gremlin Leader","floor":28.0,"turns":8.0},{"damage":5.0,"enemies":"Chosen and Byrds","floor":29.0,"turns":8.0},{"damage":58.0,"enemies":"Automaton","floor":33.0,"turns":15.0},{"damage":0.0,"enemies":"3 Darklings","floor":35.0,"turns":3.0},{"damage":10.0,"enemies":"Giant Head","floor":40.0,"turns":10.0},{"damage":10.0,"enemies":"Orb Walker","floor":42.0,"turns":3.0},{"damage":42.0,"enemies":"Transient","floor":45.0,"turns":5.0},{"damage":20.0,"enemies":"Reptomancer","floor":46.0,"turns":5.0},{"damage":30.0,"enemies":"Jaw Worm Horde","floor":47.0,"turns":5.0},{"damage":30.0,"enemies":"Spire Growth","floor":48.0,"turns":5.0},{"damage":55,"enemies":"Donu and Deca","floor":50,"turns":9}],"seed_played":"9048671836846629448","potions_obtained":[{"floor":2.0,"key":"AttackPotion"},{"floor":4.0,"key":"Fire Potion"},{"floor":7.0,"key":"Swift Potion"},{"floor":12.0,"key":"Block Potion"},{"floor":13.0,"key":"Ancient Potion"},{"floor":22.0,"key":"SteroidPotion"},{"floor":27.0,"key":"SkillPotion"},{"floor":28.0,"key":"EssenceOfSteel"},{"floor":29.0,"key":"Fruit Juice"}],"is_trial":false,"path_per_floor":["M","M","M","M","?","R","E","R","T","E","M","E","M","M","R","B",null,"M","M","?","?","M","R","M","?","T","M","E","M","R","$","R","B",null,"M","?","?","$","?","E","$","M","T","R","M","E","M","M","R","B",null],"character_chosen":"IRONCLAD","items_purchased":["Lee\u0027s Waffle","Inflame+1","Thunderclap","True Grit","Dexterity Potion","Swift Potion","Inflame+1","True Grit"],"campfire_rested":2,"item_purchase_floors":[31,31,31,31,31,31,38,41],"current_hp_per_floor":[73,75,75,72,72,72,52,52,52,30,26,32,38,44,44,20,61,63,69,48,48,34,58,45,80,80,71,22,30,30,92,92,40,79,87,87,77,77,77,75,75,73,73,73,51,51,41,31,57,22],"gold":92,"neow_bonus":"ONE_RANDOM_RARE_CARD","is_prod":false,"is_daily":false,"chose_seed":false,"campfire_upgraded":6,"win_rate":0,"timestamp":1566570242,"path_taken":["M","M","M","?","?","R","E","R","T","E","M","E","?","M","R","BOSS","M","M","?","?","M","R","M","?","T","?","E","M","R","$","R","BOSS","M","?","?","$","?","E","$","M","T","R","M","E","M","M","R","BOSS"],"build_version":"2019-07-17","purchased_purges":2,"victory":true,"max_hp_per_floor":[75,75,75,75,75,75,75,75,75,75,75,75,75,75,75,75,75,75,75,80,80,80,80,80,80,80,80,80,85,85,92,92,92,92,92,92,92,92,87,87,87,87,87,87,87,87,87,87,87,87],"card_choices":[{"not_picked":["Perfected Strike","Body Slam"],"picked":"Spot Weakness","floor":1.0},{"not_picked":["Thunderclap","Searing Blow"],"picked":"Battle Trance","floor":2.0},{"not_picked":["Twin Strike","Warcry"],"picked":"Burning Pact","floor":3.0},{"not_picked":["Perfected Strike","Spot Weakness"],"picked":"Metallicize","floor":4.0},{"not_picked":["Shrug It Off","Entrench"],"picked":"Feel No Pain","floor":7.0},{"not_picked":["Perfected Strike","Shrug It Off"],"picked":"Impervious","floor":10.0},{"not_picked":["Hemokinesis","Armaments"],"picked":"Clothesline","floor":11.0},{"not_picked":["Ghostly Armor","Iron Wave"],"picked":"Warcry","floor":12.0},{"not_picked":["Flex","Metallicize+1","Dropkick"],"picked":"SKIP","floor":13.0},{"not_picked":["Warcry","Flex","Iron Wave"],"picked":"SKIP","floor":14.0},{"not_picked":["Demon Form+1","Offering"],"picked":"Immolate","floor":16.0},{"not_picked":["Perfected Strike","Body Slam"],"picked":"Power Through+1","floor":18.0},{"not_picked":["Clothesline","Blood for Blood+1","Metallicize+1"],"picked":"SKIP","floor":19.0},{"not_picked":["Havoc","Twin Strike"],"picked":"Battle Trance","floor":22.0},{"not_picked":["Heavy Blade","Anger"],"picked":"Feel No Pain+1","floor":23.0},{"not_picked":["Body Slam","Anger"],"picked":"Burning Pact","floor":24.0},{"not_picked":["Iron Wave","Pummel","Thunderclap"],"picked":"Intimidate","floor":27.0},{"not_picked":["Exhume","Flex","Hemokinesis"],"picked":"Havoc","floor":28.0},{"not_picked":["Armaments","Burning Pact","Pommel Strike","Twin Strike"],"picked":"SKIP","floor":29.0},{"not_picked":["Double Tap","Impervious","Feed"],"picked":"Offering","floor":33.0},{"not_picked":["Cleave","Clash","Warcry"],"picked":"Combust+1","floor":35.0},{"not_picked":["Forethought","Swift Strike","Madness"],"picked":"Master of Strategy","floor":37.0},{"not_picked":["Secret Weapon","Deep Breath","Flash of Steel"],"picked":"Thinking Ahead","floor":37.0},{"not_picked":["Power Through+1","Fire Breathing+1","Intimidate","Body Slam"],"picked":"SKIP","floor":40.0},{"not_picked":["Heavy Blade","Shrug It Off","Sword Boomerang"],"picked":"Shockwave","floor":42.0},{"not_picked":["Sword Boomerang","Pommel Strike","Anger"],"picked":"Heavy Blade","floor":45.0},{"not_picked":["Burning Pact","Twin Strike","Pommel Strike"],"picked":"Heavy Blade+1","floor":46.0},{"not_picked":["Carnage","Heavy Blade","Flame Barrier"],"picked":"Feel No Pain+1","floor":47.0},{"not_picked":["Perfected Strike+1","Immolate","Carnage"],"picked":"Rage+1","floor":48.0},{"not_picked":["Havoc","Anger","Headbutt"],"picked":"Shockwave","floor":49.0}],"player_experience":894940,"relics_obtained":[{"floor":7.0,"key":"Pen Nib"},{"floor":9.0,"key":"Lantern"},{"floor":10.0,"key":"Dream Catcher"},{"floor":12.0,"key":"Frozen Egg 2"},{"floor":26.0,"key":"Question Card"},{"floor":28.0,"key":"Blood Vial"},{"floor":40.0,"key":"Ancient Tea Set"},{"floor":43.0,"key":"Meat on the Bone"},{"floor":46.0,"key":"Pocketwatch"}],"event_choices":[{"damage_healed":0.0,"max_hp_gain":0.0,"max_hp_loss":0.0,"gold_gain":0.0,"event_name":"Match and Keep!","player_choice":"1 cards matched","floor":5.0,"gold_loss":0.0,"damage_taken":0.0,"cards_obtained":["Dark Embrace"]},{"damage_healed":0.0,"max_hp_gain":5.0,"max_hp_loss":0.0,"gold_gain":0.0,"event_name":"Forgotten Altar","player_choice":"Shed Blood","floor":20.0,"gold_loss":0.0,"damage_taken":26.0},{"damage_healed":0.0,"max_hp_gain":0.0,"max_hp_loss":0.0,"gold_gain":0.0,"event_name":"Vampires","player_choice":"Ignored","floor":21.0,"gold_loss":0.0,"damage_taken":0.0},{"damage_healed":35.0,"max_hp_gain":0.0,"max_hp_loss":0.0,"gold_gain":0.0,"event_name":"Wheel of Change","player_choice":"Full Heal","floor":25.0,"gold_loss":0.0,"damage_taken":0.0},{"damage_healed":0.0,"max_hp_gain":0.0,"max_hp_loss":0.0,"gold_gain":0.0,"event_name":"Tomb of Lord Red Mask","player_choice":"Ignored","floor":36.0,"gold_loss":0.0,"damage_taken":0.0},{"damage_healed":0.0,"max_hp_gain":0.0,"max_hp_loss":0.0,"gold_gain":0.0,"event_name":"SensoryStone","player_choice":"Memory 3","floor":37.0,"gold_loss":0.0,"damage_taken":10.0},{"damage_healed":0.0,"max_hp_gain":0.0,"max_hp_loss":5.0,"gold_gain":0.0,"event_name":"Winding Halls","player_choice":"Max HP","floor":39.0,"gold_loss":0.0,"damage_taken":0.0}],"is_beta":false,"boss_relics":[{"not_picked":["Orrery","White Beast Statue"],"picked":"Astrolabe"},{"not_picked":["Runic Pyramid","Black Blood"],"picked":"Sozu"}],"items_purged_floors":[31,38],"is_endless":false,"potions_floor_spawned":[2,4,7,12,13,22,27,28,29,40,46,47],"ascension_level":15}