{"gold_per_floor":[215,50,50,69,69,95,113,148,175,187,221,221,248,261,261,338,338,350,218,237,152,52,91,103,103,103,115,127,139,151],"floor_reached":30,"playtime":1018,"items_purged":["Strike_R","Strike_R"],"score":552,"play_id":"ecf89454-f2fe-47e8-9b7a-9cd0ddc9539f","local_time":"20190926180938","is_ascension_mode":true,"campfire_choices":[{"data":"Limit Break","floor":12,"key":"SMITH"},{"floor":15,"key":"REST"},{"data":"True Grit","floor":25,"key":"SMITH"},{"floor":29,"key":"REST"}],"neow_cost":"NONE","seed_source_timestamp":149278120608100,"circlet_count":0,"master_deck":["AscendersBane","Defend_R","Defend_R","Defend_R","Defend_R","Bash+1","Iron Wave","Hemokinesis","Battle Trance","Second Wind","Thunderclap","Limit Break+1","Flex","Spot Weakness","Anger","Sword Boomerang","Fiend Fire","Limit Break+1","Demon Form+1","Infernal Blade+1","Feel No Pain","True Grit+1","Shrug It Off","Burning Pact"],"special_seed":0,"relics":["Burning Blood","Orichalcum","Akabeko","Pen Nib","Sundial","Bronze Scales","Astrolabe","CeramicFish","Juzu Bracelet","MawBank","SsserpentHead"],"potions_floor_usage":[8,13,16,16,23,24],"damage_taken":[{"damage":6.0,"enemies":"Cultist","floor":1.0,"turns":4.0},{"damage":10.0,"enemies":"Jaw Worm","floor":4.0,"turns":3.0},{"damage":33,"enemies":"Gremlin Nob","floor":6,"turns":4},{"damage":5,"enemies":"Small Slimes","floor":7,"turns":3},{"damage":17,"enemies":"Lagavulin","floor":8,"turns":4},{"damage":10,"enemies":"Looter","floor":10,"turns":3},{"damage":11,"enemies":"3 Sentries","floor":11,"turns":4},{"damage":17,"enemies":"Lagavulin","floor":13,"turns":5},{"damage":11,"enemies":"Blue Slaver","floor":14,"turns":2},{"damage":19,"enemies":"Hexaghost","floor":16,"turns":6},{"damage":10,"enemies":"3 Byrds","floor":18,"turns":3},{"damage":0,"enemies":"Spheric Guardian","floor":20,"turns":1},{"damage":48,"enemies":"Slavers","floor":23,"turns":4},{"damage":28,"enemies":"Centurion and Healer","floor":24,"turns":5},{"damage":46,"enemies":"Gremlin Leader","floor":30,"turns":2}],"seed_played":"-1279099521040283127","potions_obtained":[{"floor":6,"key":"SteroidPotion"},{"floor":7,"key":"Block Potion"},{"floor":10,"key":"AttackPotion"},{"floor":14,"key":"Swift Potion"},{"floor":18,"key":"LiquidBronze"},{"floor":23,"key":"BloodPotion"},{"floor":24,"key":"ElixirPotion"}],"is_trial":false,"path_per_floor":["M","$","?","M","?","E","M","E","T","M","E","R","E","M","R","B",null,"M","$","M","?","$","E","M","R","T","?","?","R","E"],"character_chosen":"IRONCLAD","items_purchased":["Hemokinesis","Battle Trance","True Grit"],"campfire_rested":2,"item_purchase_floors":[2,2,19],"current_hp_per_floor":[68,68,73,69,69,42,43,32,32,28,23,23,12,7,31,18,65,61,61,67,67,67,25,19,19,19,19,19,43,0],"gold":151,"neow_bonus":"HUNDRED_GOLD","is_prod":false,"is_daily":false,"chose_seed":false,"campfire_upgraded":2,"win_rate":0,"timestamp":1569535778,"path_taken":["M","$","?","M","?","E","?","E","T","M","E","R","E","M","R","BOSS","M","$","M","?","$","E","M","R","T","?","?","R","E"],"build_version":"2019-09-26","purchased_purges":2,"victory":false,"max_hp_per_floor":[75,75,80,80,80,80,80,80,80,80,80,80,80,80,80,80,80,80,80,80,80,80,80,80,80,80,80,80,80,80],"card_choices":[{"not_picked":["Warcry","Flex"],"picked":"Iron Wave","floor":1.0},{"not_picked":["Second Wind","Body Slam","Hemokinesis"],"picked":"SKIP","floor":4.0},{"not_picked":["Body Slam","Hemokinesis"],"picked":"Second Wind","floor":4.0},{"not_picked":["Warcry","Wild Strike"],"picked":"Thunderclap","floor":6},{"not_picked":["Body Slam","Shrug It Off"],"picked":"Limit Break","floor":7},{"not_picked":["Havoc","Clash"],"picked":"Flex","floor":8},{"not_picked":["Anger","Flex"],"picked":"Spot Weakness","floor":10},{"not_picked":["Cleave","Inflame","Juggernaut"],"picked":"SKIP","floor":11},{"not_picked":["Heavy Blade","Corruption"],"picked":"Anger","floor":13},{"not_picked":["Warcry","Anger"],"picked":"Sword Boomerang","floor":14},{"not_picked":["Double Tap","Dark Embrace"],"picked":"Fiend Fire","floor":16},{"not_picked":["Reckless Charge","Shrug It Off"],"picked":"Feel No Pain","floor":18},{"not_picked":["Cleave","Perfected Strike"],"picked":"Shrug It Off","floor":20},{"not_picked":["Anger","Warcry"],"picked":"Burning Pact","floor":23},{"not_picked":["Cleave","Dual Wield","Juggernaut"],"picked":"SKIP","floor":24}],"player_experience":1138818,"relics_obtained":[{"floor":6,"key":"Orichalcum"},{"floor":8,"key":"Akabeko"},{"floor":9,"key":"Pen Nib"},{"floor":11,"key":"Sundial"},{"floor":13,"key":"Bronze Scales"},{"floor":23,"key":"Juzu Bracelet"},{"floor":26,"key":"MawBank"}],"event_choices":[{"damage_healed":0.0,"max_hp_gain":5.0,"max_hp_loss":0.0,"gold_gain":0.0,"event_name":"Big Fish","player_choice":"Donut","floor":3.0,"gold_loss":0.0,"damage_taken":0.0},{"damage_healed":0.0,"max_hp_gain":0.0,"max_hp_loss":0.0,"gold_gain":0.0,"event_name":"Accursed Blacksmith","player_choice":"Forge","floor":5.0,"gold_loss":0.0,"damage_taken":0.0,"cards_upgraded":["Bash"]},{"damage_healed":0,"gold_gain":0,"player_choice":"Obtained Relic","damage_taken":0,"relics_obtained":["CeramicFish"],"max_hp_gain":0,"max_hp_loss":0,"event_name":"Addict","floor":21,"gold_loss":85},{"damage_healed":0,"gold_gain":0,"player_choice":"Ignored","damage_taken":0,"max_hp_gain":0,"max_hp_loss":0,"event_name":"Cursed Tome","floor":27,"gold_loss":0},{"damage_healed":0,"gold_gain":0,"player_choice":"Trade","damage_taken":0,"relics_obtained":["SsserpentHead"],"max_hp_gain":0,"max_hp_loss":0,"event_name":"FaceTrader","floor":28,"gold_loss":0}],"is_beta":true,"boss_relics":[{"not_picked":["Busted Crown","Mark of Pain"],"picked":"Astrolabe"}],"items_purged_floors":[19,22],"is_endless":false,"potions_floor_spawned":[6,7,10,11,14,18,23,24],"killed_by":"Gremlin Leader","ascension_level":20}