{"gold_per_floor":[112,129,142,32,32,62,24,24,24,36,36,52,66,20,20,124,124,134,154,54,66,84,109,109,123,202,202,229,229,246,278,278,380,380,394,322,322,342,360,360,360],"floor_reached":41,"playtime":2889,"items_purged":["Strike_P","Strike_P"],"score":501,"play_id":"657ba6fa-2fdb-400f-b40c-094603bb7089","local_time":"20190919212552","is_ascension_mode":true,"campfire_choices":[{"floor":8.0,"key":"REST"},{"floor":11.0,"key":"REST"},{"data":"TalkToTheHand","floor":15.0,"key":"SMITH"},{"floor":24.0,"key":"DIG"},{"floor":27.0,"key":"DIG"},{"floor":32.0,"key":"REST"},{"floor":40,"key":"DIG"}],"neow_cost":"NONE","seed_source_timestamp":0,"circlet_count":0,"master_deck":["Defend_P","Defend_P","Eruption","Vigilance","EmptyBody","TalkToTheHand+1","FearNoEvil","EmptyMind","BowlingBash","MentalFortress+1","ReachHeaven","FollowUp","Pray","WindmillStrike+1","SashWhip+1","Perseverance","Wallop","Crescendo","Pray","TalkToTheHand+1","SandsOfTime+1","Ragnarok+1","Establishment"],"special_seed":0,"relics":["PureWater","Oddly Smooth Stone","Shovel","StoneCalendar","VioletLotus","InkBottle","Pear","HornCleat","Darkstone Periapt","Anchor","Pen Nib","Astrolabe","Blood Vial"],"potions_floor_usage":[39],"damage_taken":[{"damage":1.0,"enemies":"2 Louse","floor":1.0,"turns":2.0},{"damage":0.0,"enemies":"Cultist","floor":2.0,"turns":3.0},{"damage":0.0,"enemies":"Small Slimes","floor":3.0,"turns":5.0},{"damage":56.0,"enemies":"3 Sentries","floor":6.0,"turns":12.0},{"damage":14.0,"enemies":"Exordium Thugs","floor":10.0,"turns":5.0},{"damage":0.0,"enemies":"Looter","floor":12.0,"turns":2.0},{"damage":7.0,"enemies":"3 Louse","floor":13.0,"turns":5.0},{"damage":2.0,"enemies":"The Guardian","floor":16.0,"turns":11.0},{"damage":2.0,"enemies":"3 Byrds","floor":18.0,"turns":7.0},{"damage":0.0,"enemies":"Shell Parasite","floor":19.0,"turns":4.0},{"damage":6.0,"enemies":"3 Cultists","floor":21.0,"turns":5.0},{"damage":9.0,"enemies":"Cultist and Chosen","floor":22.0,"turns":8.0},{"damage":15.0,"enemies":"Gremlin Leader","floor":23.0,"turns":8.0},{"damage":5.0,"enemies":"Chosen and Byrds","floor":25.0,"turns":7.0},{"damage":14.0,"enemies":"Book of Stabbing","floor":28.0,"turns":6.0},{"damage":0.0,"enemies":"3 Cultists","floor":30.0,"turns":5.0},{"damage":17.0,"enemies":"Gremlin Leader","floor":31.0,"turns":7.0},{"damage":26.0,"enemies":"Automaton","floor":33.0,"turns":12.0},{"damage":0.0,"enemies":"3 Shapes","floor":35.0,"turns":7.0},{"damage":25,"enemies":"3 Darklings","floor":38,"turns":7},{"damage":16,"enemies":"Transient","floor":39,"turns":5},{"damage":45,"enemies":"Writhing Mass","floor":41,"turns":2}],"seed_played":"5063439940441308382","potions_obtained":[{"floor":1.0,"key":"SkillPotion"},{"floor":6.0,"key":"Swift Potion"},{"floor":13.0,"key":"Dexterity Potion"},{"floor":16.0,"key":"Energy Potion"},{"floor":18.0,"key":"SpeedPotion"},{"floor":21.0,"key":"Energy Potion"},{"floor":30.0,"key":"Dexterity Potion"},{"floor":38,"key":"PowerPotion"},{"floor":39,"key":"SkillPotion"}],"is_trial":false,"path_per_floor":["M","M","M","$","?","E","$","R","T","M","R","M","M","$","R","B",null,"M","M","$","M","M","E","R","M","T","R","E","?","M","E","R","B",null,"M","$","?","M","M","R","M"],"character_chosen":"WATCHER","items_purchased":["TalkToTheHand","EmptyMind","FollowUp","Establishment"],"campfire_rested":3,"item_purchase_floors":[4,7,14,36],"current_hp_per_floor":[64,64,64,64,64,8,8,27,27,13,32,32,25,25,25,23,65,63,63,63,57,48,33,43,38,38,38,24,24,24,7,29,3,75,75,75,75,50,34,34,0],"gold":360,"neow_bonus":"RANDOM_COMMON_RELIC","is_prod":false,"is_daily":false,"chose_seed":false,"campfire_upgraded":1,"win_rate":0,"timestamp":1568942752,"path_taken":["M","M","M","$","?","E","$","R","T","M","R","M","M","$","R","BOSS","M","M","$","M","M","E","R","M","T","R","E","?","M","E","R","BOSS","M","$","?","M","M","R","M"],"build_version":"2019-09-19","purchased_purges":2,"victory":false,"max_hp_per_floor":[65,65,65,65,65,65,65,65,65,65,65,65,65,65,65,65,65,65,65,65,65,65,65,75,75,75,75,75,75,75,75,75,75,75,75,75,75,75,75,75,75],"card_choices":[{"not_picked":["PathToVictory","FlyingSleeves"],"picked":"EmptyBody","floor":1.0},{"not_picked":["Swivel","CleanseEvil","Halt"],"picked":"SKIP","floor":2.0},{"not_picked":["ThirdEye","Crescendo","Prostrate"],"picked":"SKIP","floor":3.0},{"not_picked":["Halt","Protect"],"picked":"FearNoEvil","floor":6.0},{"not_picked":["EmptyBody","Perseverance"],"picked":"BowlingBash","floor":10.0},{"not_picked":["Sanctity","SashWhip"],"picked":"MentalFortress","floor":12.0},{"not_picked":["Sanctity","Wireheading"],"picked":"ReachHeaven","floor":13.0},{"not_picked":["Unraveling","Metaphysics"],"picked":"Pray","floor":16.0},{"not_picked":["Halt+1","ClearTheMind"],"picked":"WindmillStrike+1","floor":18.0},{"not_picked":["Weave","Protect"],"picked":"SashWhip+1","floor":19.0},{"not_picked":["Tantrum","Evaluate"],"picked":"Perseverance","floor":21.0},{"not_picked":["ClearTheMind","CrushJoints","Halt"],"picked":"SKIP","floor":22.0},{"not_picked":["Meditate","Weave","MentalFortress"],"picked":"SKIP","floor":23.0},{"not_picked":["EmptyMind","Protect+1"],"picked":"Wallop","floor":25.0},{"not_picked":["FollowUp","DeceiveReality","Protect"],"picked":"SKIP","floor":28.0},{"not_picked":["BowlingBash","Vengeance+1"],"picked":"Crescendo","floor":30.0},{"not_picked":["Pray","Crescendo","Scrawl"],"picked":"SKIP","floor":31.0},{"not_picked":["Omniscience","ReachHeaven"],"picked":"Pray","floor":33.0},{"not_picked":["Fasting+1","Weave","JustLucky"],"picked":"SKIP","floor":35.0},{"not_picked":["Halt","Conclude+1","Collect"],"picked":"SKIP","floor":38},{"not_picked":["CutThroughFate+1","ThirdEye","SpiritShield"],"picked":"SKIP","floor":39}],"player_experience":1100614,"relics_obtained":[{"floor":6.0,"key":"Shovel"},{"floor":9.0,"key":"StoneCalendar"},{"floor":23.0,"key":"InkBottle"},{"floor":24.0,"key":"Pear"},{"floor":26.0,"key":"HornCleat"},{"floor":27.0,"key":"Darkstone Periapt"},{"floor":28.0,"key":"Anchor"},{"floor":31.0,"key":"Pen Nib"},{"floor":40,"key":"Blood Vial"}],"event_choices":[{"cards_removed":["Strike_P"],"damage_healed":0.0,"max_hp_gain":0.0,"max_hp_loss":0.0,"gold_gain":0.0,"event_name":"Purifier","player_choice":"Purged","floor":5.0,"gold_loss":0.0,"damage_taken":0.0},{"damage_healed":0.0,"max_hp_gain":0.0,"max_hp_loss":0.0,"gold_gain":0.0,"event_name":"Vampires","player_choice":"Ignored","floor":29.0,"gold_loss":0.0,"damage_taken":0.0},{"damage_healed":0.0,"max_hp_gain":0.0,"max_hp_loss":0.0,"gold_gain":0.0,"event_name":"Accursed Blacksmith","player_choice":"Forge","floor":37.0,"gold_loss":0.0,"damage_taken":0.0,"cards_upgraded":["MentalFortress"]}],"is_beta":true,"boss_relics":[{"not_picked":["Ectoplasm","Sozu"],"picked":"VioletLotus"},{"not_picked":["SacredBark","Black Star"],"picked":"Astrolabe"}],"items_purged_floors":[4,20],"is_endless":false,"potions_floor_spawned":[1,6,13,16,18,21,25,30,38,39],"killed_by":"Writhing Mass","ascension_level":2}