{"gold_per_floor":[117,128,142,142,317,342,36,59,86,97,62,62],"floor_reached":12,"playtime":1070,"items_purged":["Doubt"],"score":78,"play_id":"f1bc6ea3-10d1-4112-bfd0-2bdccc22bc4a","local_time":"20190920122941","is_ascension_mode":false,"campfire_choices":[],"neow_cost":"NONE","seed_source_timestamp":0,"circlet_count":0,"master_deck":["Strike_B","Strike_B","Strike_B+1","Strike_B","Defend_B","Defend_B","Defend_B","Defend_B","Zap+1","Dualcast","Storm","Capacitor","Double Energy","Conserve Battery"],"special_seed":0,"relics":["Cracked Core","Dream Catcher","Happy Flower","Odd Mushroom","Vajra"],"potions_floor_usage":[12],"damage_taken":[{"damage":1.0,"enemies":"Cultist","floor":1.0,"turns":3.0},{"damage":1.0,"enemies":"Jaw Worm","floor":2.0,"turns":5.0},{"damage":2.0,"enemies":"2 Louse","floor":3.0,"turns":3.0},{"damage":29,"enemies":"3 Sentries","floor":6,"turns":8},{"damage":20,"enemies":"The Mushroom Lair","floor":8,"turns":5},{"damage":8,"enemies":"Exordium Wildlife","floor":10,"turns":4},{"damage":28,"enemies":"Gremlin Nob","floor":12,"turns":3}],"seed_played":"4444547491095120526","potions_obtained":[{"floor":3,"key":"SteroidPotion"},{"floor":6,"key":"FocusPotion"}],"is_trial":false,"path_per_floor":["M","M","M","?","?","E","$","?","T","M","?","E"],"character_chosen":"DEFECT","items_purchased":["Capacitor","Happy Flower"],"campfire_rested":0,"item_purchase_floors":[7,7],"current_hp_per_floor":[81,80,78,62,62,33,33,13,13,5,25,0],"gold":62,"neow_bonus":"TEN_PERCENT_HP_BONUS","is_prod":false,"is_daily":false,"chose_seed":false,"campfire_upgraded":0,"win_rate":0,"timestamp":1568996981,"path_taken":["M","M","M","?","?","E","$","?","T","?","?","E"],"build_version":"2019-07-17","purchased_purges":1,"victory":false,"max_hp_per_floor":[82,82,82,82,82,82,82,82,82,82,82,82],"card_choices":[{"not_picked":["Conserve Battery","Hologram","Redo"],"picked":"SKIP","floor":1.0},{"not_picked":["Rebound","Stack","Beam Cell"],"picked":"SKIP","floor":2.0},{"not_picked":["Blizzard","Leap","Go for the Eyes"],"picked":"SKIP","floor":3},{"not_picked":["Gash","Steam"],"picked":"Storm","floor":6},{"not_picked":["Undo","Hologram"],"picked":"Double Energy","floor":8},{"not_picked":["Steam","Cold Snap"],"picked":"Conserve Battery","floor":10}],"player_experience":32315,"relics_obtained":[{"floor":6,"key":"Dream Catcher"},{"floor":8,"key":"Odd Mushroom"},{"floor":9,"key":"Vajra"}],"event_choices":[{"damage_healed":0,"gold_gain":0,"player_choice":"Entered Light","damage_taken":16,"max_hp_gain":0,"max_hp_loss":0,"event_name":"Shining Light","floor":4,"gold_loss":0,"cards_upgraded":["Strike_B","Zap"]},{"damage_healed":0,"gold_gain":175,"player_choice":"AGREE","damage_taken":0,"max_hp_gain":0,"max_hp_loss":0,"event_name":"Liars Game","floor":5,"gold_loss":0,"cards_obtained":["Doubt"]},{"damage_healed":0,"gold_gain":0,"player_choice":"Fought Mushrooms","damage_taken":0,"max_hp_gain":0,"max_hp_loss":0,"event_name":"Mushrooms","floor":8,"gold_loss":0},{"damage_healed":20,"gold_gain":0,"player_choice":"Healed","damage_taken":0,"max_hp_gain":0,"max_hp_loss":0,"event_name":"The Cleric","floor":11,"gold_loss":35}],"is_beta":false,"boss_relics":[],"items_purged_floors":[7],"is_endless":false,"potions_floor_spawned":[3,6],"killed_by":"Gremlin Nob","ascension_level":0}