{"gold_per_floor":[119,119,139,153,43,43,74,74,74,91,91,103,114,33,33,132,132,150,150,150,3,71,105,105,105,105,105,135,235,253,271,271,368,368,388,388,215,226,226,226,238,265,313,65,100,100,100,118,118,118],"floor_reached":51,"playtime":3519,"items_purged":["Strike_P","Defend_P","Defend_P"],"score":1316,"play_id":"006952d5-c619-4204-a777-704303d798fb","local_time":"20191010205806","is_ascension_mode":true,"campfire_choices":[{"data":"1","floor":8.0,"key":"LIFT"},{"data":"2","floor":11.0,"key":"LIFT"},{"data":"3","floor":15.0,"key":"LIFT"},{"data":"Eruption","floor":25.0,"key":"SMITH"},{"data":"Weave","floor":27.0,"key":"SMITH"},{"floor":32,"key":"REST"},{"floor":40,"key":"REST"},{"data":"Ghostly","floor":47,"key":"SMITH"},{"data":"Ghostly","floor":49,"key":"SMITH"}],"neow_cost":"PERCENT_DAMAGE","seed_source_timestamp":37519266774000,"circlet_count":0,"master_deck":["AscendersBane","Defend_P+1","Eruption+1","Vigilance+1","EmptyFist+1","FollowUp+1","Weave+1","LikeWater","CutThroughFate","LessonLearned","Judgement+1","InnerPeace+1","TalkToTheHand+1","Wireheading+1","Ghostly+1","Ghostly+1","Ghostly","Ghostly+1","Ghostly","Nirvana+1","TalkToTheHand+1","Adaptation+1","JustLucky+1","DevaForm+1","Vengeance","EmptyBody","Dark Shackles+1","Study+1","Crescendo+1"],"special_seed":0,"relics":["PureWater","Girya","Pantograph","Singing Bowl","Akabeko","Astrolabe","DollysMirror","Matryoshka","PreservedInsect","MealTicket","Art of War","Oddly Smooth Stone","GoldenEye","White Beast Statue","Runic Pyramid","Dodecahedron","Kunai","Anchor","InkBottle"],"potions_floor_usage":[33,48,50],"damage_taken":[{"damage":11.0,"enemies":"Cultist","floor":1.0,"turns":5.0},{"damage":0.0,"enemies":"Jaw Worm","floor":3.0,"turns":4.0},{"damage":0.0,"enemies":"2 Louse","floor":4.0,"turns":2.0},{"damage":10.0,"enemies":"Gremlin Nob","floor":7.0,"turns":3.0},{"damage":0.0,"enemies":"Exordium Wildlife","floor":10.0,"turns":3.0},{"damage":0.0,"enemies":"Blue Slaver","floor":12.0,"turns":2.0},{"damage":2.0,"enemies":"Large Slime","floor":13.0,"turns":5.0},{"damage":16.0,"enemies":"Hexaghost","floor":16.0,"turns":9.0},{"damage":4.0,"enemies":"Chosen","floor":18.0,"turns":4.0},{"damage":10.0,"enemies":"Gremlin Leader","floor":23.0,"turns":6.0},{"damage":3.0,"enemies":"Slavers","floor":28.0,"turns":3.0},{"damage":27,"enemies":"Colosseum Slavers","floor":29,"turns":5},{"damage":0,"enemies":"Colosseum Nobs","floor":29,"turns":4},{"damage":0,"enemies":"2 Thieves","floor":30,"turns":4},{"damage":1,"enemies":"Centurion and Healer","floor":31,"turns":5},{"damage":0,"enemies":"Collector","floor":33,"turns":7},{"damage":1,"enemies":"Orb Walker","floor":35,"turns":3},{"damage":30,"enemies":"3 Darklings","floor":38,"turns":5},{"damage":1,"enemies":"Transient","floor":41,"turns":5},{"damage":0,"enemies":"Giant Head","floor":42,"turns":7},{"damage":0,"enemies":"Nemesis","floor":45,"turns":7},{"damage":0,"enemies":"Spire Growth","floor":48,"turns":6},{"damage":1,"enemies":"Donu and Deca","floor":50,"turns":9}],"seed_played":"-1469011767279786680","potions_obtained":[{"floor":3.0,"key":"Explosive Potion"},{"floor":7.0,"key":"Dexterity Potion"},{"floor":10.0,"key":"EssenceOfSteel"},{"floor":12.0,"key":"Weak Potion"},{"floor":18.0,"key":"Strength Potion"},{"floor":29,"key":"SteroidPotion"},{"floor":33,"key":"SpeedPotion"},{"floor":42,"key":"Block Potion"},{"floor":48,"key":"Dexterity Potion"}],"is_trial":false,"path_per_floor":["M","?","M","M","$","T","E","R","T","M","R","M","M","$","R","B",null,"M","?","?","$","T","E","?","R","T","R","E","?","M","M","R","B",null,"M","?","$","M","?","R","M","E","T","$","E","?","R","M","R","B",null],"character_chosen":"WATCHER","items_purchased":["Weave","LessonLearned","DollysMirror","Vengeance","Study","Crescendo"],"campfire_rested":2,"item_purchase_floors":[5,14,21,37,44,44],"current_hp_per_floor":[36,36,36,36,36,36,26,26,26,26,26,28,28,28,28,37,66,64,39,39,39,39,31,31,31,31,31,28,3,3,4,17,42,44,45,45,47,17,17,31,32,34,34,49,51,51,51,53,53,54],"gold":118,"neow_bonus":"ONE_RARE_RELIC","is_prod":false,"is_daily":false,"chose_seed":false,"campfire_upgraded":4,"win_rate":0,"timestamp":1570755486,"path_taken":["M","?","M","M","$","?","E","R","T","M","R","M","?","$","R","BOSS","M","?","?","?","?","E","?","R","T","R","E","?","M","M","R","BOSS","M","?","$","M","?","R","M","E","T","$","E","?","R","?","R","BOSS"],"build_version":"2019-10-10","purchased_purges":3,"victory":true,"max_hp_per_floor":[72,72,72,72,72,72,72,72,72,72,72,74,76,76,76,76,76,78,39,39,39,39,41,41,41,41,41,41,43,43,45,45,45,45,47,47,47,47,47,47,49,51,51,51,53,53,53,55,55,55],"card_choices":[{"not_picked":["SpiritShield","Flick"],"picked":"EmptyFist","floor":1.0},{"not_picked":["Sanctity","MentalFortress"],"picked":"FollowUp","floor":3.0},{"not_picked":["BowlingBash","Collect","FlyingSleeves"],"picked":"SKIP","floor":4.0},{"not_picked":["BowlingBash","Collect","FlyingSleeves"],"picked":"SKIP","floor":4.0},{"not_picked":["JustLucky","LessonLearned"],"picked":"LikeWater","floor":7.0},{"not_picked":["Flick","Consecrate"],"picked":"CutThroughFate","floor":10.0},{"not_picked":["FollowUp","FlyingSleeves","PathToVictory"],"picked":"Singing Bowl","floor":12.0},{"not_picked":["PathToVictory","FollowUp","Protect"],"picked":"Singing Bowl","floor":13.0},{"not_picked":["DeusExMachina","LessonLearned"],"picked":"Judgement","floor":16.0},{"not_picked":["CutThroughFate","Protect","EmptyBody"],"picked":"Singing Bowl","floor":18.0},{"not_picked":["Conclude","JustLucky+1","ForeignInfluence"],"picked":"Singing Bowl","floor":23.0},{"not_picked":["ThirdEye","Wireheading+1"],"picked":"Adaptation","floor":28.0},{"not_picked":["Consecrate","SashWhip","CrushJoints"],"picked":"Singing Bowl","floor":29},{"not_picked":["Fasting2","Meditate"],"picked":"JustLucky+1","floor":30},{"not_picked":["SpiritShield","Halt","SandsOfTime"],"picked":"Singing Bowl","floor":31},{"not_picked":["Establishment","Omniscience"],"picked":"DevaForm","floor":33},{"not_picked":["CutThroughFate","PathToVictory","Meditate"],"picked":"Singing Bowl","floor":35},{"not_picked":["SashWhip","EmptyBody","Vengeance"],"picked":"SKIP","floor":38},{"not_picked":["SashWhip","Vengeance"],"picked":"EmptyBody","floor":38},{"not_picked":["Good Instincts","Mind Blast"],"picked":"Dark Shackles","floor":39},{"not_picked":["Prostrate","JustLucky","ForeignInfluence"],"picked":"Singing Bowl","floor":41},{"not_picked":["Halt","ClearTheMind","MentalFortress"],"picked":"Singing Bowl","floor":42},{"not_picked":["MasterReality","Wireheading","Flick"],"picked":"Singing Bowl","floor":45},{"not_picked":["CrushJoints","BowlingBash+1","ForeignInfluence"],"picked":"Singing Bowl","floor":48}],"player_experience":1281131,"relics_obtained":[{"floor":6.0,"key":"Pantograph"},{"floor":7.0,"key":"Singing Bowl"},{"floor":9.0,"key":"Akabeko"},{"floor":22.0,"key":"Matryoshka"},{"floor":23.0,"key":"PreservedInsect"},{"floor":26.0,"key":"MealTicket"},{"floor":26.0,"key":"Art of War"},{"floor":28.0,"key":"Oddly Smooth Stone"},{"floor":29,"key":"GoldenEye"},{"floor":29,"key":"White Beast Statue"},{"floor":42,"key":"Dodecahedron"},{"floor":43,"key":"Kunai"},{"floor":43,"key":"Anchor"},{"floor":45,"key":"InkBottle"}],"event_choices":[{"cards_removed":["Strike_P"],"damage_healed":0.0,"max_hp_gain":0.0,"max_hp_loss":0.0,"gold_gain":0.0,"event_name":"Bonfire Elementals","player_choice":"Offered Basic","floor":2.0,"gold_loss":0.0,"damage_taken":0.0},{"damage_healed":0.0,"max_hp_gain":0.0,"max_hp_loss":39.0,"gold_gain":0.0,"event_name":"Ghosts","player_choice":"Became a Ghost","floor":19.0,"gold_loss":0.0,"damage_taken":0.0,"cards_obtained":["Ghostly","Ghostly","Ghostly","Ghostly","Ghostly"]},{"damage_healed":0.0,"max_hp_gain":0.0,"max_hp_loss":0.0,"gold_gain":0.0,"event_name":"The Library","player_choice":"Read","floor":20.0,"gold_loss":0.0,"damage_taken":0.0,"cards_obtained":["Nirvana"]},{"damage_healed":0.0,"max_hp_gain":0.0,"max_hp_loss":0.0,"gold_gain":0.0,"event_name":"Cursed Tome","player_choice":"Ignored","floor":24.0,"gold_loss":0.0,"damage_taken":0.0},{"damage_healed":0,"gold_gain":0,"player_choice":"Fight","damage_taken":0,"max_hp_gain":0,"max_hp_loss":0,"event_name":"Colosseum","floor":29,"gold_loss":0},{"damage_healed":0,"gold_gain":0,"player_choice":"Fought Nobs","damage_taken":0,"max_hp_gain":0,"max_hp_loss":0,"event_name":"Colosseum","floor":29,"gold_loss":0},{"damage_healed":0,"gold_gain":0,"player_choice":"Ignored","damage_taken":0,"max_hp_gain":0,"max_hp_loss":0,"event_name":"Tomb of Lord Red Mask","floor":36,"gold_loss":0},{"damage_healed":0,"gold_gain":0,"player_choice":"Memory 1","damage_taken":0,"max_hp_gain":0,"max_hp_loss":0,"event_name":"SensoryStone","floor":39,"gold_loss":0},{"damage_healed":0,"gold_gain":0,"player_choice":"Bought 0 Potions","damage_taken":0,"max_hp_gain":0,"max_hp_loss":0,"event_name":"The Woman in Blue","floor":46,"gold_loss":0}],"is_beta":true,"boss_relics":[{"not_picked":["Pandora\u0027s Box","Velvet Choker"],"picked":"Astrolabe"},{"not_picked":["Runic Dome","Empty Cage"],"picked":"Runic Pyramid"}],"items_purged_floors":[5,37,44],"is_endless":false,"potions_floor_spawned":[3,7,10,12,13,18,29,30,31,33,35,38,41,42,45,48],"ascension_level":12}