{"gold_per_floor":[112,187,187,206,206,234,234,265,290,46,60,74,74,105,105,205,205,215,314,314,314,325,325,5,37,82,95,20,46,46,46,46,151,151,165,184,47,58,158,158,184,184,229,259,278,311,0,16,16,16],"floor_reached":51,"playtime":3014,"items_purged":["Strike_P","Strike_P+1"],"score":1389,"play_id":"a670cde9-6dd7-4146-b587-f0e87d73906a","local_time":"20191010182105","is_ascension_mode":true,"campfire_choices":[{"data":"Eruption","floor":7.0,"key":"SMITH"},{"floor":13.0,"key":"REST"},{"data":"Study","floor":15.0,"key":"SMITH"},{"data":"Ragnarok","floor":23.0,"key":"SMITH"},{"data":"FlurryOfBlows","floor":30.0,"key":"SMITH"},{"floor":32.0,"key":"REST"},{"floor":40,"key":"REST"},{"floor":42,"key":"RECALL"},{"floor":49,"key":"REST"}],"neow_cost":"NONE","seed_source_timestamp":0,"circlet_count":0,"master_deck":["AscendersBane","Strike_P+1","Defend_P+1","Defend_P+1","Defend_P","Eruption+1","Vigilance+1","EmptyBody+1","CutThroughFate+1","CutThroughFate+1","ClearTheMind+1","Impatience+1","Study+1","LessonLearned","Ragnarok+1","Brilliance","DevaForm+1","Adaptation+1","FlurryOfBlows+1","Nirvana","ConjureBlade+1","EmptyBody+1","Crescendo+1","EmptyMind","Weave+1","Wallop+1","Fasting2","WheelKick+1"],"special_seed":0,"relics":["PureWater","NeowsBlessing","PreservedInsect","Letter Opener","Pen Nib","Centennial Puzzle","Bottled Lightning","Sozu","Kunai","Happy Flower","Blood Vial","Bronze Scales","Fusion Hammer","CaptainsWheel","Bottled Tornado","Potion Belt","Ancient Tea Set","StrikeDummy","Red Mask"],"potions_floor_usage":[],"damage_taken":[{"damage":0.0,"enemies":"Small Slimes","floor":1.0,"turns":1.0},{"damage":0.0,"enemies":"2 Louse","floor":4.0,"turns":2.0},{"damage":0.0,"enemies":"Lagavulin","floor":6.0,"turns":1.0},{"damage":12.0,"enemies":"3 Sentries","floor":8.0,"turns":8.0},{"damage":0.0,"enemies":"Jaw Worm","floor":11.0,"turns":3.0},{"damage":6.0,"enemies":"Large Slime","floor":12.0,"turns":5.0},{"damage":0.0,"enemies":"Gremlin Nob","floor":14.0,"turns":2.0},{"damage":21.0,"enemies":"Slime Boss","floor":16.0,"turns":7.0},{"damage":8.0,"enemies":"Shell Parasite","floor":18.0,"turns":3.0},{"damage":10.0,"enemies":"3 Byrds","floor":22.0,"turns":3.0},{"damage":21.0,"enemies":"Slavers","floor":25.0,"turns":4.0},{"damage":0.0,"enemies":"Cultist and Chosen","floor":27.0,"turns":4.0},{"damage":0.0,"enemies":"Book of Stabbing","floor":29.0,"turns":2.0},{"damage":24.0,"enemies":"Automaton","floor":33.0,"turns":6.0},{"damage":2.0,"enemies":"3 Shapes","floor":35.0,"turns":4.0},{"damage":21,"enemies":"3 Darklings","floor":36,"turns":5},{"damage":8,"enemies":"4 Shapes","floor":38,"turns":8},{"damage":0,"enemies":"Mind Bloom Boss Battle","floor":39,"turns":4},{"damage":0,"enemies":"Reptomancer","floor":41,"turns":5},{"damage":14,"enemies":"Nemesis","floor":44,"turns":3},{"damage":10,"enemies":"Sphere and 2 Shapes","floor":45,"turns":4},{"damage":0,"enemies":"Giant Head","floor":46,"turns":5},{"damage":0,"enemies":"Transient","floor":48,"turns":5},{"damage":23,"enemies":"Awakened One","floor":50,"turns":7}],"seed_played":"3778478178523975005","potions_obtained":[{"floor":4.0,"key":"SteroidPotion"},{"floor":6.0,"key":"Dexterity Potion"},{"floor":16.0,"key":"Swift Potion"}],"is_trial":false,"path_per_floor":["M","?","?","M","?","E","R","E","T","$","M","M","R","E","R","B",null,"M","?","?","?","M","R","$","E","T","M","$","E","R","$","R","B",null,"M","M","$","M","?","R","E","R","T","E","M","E","?","M","R","B",null],"character_chosen":"WATCHER","items_purchased":["Impatience","Study","Adaptation","Kunai","Nirvana","EmptyMind"],"campfire_rested":4,"item_purchase_floors":[10,10,24,24,28,37],"current_hp_per_floor":[65,54,40,40,28,28,28,16,16,16,16,10,31,31,31,10,57,49,49,49,49,39,39,39,18,18,23,23,25,25,25,46,24,60,72,54,54,60,62,72,72,72,72,58,56,64,64,72,72,49],"gold":16,"neow_bonus":"THREE_ENEMY_KILL","is_prod":false,"is_daily":false,"chose_seed":false,"campfire_upgraded":4,"win_rate":0,"timestamp":1570746065,"path_taken":["M","?","?","M","?","E","R","E","T","$","M","?","R","E","R","BOSS","M","?","?","?","?","R","$","E","T","M","$","E","R","?","R","BOSS","M","M","$","M","?","R","E","R","T","E","M","E","?","M","R","BOSS"],"build_version":"2019-10-10","purchased_purges":2,"victory":true,"max_hp_per_floor":[72,72,72,72,72,72,72,72,72,72,72,72,72,72,72,72,72,72,72,72,72,72,72,72,72,72,72,72,72,72,72,72,72,72,72,72,72,72,72,72,72,72,72,72,72,72,72,72,72,72],"card_choices":[{"not_picked":["FollowUp","BattleHymn"],"picked":"EmptyBody","floor":1.0},{"not_picked":["BowlingBash","SashWhip"],"picked":"CutThroughFate","floor":4.0},{"not_picked":["Prostrate","EmptyBody"],"picked":"CutThroughFate","floor":6.0},{"not_picked":["Flick","SashWhip"],"picked":"ClearTheMind","floor":8.0},{"not_picked":["CutThroughFate","BattleHymn","Halt"],"picked":"SKIP","floor":11.0},{"not_picked":["Prostrate","PathToVictory","SpiritShield"],"picked":"SKIP","floor":12.0},{"not_picked":["SignatureMove","Alpha"],"picked":"LessonLearned","floor":14.0},{"not_picked":["Blasphemy","Omniscience"],"picked":"Ragnarok","floor":16.0},{"not_picked":["CrushJoints","ClearTheMind","Conclude"],"picked":"SKIP","floor":18.0},{"not_picked":["CutThroughFate","Halt","DeceiveReality+1"],"picked":"SKIP","floor":22.0},{"not_picked":["SandsOfTime","WreathOfFlame","Perseverance+1"],"picked":"SKIP","floor":25.0},{"not_picked":["DeceiveReality","Halt"],"picked":"FlurryOfBlows","floor":27.0},{"not_picked":["FollowUp","CarveReality","SashWhip"],"picked":"SKIP","floor":29.0},{"not_picked":["DevaForm","Alpha"],"picked":"ConjureBlade","floor":33.0},{"not_picked":["Protect+1","FlyingSleeves"],"picked":"EmptyBody+1","floor":35.0},{"not_picked":["FlurryOfBlows","FlyingSleeves+1"],"picked":"Crescendo","floor":36},{"not_picked":["Pray","EmptyBody","Perseverance+1"],"picked":"SKIP","floor":38},{"not_picked":["Adaptation+1","Tantrum"],"picked":"Weave","floor":39},{"not_picked":["FlyingSleeves+1","Meditate"],"picked":"Wallop+1","floor":41},{"not_picked":["FollowUp+1","BattleHymn+1"],"picked":"Fasting2","floor":44},{"not_picked":["MasterReality","EmptyBody+1","EmptyFist+1"],"picked":"SKIP","floor":45},{"not_picked":["Vengeance","WindmillStrike+1"],"picked":"WheelKick+1","floor":46},{"not_picked":["FlurryOfBlows","BattleHymn+1","FlyingSleeves+1"],"picked":"SKIP","floor":48}],"player_experience":1278117,"relics_obtained":[{"floor":6.0,"key":"Letter Opener"},{"floor":8.0,"key":"Pen Nib"},{"floor":9.0,"key":"Centennial Puzzle"},{"floor":14.0,"key":"Bottled Lightning"},{"floor":25.0,"key":"Happy Flower"},{"floor":26.0,"key":"Blood Vial"},{"floor":29.0,"key":"Bronze Scales"},{"floor":39,"key":"CaptainsWheel"},{"floor":41,"key":"Bottled Tornado"},{"floor":43,"key":"Potion Belt"},{"floor":44,"key":"Ancient Tea Set"},{"floor":46,"key":"StrikeDummy"}],"event_choices":[{"damage_healed":0.0,"max_hp_gain":0.0,"max_hp_loss":0.0,"gold_gain":75.0,"event_name":"World of Goop","player_choice":"Gather Gold","floor":2.0,"gold_loss":0.0,"damage_taken":11.0},{"damage_healed":0.0,"max_hp_gain":0.0,"max_hp_loss":0.0,"gold_gain":0.0,"event_name":"Shining Light","player_choice":"Entered Light","floor":3.0,"gold_loss":0.0,"damage_taken":14.0,"cards_upgraded":["Defend_P","Strike_P"]},{"damage_healed":0.0,"max_hp_gain":0.0,"max_hp_loss":0.0,"gold_gain":0.0,"event_name":"Scrap Ooze","player_choice":"Success","floor":5.0,"gold_loss":0.0,"damage_taken":12.0,"relics_obtained":["PreservedInsect"]},{"damage_healed":0.0,"max_hp_gain":0.0,"max_hp_loss":0.0,"gold_gain":99.0,"event_name":"Nest","player_choice":"Stole From Cult","floor":19.0,"gold_loss":0.0,"damage_taken":0.0},{"damage_healed":0.0,"max_hp_gain":0.0,"max_hp_loss":0.0,"gold_gain":0.0,"cards_transformed":["Strike_P","Defend_P"],"event_name":"Drug Dealer","player_choice":"Became Test Subject","floor":20.0,"gold_loss":0.0,"damage_taken":0.0,"cards_obtained":["Brilliance","DevaForm"]},{"damage_healed":0.0,"max_hp_gain":0.0,"max_hp_loss":0.0,"gold_gain":0.0,"event_name":"N\u0027loth","player_choice":"Ignored","floor":21.0,"gold_loss":0.0,"damage_taken":0.0},{"damage_healed":0,"gold_gain":0,"player_choice":"Fight","damage_taken":0,"max_hp_gain":0,"max_hp_loss":0,"event_name":"MindBloom","floor":39,"gold_loss":0},{"damage_healed":0,"gold_gain":0,"player_choice":"Paid","damage_taken":0,"relics_obtained":["Red Mask"],"max_hp_gain":0,"max_hp_loss":0,"event_name":"Tomb of Lord Red Mask","floor":47,"gold_loss":311}],"is_beta":true,"boss_relics":[{"not_picked":["Cursed Key","HolyWater"],"picked":"Sozu"},{"not_picked":["SlaversCollar","Calling Bell"],"picked":"Fusion Hammer"}],"items_purged_floors":[10,37],"is_endless":false,"potions_floor_spawned":[4,6,11,16,22,25,38,39,44,46],"ascension_level":11}