{"gold_per_floor":[118,43,318,333,60,60,86,86,86,86,86],"floor_reached":11,"playtime":275,"items_purged":["Strike_R","Regret"],"score":135,"play_id":"f6088a1e-6363-49da-b6c2-6a7aceae4bfb","local_time":"20190902203314","is_ascension_mode":true,"campfire_choices":[{"data":"Bash","floor":6.0,"key":"SMITH"},{"data":"Clothesline","floor":8.0,"key":"SMITH"}],"neow_cost":"NONE","seed_source_timestamp":2059280787000,"circlet_count":0,"master_deck":["AscendersBane","Strike_R","Strike_R","Strike_R","Strike_R","Defend_R","Defend_R","Defend_R","Defend_R","Bash+1","Cleave","Clothesline+1","Double Tap"],"special_seed":0,"relics":["Burning Blood","Bag of Preparation","Vajra","Mercury Hourglass","Blue Candle","Golden Idol"],"potions_floor_usage":[],"damage_taken":[{"damage":23.0,"enemies":"Jaw Worm","floor":1.0,"turns":6.0},{"damage":8.0,"enemies":"Cultist","floor":4.0,"turns":4.0},{"damage":38.0,"enemies":"Lagavulin","floor":7.0,"turns":8.0},{"damage":36,"enemies":"Gremlin Nob","floor":11,"turns":3}],"seed_played":"-2669469414795149062","potions_obtained":[{"floor":1.0,"key":"PowerPotion"}],"is_trial":false,"path_per_floor":["M","$","?","M","$","R","E","R","T","?","E"],"character_chosen":"IRONCLAD","items_purchased":["Vajra"],"campfire_rested":0,"item_purchase_floors":[5],"current_hp_per_floor":[51,51,51,49,49,49,17,17,17,17,0],"gold":86,"neow_bonus":"RANDOM_COMMON_RELIC","is_prod":false,"is_daily":false,"chose_seed":false,"campfire_upgraded":2,"win_rate":0,"timestamp":1567470794,"path_taken":["M","$","?","?","$","R","E","R","T","?","E"],"build_version":"2019-07-17","purchased_purges":2,"victory":false,"max_hp_per_floor":[75,75,75,75,75,75,75,75,75,68,68],"card_choices":[{"not_picked":["Bloodletting","Heavy Blade"],"picked":"Cleave","floor":1.0},{"not_picked":["Combust","Shrug It Off"],"picked":"Clothesline","floor":4.0},{"not_picked":["Cleave","Searing Blow"],"picked":"Double Tap","floor":7.0}],"player_experience":944368,"relics_obtained":[{"floor":7.0,"key":"Mercury Hourglass"},{"floor":9.0,"key":"Blue Candle"}],"event_choices":[{"damage_healed":0.0,"max_hp_gain":0.0,"max_hp_loss":0.0,"gold_gain":275.0,"event_name":"Golden Shrine","player_choice":"Desecrate","floor":3.0,"gold_loss":0.0,"damage_taken":0.0,"cards_obtained":["Regret"]},{"damage_healed":0.0,"max_hp_gain":0.0,"max_hp_loss":7.0,"gold_gain":0.0,"event_name":"Golden Idol","player_choice":"Lose Max HP","floor":10.0,"gold_loss":0.0,"damage_taken":0.0,"relics_obtained":["Golden Idol"]}],"is_beta":false,"boss_relics":[],"items_purged_floors":[2,5],"is_endless":false,"potions_floor_spawned":[1],"killed_by":"Gremlin Nob","ascension_level":19}