{"gold_per_floor":[111,121,49,49,66,99,109,109,159,159,173,187,205,222,222,325,325,335,349,50,70,87,87,104,104,173,185,3,28,28,38,38,138,138,156,166,166,180,199,199],"floor_reached":40,"playtime":2002,"items_purged":["Strike_R","Strike_R"],"score":439,"play_id":"87c2e170-9c1b-49f8-8fb1-f42c5b56b9b3","local_time":"20190922120412","is_ascension_mode":true,"campfire_choices":[{"data":"Combust","floor":8,"key":"SMITH"},{"data":"Demon Form","floor":10,"key":"SMITH"},{"data":"Metallicize","floor":15,"key":"SMITH"},{"data":"Barricade","floor":23,"key":"SMITH"},{"floor":25,"key":"REST"},{"floor":32,"key":"REST"}],"neow_cost":"TEN_PERCENT_HP_LOSS","seed_source_timestamp":2390139422700,"circlet_count":0,"master_deck":["Strike_R+1","Strike_R","Defend_R","Defend_R","Bash","Demon Form+1","Twin Strike","Shrug It Off","Combust+1","Headbutt","Heavy Blade","Hemokinesis+1","Metallicize+1","Heavy Blade","Power Through","Barricade+1","Warcry","Anger","Juggernaut","Shockwave+1","Clothesline","Shrug It Off","Whirlwind","Rupture+1","Blood for Blood+1","Fiend Fire","Ghostly Armor+1","Rage","True Grit+1"],"relics":["Burning Blood","Mercury Hourglass","Orichalcum","Mark of Pain","Pear","Whetstone","Velvet Choker"],"potions_floor_usage":[14,16,19,27,29,31,33,40],"damage_taken":[{"damage":1,"enemies":"Cultist","floor":1,"turns":3},{"damage":6,"enemies":"Jaw Worm","floor":2,"turns":3},{"damage":2,"enemies":"Small Slimes","floor":5,"turns":4},{"damage":19,"enemies":"Lagavulin","floor":6,"turns":6},{"damage":7,"enemies":"Looter","floor":7,"turns":3},{"damage":0,"enemies":"Blue Slaver","floor":11,"turns":4},{"damage":5,"enemies":"Gremlin Gang","floor":12,"turns":4},{"damage":2,"enemies":"Large Slime","floor":13,"turns":3},{"damage":1,"enemies":"2 Fungi Beasts","floor":14,"turns":4},{"damage":24,"enemies":"The Guardian","floor":16,"turns":8},{"damage":13,"enemies":"2 Thieves","floor":18,"turns":3},{"damage":4,"enemies":"3 Byrds","floor":19,"turns":2},{"damage":19,"enemies":"3 Cultists","floor":21,"turns":5},{"damage":6,"enemies":"Centurion and Healer","floor":22,"turns":7},{"damage":32,"enemies":"Shelled Parasite and Fungi","floor":24,"turns":6},{"damage":11,"enemies":"Cultist and Chosen","floor":27,"turns":6},{"damage":41,"enemies":"Book of Stabbing","floor":29,"turns":7},{"damage":5,"enemies":"Snecko","floor":31,"turns":5},{"damage":68,"enemies":"Collector","floor":33,"turns":9},{"damage":7,"enemies":"3 Darklings","floor":35,"turns":4},{"damage":0,"enemies":"3 Shapes","floor":36,"turns":5},{"damage":8,"enemies":"Maw","floor":38,"turns":6},{"damage":50,"enemies":"Transient","floor":39,"turns":5},{"damage":40,"enemies":"Reptomancer","floor":40,"turns":4}],"seed_played":"-2351621432789865823","potions_obtained":[{"floor":2,"key":"Ancient Potion"},{"floor":6,"key":"LiquidBronze"},{"floor":11,"key":"PowerPotion"},{"floor":14,"key":"Explosive Potion"},{"floor":16,"key":"Poison Potion"},{"floor":21,"key":"Strength Potion"},{"floor":27,"key":"EntropicBrew"},{"floor":30,"key":"Regen Potion"},{"floor":30,"key":"SpeedPotion"},{"floor":35,"key":"LiquidBronze"},{"floor":39,"key":"SpeedPotion"}],"is_trial":false,"path_per_floor":["M","M","$","?","M","E","M","R","T","R","M","M","M","M","R","B",null,"M","M","$","M","M","R","M","R","T","M","$","E","?","M","R","B",null,"M","M","?","M","M","E"],"character_chosen":"IRONCLAD","items_purchased":["Combust","Juggernaut","Regen Potion","Whirlwind"],"campfire_rested":2,"item_purchase_floors":[3,20,20,28],"current_hp_per_floor":[72,72,72,72,72,59,58,58,58,58,64,65,69,72,72,54,72,65,67,67,54,54,54,28,49,59,68,68,33,33,48,72,10,82,81,82,82,80,36,0],"gold":199,"neow_bonus":"TRANSFORM_TWO_CARDS","is_prod":false,"is_daily":false,"chose_seed":false,"campfire_upgraded":4,"win_rate":0,"timestamp":1569168252,"path_taken":["M","M","$","?","M","E","M","R","T","R","M","?","M","M","R","BOSS","M","M","$","M","M","R","M","R","T","M","$","E","?","M","R","BOSS","M","?","?","M","M","E"],"build_version":"2019-07-17","purchased_purges":2,"victory":false,"max_hp_per_floor":[72,72,72,72,72,72,72,72,72,72,72,72,72,72,72,72,72,72,72,72,72,72,72,72,72,82,82,82,82,82,82,82,82,82,82,82,82,82,82,82],"card_choices":[{"not_picked":["Anger","Corruption"],"picked":"Twin Strike","floor":1},{"not_picked":["Perfected Strike","Ghostly Armor"],"picked":"Shrug It Off","floor":2},{"not_picked":["Fire Breathing","Carnage"],"picked":"Headbutt","floor":5},{"not_picked":["Intimidate","Cleave"],"picked":"Heavy Blade","floor":6},{"not_picked":["Anger","Demon Form"],"picked":"Hemokinesis","floor":7},{"not_picked":["Shockwave","Reckless Charge"],"picked":"Metallicize","floor":11},{"not_picked":["Clash","Second Wind","Havoc"],"picked":"SKIP","floor":12},{"not_picked":["Havoc","Iron Wave"],"picked":"Heavy Blade","floor":13},{"not_picked":["Bloodletting","Uppercut"],"picked":"Power Through","floor":14},{"not_picked":["Reaper","Bludgeon"],"picked":"Barricade","floor":16},{"not_picked":["Armaments","Feel No Pain+1"],"picked":"Warcry","floor":18},{"not_picked":["Blood for Blood","Headbutt"],"picked":"Anger","floor":19},{"not_picked":["Headbutt","Wild Strike"],"picked":"Shockwave+1","floor":21},{"not_picked":["Fire Breathing","Thunderclap"],"picked":"Clothesline","floor":22},{"not_picked":["Anger","Rage"],"picked":"Shrug It Off","floor":24},{"not_picked":["Bloodletting","Thunderclap","Havoc"],"picked":"SKIP","floor":27},{"not_picked":["Fiend Fire","Headbutt+1"],"picked":"Rupture+1","floor":29},{"not_picked":["True Grit","Perfected Strike+1"],"picked":"Blood for Blood+1","floor":31},{"not_picked":["Juggernaut","Brutality"],"picked":"Fiend Fire","floor":33},{"not_picked":["Clash+1","Corruption+1"],"picked":"Ghostly Armor+1","floor":35},{"not_picked":["Warcry+1","Clothesline+1","Whirlwind+1"],"picked":"SKIP","floor":36},{"not_picked":["Perfected Strike","Twin Strike+1"],"picked":"Rage","floor":38},{"not_picked":["Pummel+1","Anger+1"],"picked":"True Grit+1","floor":39}],"player_experience":84539,"relics_obtained":[{"floor":6,"key":"Mercury Hourglass"},{"floor":9,"key":"Orichalcum"},{"floor":26,"key":"Pear"},{"floor":29,"key":"Whetstone"}],"event_choices":[{"cards_removed":["Evolve"],"damage_healed":0,"gold_gain":0,"player_choice":"Offered Uncommon","damage_taken":0,"max_hp_gain":0,"max_hp_loss":0,"event_name":"Bonfire Elementals","floor":4,"gold_loss":0},{"damage_healed":0,"gold_gain":0,"player_choice":"Got Potions","damage_taken":0,"max_hp_gain":0,"max_hp_loss":0,"event_name":"Lab","floor":30,"gold_loss":0},{"cards_removed":["Defend_R"],"damage_healed":0,"gold_gain":0,"player_choice":"Purged","damage_taken":0,"max_hp_gain":0,"max_hp_loss":0,"event_name":"Purifier","floor":37,"gold_loss":0}],"is_beta":false,"boss_relics":[{"not_picked":["Astrolabe","White Beast Statue"],"picked":"Mark of Pain"},{"not_picked":["Sozu","Tiny House"],"picked":"Velvet Choker"}],"items_purged_floors":[20,28],"is_endless":false,"potions_floor_spawned":[2,6,11,14,16,18,21,24,27,35,39],"killed_by":"Reptomancer","ascension_level":1}