{"gold_per_floor":[117,40,59,134,134,134,165,177,257,257,273,298,312,340,340,417,417,431,61,61,50,50,50,65,65,65,65],"floor_reached":27,"playtime":914,"items_purged":[],"score":422,"play_id":"e0e1f920-4872-4ceb-8dde-2c2297d2659a","local_time":"20190806235436","is_ascension_mode":true,"campfire_choices":[{"data":"Zap","floor":6,"key":"SMITH"},{"data":"Go for the Eyes","floor":10,"key":"SMITH"},{"data":"Defragment","floor":15,"key":"SMITH"},{"data":"Defragment","floor":23,"key":"SMITH"},{"data":"Coolheaded","floor":25,"key":"SMITH"}],"neow_cost":"NONE","seed_source_timestamp":172591003464900,"circlet_count":0,"master_deck":["AscendersBane","Strike_B","Strike_B","Strike_B","Strike_B","Defend_B","Defend_B","Defend_B","Defend_B","Zap+1","Dualcast","Coolheaded+1","Cold Snap","Steam","Go for the Eyes+1","Ball Lightning","Leap","Defragment+1","Capacitor","Self Repair","Echo Form","Reinforced Body+1","Doom and Gloom","Defragment+1","Conserve Battery"],"relics":["Cracked Core","NeowsBlessing","Juzu Bracelet","Question Card","DataDisk","WingedGreaves","Inserter","Bird Faced Urn","CultistMask","Calipers"],"potions_floor_usage":[12,16,21,27],"damage_taken":[{"damage":0,"enemies":"Small Slimes","floor":1,"turns":1},{"damage":0,"enemies":"Jaw Worm","floor":3,"turns":1},{"damage":0,"enemies":"Lagavulin","floor":7,"turns":1},{"damage":0,"enemies":"2 Louse","floor":8,"turns":2},{"damage":0,"enemies":"Blue Slaver","floor":11,"turns":4},{"damage":11,"enemies":"3 Sentries","floor":12,"turns":8},{"damage":11,"enemies":"Lots of Slimes","floor":13,"turns":4},{"damage":13,"enemies":"Lagavulin","floor":14,"turns":7},{"damage":6,"enemies":"Hexaghost","floor":16,"turns":10},{"damage":23,"enemies":"Spheric Guardian","floor":18,"turns":6},{"damage":25,"enemies":"2 Thieves","floor":21,"turns":4},{"damage":4,"enemies":"Centurion and Healer","floor":24,"turns":7},{"damage":64,"enemies":"Slavers","floor":27,"turns":4}],"seed_played":"-7974692234380848204","potions_obtained":[{"floor":11,"key":"Strength Potion"},{"floor":13,"key":"Strength Potion"},{"floor":14,"key":"Weak Potion"},{"floor":24,"key":"Poison Potion"}],"is_trial":false,"path_per_floor":["M","$","M","?","?","R","E","M","T","R","M","E","M","E","R","B",null,"M","$","?","M","?","R","M","R","T","E"],"character_chosen":"DEFECT","items_purchased":["Cold Snap","Steam","Bird Faced Urn","Doom and Gloom"],"campfire_rested":0,"item_purchase_floors":[2,2,19,19],"current_hp_per_floor":[68,68,68,57,62,62,62,62,62,62,62,51,40,27,27,28,67,58,58,58,37,37,37,46,46,46,0],"gold":65,"neow_bonus":"THREE_ENEMY_KILL","is_prod":false,"is_daily":false,"chose_seed":false,"campfire_upgraded":5,"win_rate":0,"timestamp":1565150076,"path_taken":["M","$","M","?","?","R","E","M","T","R","M","E","M","E","R","BOSS","M","$","?","M","?","R","M","R","T","E"],"build_version":"2019-07-17","purchased_purges":0,"victory":false,"max_hp_per_floor":[75,75,75,75,80,80,80,80,80,80,80,80,80,80,80,80,80,80,80,80,80,80,80,80,80,80,80],"card_choices":[{"not_picked":["Gash","Aggregate"],"picked":"Coolheaded","floor":1},{"not_picked":["Gash","Stack"],"picked":"Go for the Eyes","floor":3},{"not_picked":["Tempest","Rebound"],"picked":"Ball Lightning","floor":7},{"not_picked":["Go for the Eyes","Cold Snap","Hyperbeam"],"picked":"SKIP","floor":8},{"not_picked":["Sweeping Beam","Compile Driver","Rebound"],"picked":"Leap","floor":11},{"not_picked":["Buffer","Loop","Sweeping Beam"],"picked":"Defragment","floor":12},{"not_picked":["Steam","Leap","Skim"],"picked":"Capacitor","floor":13},{"not_picked":["Heatsinks","Thunder Strike","Go for the Eyes"],"picked":"Self Repair","floor":14},{"not_picked":["Thunder Strike","Reboot","Meteor Strike"],"picked":"Echo Form","floor":16},{"not_picked":["Beam Cell","Static Discharge","Stack+1"],"picked":"Reinforced Body+1","floor":18},{"not_picked":["Auto Shields","Barrage","White Noise"],"picked":"Defragment","floor":21},{"not_picked":["Barrage","Turbo","Hologram"],"picked":"Conserve Battery","floor":24}],"player_experience":663473,"relics_obtained":[{"floor":7,"key":"Juzu Bracelet"},{"floor":9,"key":"Question Card"},{"floor":12,"key":"DataDisk"},{"floor":14,"key":"WingedGreaves"},{"floor":26,"key":"Calipers"}],"event_choices":[{"damage_healed":0,"gold_gain":75,"player_choice":"Gather Gold","damage_taken":11,"max_hp_gain":0,"max_hp_loss":0,"event_name":"World of Goop","floor":4,"gold_loss":0},{"damage_healed":0,"gold_gain":0,"player_choice":"Donut","damage_taken":0,"max_hp_gain":5,"max_hp_loss":0,"event_name":"Big Fish","floor":5,"gold_loss":0},{"damage_healed":0,"gold_gain":0,"player_choice":"Ignored","damage_taken":0,"max_hp_gain":0,"max_hp_loss":0,"event_name":"The Mausoleum","floor":20,"gold_loss":0},{"damage_healed":0,"gold_gain":0,"player_choice":"Trade","damage_taken":0,"relics_obtained":["CultistMask"],"max_hp_gain":0,"max_hp_loss":0,"event_name":"FaceTrader","floor":22,"gold_loss":0}],"is_beta":false,"boss_relics":[{"not_picked":["Runic Dome","Orrery"],"picked":"Inserter"}],"items_purged_floors":[],"is_endless":false,"potions_floor_spawned":[11,13,14,24],"killed_by":"Slavers","ascension_level":13}