{"gold_per_floor":[213,233,233,77,96,96,126,38,84,116,203,230,242,269,281,369,381,410,56,72,72],"floor_reached":21,"playtime":674,"items_purged":["Strike_R","Strike_R"],"score":378,"play_id":"97d85f04-26cb-4382-87d7-d175aa6b6314","local_time":"20191005204912","is_ascension_mode":true,"campfire_choices":[{"data":"Bash","floor":6.0,"key":"SMITH"},{"data":"Whirlwind","floor":15.0,"key":"SMITH"}],"neow_cost":"NONE","seed_source_timestamp":31177430972200,"circlet_count":0,"master_deck":["AscendersBane","Strike_R","Strike_R","Defend_R","Defend_R","Defend_R","Defend_R","Bash+1","Flame Barrier","Shockwave","Fire Breathing","Inflame","Headbutt","Evolve","Fiend Fire","Whirlwind+1","Spot Weakness","Feed","Pommel Strike+1","Panache","Corruption","Feel No Pain"],"special_seed":0,"relics":["Burning Blood","Dream Catcher","Self Forming Clay","Toy Ornithopter","MawBank","Sozu"],"potions_floor_usage":[],"damage_taken":[{"damage":2.0,"enemies":"2 Louse","floor":1.0,"turns":3.0},{"damage":7.0,"enemies":"Small Slimes","floor":2.0,"turns":4.0},{"damage":9.0,"enemies":"Cultist","floor":5.0,"turns":5.0},{"damage":15.0,"enemies":"3 Sentries","floor":7.0,"turns":5.0},{"damage":6.0,"enemies":"Gremlin Nob","floor":10.0,"turns":3.0},{"damage":7.0,"enemies":"Blue Slaver","floor":12.0,"turns":4.0},{"damage":0.0,"enemies":"3 Louse","floor":14.0,"turns":2.0},{"damage":23.0,"enemies":"Slime Boss","floor":16.0,"turns":6.0},{"damage":28.0,"enemies":"Shell Parasite","floor":18.0,"turns":6.0},{"damage":18,"enemies":"2 Thieves","floor":20,"turns":5},{"damage":36,"enemies":"Sentry and Sphere","floor":21,"turns":5}],"seed_played":"6143238325136191966","potions_obtained":[{"floor":2.0,"key":"SteroidPotion"},{"floor":7.0,"key":"DuplicationPotion"},{"floor":10.0,"key":"SkillPotion"},{"floor":12.0,"key":"Weak Potion"}],"is_trial":false,"path_per_floor":["M","M","?","$","M","R","E","$","T","E","?","M","?","M","R","B",null,"M","$","M","M"],"character_chosen":"IRONCLAD","items_purchased":["Fire Breathing","Evolve","Panache","Corruption"],"campfire_rested":0,"item_purchase_floors":[4,8,19,19],"current_hp_per_floor":[72,71,45,45,42,42,33,33,33,43,32,31,31,37,37,30,64,45,45,33,0],"gold":72,"neow_bonus":"HUNDRED_GOLD","is_prod":false,"is_daily":false,"chose_seed":false,"campfire_upgraded":2,"win_rate":0,"timestamp":1570322952,"path_taken":["M","M","?","$","M","R","E","$","T","E","?","M","?","?","R","BOSS","M","$","M","M"],"build_version":"2019-10-04","purchased_purges":2,"victory":false,"max_hp_per_floor":[75,75,75,75,75,75,75,75,75,75,75,75,75,75,75,75,75,78,78,78,81],"card_choices":[{"not_picked":["Iron Wave","Cleave"],"picked":"Flame Barrier","floor":1.0},{"not_picked":["Intimidate","Power Through"],"picked":"Shockwave","floor":2.0},{"not_picked":["Heavy Blade","Flex"],"picked":"Inflame","floor":5.0},{"not_picked":["Reckless Charge","Dropkick"],"picked":"Headbutt","floor":7.0},{"not_picked":["Flex","Intimidate"],"picked":"Fiend Fire","floor":10.0},{"not_picked":["Fire Breathing","Pommel Strike"],"picked":"Whirlwind","floor":12.0},{"not_picked":["Second Wind","Intimidate"],"picked":"Spot Weakness","floor":14.0},{"not_picked":["Bludgeon","Immolate"],"picked":"Feed","floor":16.0},{"not_picked":["Clothesline","Heavy Blade"],"picked":"Pommel Strike+1","floor":18.0},{"not_picked":["Cleave","Body Slam"],"picked":"Feel No Pain","floor":20}],"player_experience":1233507,"relics_obtained":[{"floor":7.0,"key":"Self Forming Clay"},{"floor":9.0,"key":"Toy Ornithopter"},{"floor":10.0,"key":"MawBank"}],"event_choices":[{"damage_healed":0.0,"max_hp_gain":0.0,"max_hp_loss":0.0,"gold_gain":0.0,"event_name":"Scrap Ooze","player_choice":"Success","floor":3.0,"gold_loss":0.0,"damage_taken":26.0,"relics_obtained":["Dream Catcher"]},{"damage_healed":0.0,"max_hp_gain":0.0,"max_hp_loss":0.0,"gold_gain":75.0,"event_name":"World of Goop","player_choice":"Gather Gold","floor":11.0,"gold_loss":0.0,"damage_taken":11.0},{"cards_removed":["Strike_R"],"damage_healed":0.0,"max_hp_gain":0.0,"max_hp_loss":0.0,"gold_gain":0.0,"event_name":"Purifier","player_choice":"Purged","floor":13.0,"gold_loss":0.0,"damage_taken":0.0}],"is_beta":true,"boss_relics":[{"not_picked":["Calling Bell","Ectoplasm"],"picked":"Sozu"}],"items_purged_floors":[4,19],"is_endless":false,"potions_floor_spawned":[2,7,10,12,18,20],"killed_by":"Sentry and Sphere","ascension_level":20}