{"gold_per_floor":[109,89,109,109,109,137,64,64,64,64,78,106,126,126,126,225,225,237,263,278,278,203,203,230,244,267,279],"floor_reached":27,"playtime":1132,"items_purged":["Strike_B"],"score":317,"play_id":"70c0b6c2-ac4e-422e-97df-f1b355aa9d79","local_time":"20190716082650","is_ascension_mode":true,"campfire_choices":[{"data":"FTL","floor":8,"key":"SMITH"},{"data":"Consume","floor":10,"key":"SMITH"},{"data":"Echo Form","floor":15,"key":"SMITH"},{"data":"Storm","floor":23,"key":"SMITH"}],"neow_cost":"NONE","seed_source_timestamp":298138423601100,"circlet_count":0,"master_deck":["Strike_B","Defend_B","Defend_B","Defend_B","Defend_B","Zap+1","Dualcast","Conserve Battery","Cold Snap","Consume+1","FTL+1","Ball Lightning","Echo Form+1","Seek","Compile Driver","Storm+1","Redo"],"relics":["Cracked Core","NeowsBlessing","Darkstone Periapt","Pantograph","Ancient Tea Set","Nuclear Battery","Blood Vial","Incense Burner","MawBank"],"potions_floor_usage":[24,24],"damage_taken":[{"damage":0,"enemies":"Jaw Worm","floor":1,"turns":1},{"damage":0,"enemies":"Cultist","floor":3,"turns":1},{"damage":0,"enemies":"Lagavulin","floor":6,"turns":1},{"damage":1,"enemies":"2 Louse","floor":11,"turns":3},{"damage":13,"enemies":"3 Sentries","floor":12,"turns":8},{"damage":7,"enemies":"2 Fungi Beasts","floor":13,"turns":3},{"damage":8,"enemies":"The Guardian","floor":16,"turns":9},{"damage":21,"enemies":"2 Thieves","floor":18,"turns":4},{"damage":8,"enemies":"Chosen","floor":20,"turns":6},{"damage":52,"enemies":"Gremlin Leader","floor":24,"turns":7},{"damage":13,"enemies":"3 Cultists","floor":25,"turns":6},{"damage":8,"enemies":"Slavers","floor":27,"turns":1}],"seed_played":"4215279835932969308","potions_obtained":[{"floor":2,"key":"SteroidPotion"},{"floor":3,"key":"Ancient Potion"},{"floor":11,"key":"Regen Potion"},{"floor":18,"key":"Regen Potion"},{"floor":20,"key":"FocusPotion"},{"floor":24,"key":"Swift Potion"}],"is_trial":false,"path_per_floor":["M","?","M","?","?","E","$","R","T","R","M","E","M","?","R","B",null,"M","T","M","?","$","R","E","M","T","E"],"character_chosen":"DEFECT","items_purchased":["FTL"],"campfire_rested":0,"item_purchase_floors":[7],"current_hp_per_floor":[75,75,75,75,68,68,68,68,68,68,67,54,47,47,47,64,75,54,54,48,48,48,48,13,2,2,0],"gold":279,"neow_bonus":"THREE_ENEMY_KILL","is_prod":false,"is_daily":false,"chose_seed":false,"campfire_upgraded":4,"win_rate":0,"timestamp":1563280010,"path_taken":["M","?","?","?","?","E","$","R","T","R","M","E","M","?","R","BOSS","M","?","M","?","$","R","E","M","T","E"],"build_version":"2019-07-05","purchased_purges":1,"victory":false,"max_hp_per_floor":[75,75,75,75,75,75,75,75,75,75,75,75,75,75,75,75,75,75,75,75,75,75,75,75,75,75,75],"card_choices":[{"not_picked":["Reprogram","Leap"],"picked":"Conserve Battery","floor":1},{"not_picked":["Coolheaded","Rebound"],"picked":"Cold Snap","floor":3},{"not_picked":["Rip and Tear","Heatsinks"],"picked":"Consume","floor":6},{"not_picked":["Redo","Steam Power","Rebound"],"picked":"SKIP","floor":11},{"not_picked":["Doom and Gloom","Force Field"],"picked":"Ball Lightning","floor":12},{"not_picked":["Ball Lightning","Beam Cell"],"picked":"Echo Form","floor":13},{"not_picked":["Meteor Strike","Multi-Cast"],"picked":"Seek","floor":16},{"not_picked":["Go for the Eyes","Rebound","Undo"],"picked":"SKIP","floor":18},{"not_picked":["Steam","Cold Snap"],"picked":"Compile Driver","floor":20},{"not_picked":["Streamline","Multi-Cast"],"picked":"Redo","floor":24},{"not_picked":["Fusion","Hologram+1","Compile Driver"],"picked":"SKIP","floor":25}],"player_experience":358110,"relics_obtained":[{"floor":6,"key":"Darkstone Periapt"},{"floor":9,"key":"Pantograph"},{"floor":12,"key":"Ancient Tea Set"},{"floor":19,"key":"Blood Vial"},{"floor":24,"key":"Incense Burner"},{"floor":26,"key":"MawBank"}],"event_choices":[{"damage_healed":0,"gold_gain":0,"player_choice":"Bought 1 Potion","damage_taken":0,"max_hp_gain":0,"max_hp_loss":0,"event_name":"The Woman in Blue","floor":2,"gold_loss":0},{"damage_healed":0,"gold_gain":0,"player_choice":"Grow","damage_taken":0,"max_hp_gain":0,"max_hp_loss":0,"event_name":"Living Wall","floor":4,"gold_loss":0,"cards_upgraded":["Zap"]},{"cards_removed":["Strike_B"],"damage_healed":0,"gold_gain":0,"player_choice":"Card Removal","damage_taken":7,"max_hp_gain":0,"max_hp_loss":0,"event_name":"Golden Wing","floor":5,"gold_loss":0},{"cards_removed":["Strike_B"],"damage_healed":0,"gold_gain":0,"player_choice":"Purged","damage_taken":0,"max_hp_gain":0,"max_hp_loss":0,"event_name":"Purifier","floor":14,"gold_loss":0},{"damage_healed":0,"gold_gain":0,"player_choice":"Read","damage_taken":0,"max_hp_gain":0,"max_hp_loss":0,"event_name":"The Library","floor":21,"gold_loss":0,"cards_obtained":["Storm"]}],"is_beta":false,"boss_relics":[{"not_picked":["White Beast Statue","Eternal Feather"],"picked":"Nuclear Battery"}],"items_purged_floors":[22],"is_endless":false,"potions_floor_spawned":[3,11,18,20,24],"killed_by":"Slavers","ascension_level":4}