{"gold_per_floor":[119,136,48,66,81,115,115,152,152,132],"floor_reached":10,"playtime":464,"items_purged":[],"score":148,"play_id":"bca76215-8f6f-4523-a057-0432891b1191","local_time":"20191016220139","is_ascension_mode":true,"campfire_choices":[{"data":"Eruption","floor":7,"key":"SMITH"}],"neow_cost":"TEN_PERCENT_HP_LOSS","seed_source_timestamp":381079132378500,"circlet_count":0,"master_deck":["AscendersBane","Strike_P","Strike_P","Strike_P","Defend_P","Defend_P","Defend_P","Eruption+1","Vigilance","SignatureMove","Weave","Perseverance","CrushJoints","ReachHeaven","JustLucky","Vault","CutThroughFate","Tantrum"],"relics":["PureWater","CeramicFish","Bird Faced Urn","Du-Vu Doll"],"potions_floor_usage":[6,6,10],"damage_taken":[{"damage":5,"enemies":"2 Louse","floor":1,"turns":3},{"damage":7,"enemies":"Small Slimes","floor":2,"turns":3},{"damage":0,"enemies":"Jaw Worm","floor":4,"turns":4},{"damage":6,"enemies":"Looter","floor":5,"turns":3},{"damage":21,"enemies":"3 Sentries","floor":6,"turns":8},{"damage":14,"enemies":"Gremlin Nob","floor":8,"turns":3},{"damage":10,"enemies":"Exordium Thugs","floor":10,"turns":1}],"seed_played":"-5528794706152297146","potions_obtained":[{"floor":1,"key":"SkillPotion"},{"floor":2,"key":"Weak Potion"},{"floor":8,"key":"Dexterity Potion"}],"is_trial":false,"path_per_floor":["M","M","$","M","M","E","R","E","T","M"],"character_chosen":"WATCHER","items_purchased":["ReachHeaven"],"campfire_rested":0,"item_purchase_floors":[3],"current_hp_per_floor":[56,49,49,49,43,22,22,8,8,0],"gold":132,"neow_bonus":"TRANSFORM_TWO_CARDS","is_prod":false,"is_daily":false,"chose_seed":false,"campfire_upgraded":1,"win_rate":0,"timestamp":1571277699,"path_taken":["M","M","$","M","M","E","R","E","T","M"],"build_version":"2019-10-16","purchased_purges":0,"victory":false,"max_hp_per_floor":[62,62,62,62,62,62,62,62,62,62],"card_choices":[{"not_picked":["Crescendo","CarveReality"],"picked":"Perseverance","floor":1},{"not_picked":["EmptyFist","PathToVictory"],"picked":"CrushJoints","floor":2},{"not_picked":["Scrawl","FollowUp"],"picked":"JustLucky","floor":4},{"not_picked":["WreathOfFlame","CarveReality"],"picked":"Vault","floor":5},{"not_picked":["PathToVictory","Conclude"],"picked":"CutThroughFate","floor":6},{"not_picked":["EmptyFist","ClearTheMind"],"picked":"Tantrum","floor":8}],"player_experience":1344236,"relics_obtained":[{"floor":6,"key":"CeramicFish"},{"floor":8,"key":"Bird Faced Urn"},{"floor":9,"key":"Du-Vu Doll"}],"event_choices":[],"is_beta":true,"boss_relics":[],"items_purged_floors":[],"is_endless":false,"potions_floor_spawned":[1,2,8],"killed_by":"Exordium Thugs","ascension_level":18}