{"gold_per_floor":[211,226,326,337,355,388,405,405,430,455,455,455,466,25,25,127,127,143,157,57,156,156,156,190,65,135,147,166,166,177,205,205,205],"floor_reached":33,"playtime":2236,"items_purged":["Parasite","Strike_B","Defend_B"],"score":515,"play_id":"b315a6a1-2187-48f5-b09f-be7b0a69bacf","local_time":"20190728202634","is_ascension_mode":true,"campfire_choices":[{"data":"Defragment","floor":8,"key":"SMITH"},{"data":"Go for the Eyes","floor":11,"key":"SMITH"},{"data":"Capacitor","floor":15,"key":"SMITH"},{"data":"Seek","floor":23,"key":"SMITH"},{"data":"Buffer","floor":29,"key":"SMITH"},{"floor":32,"key":"DIG"}],"neow_cost":"NONE","seed_source_timestamp":624152456468500,"circlet_count":0,"master_deck":["AscendersBane","Strike_B","Strike_B","Strike_B","Defend_B","Defend_B","Defend_B","Zap","Dualcast","Cold Snap","Ball Lightning","Defragment+1","Compile Driver","Glacier","Go for the Eyes+1","Capacitor+1","Coolheaded","Conserve Battery","Buffer+1","Seek+1","Steam Power","Coolheaded","Chill","Chaos"],"relics":["Cracked Core","Pocketwatch","Anchor","Oddly Smooth Stone","Bronze Scales","Philosopher\u0027s Stone","Bag of Marbles","Happy Flower","Letter Opener","Shovel","Lantern"],"potions_floor_usage":[16,18,30,31],"damage_taken":[{"damage":4,"enemies":"Small Slimes","floor":1,"turns":3},{"damage":1,"enemies":"Cultist","floor":2,"turns":3},{"damage":4,"enemies":"2 Louse","floor":4,"turns":2},{"damage":10,"enemies":"Exordium Thugs","floor":5,"turns":6},{"damage":25,"enemies":"Gremlin Nob","floor":6,"turns":4},{"damage":1,"enemies":"Exordium Wildlife","floor":7,"turns":3},{"damage":2,"enemies":"3 Sentries","floor":10,"turns":7},{"damage":0,"enemies":"Large Slime","floor":13,"turns":5},{"damage":3,"enemies":"The Guardian","floor":16,"turns":9},{"damage":9,"enemies":"3 Byrds","floor":18,"turns":4},{"damage":0,"enemies":"Shell Parasite","floor":19,"turns":5},{"damage":0,"enemies":"Book of Stabbing","floor":24,"turns":6},{"damage":7,"enemies":"Sentry and Sphere","floor":27,"turns":5},{"damage":0,"enemies":"3 Cultists","floor":28,"turns":5},{"damage":0,"enemies":"Centurion and Healer","floor":30,"turns":8},{"damage":8,"enemies":"Gremlin Leader","floor":31,"turns":8},{"damage":44,"enemies":"Automaton","floor":33,"turns":12}],"seed_played":"7394232987906934250","potions_obtained":[{"floor":1,"key":"Poison Potion"},{"floor":2,"key":"FocusPotion"},{"floor":13,"key":"Block Potion"},{"floor":16,"key":"Block Potion"},{"floor":24,"key":"Strength Potion"},{"floor":27,"key":"GamblersBrew"},{"floor":30,"key":"Energy Potion"}],"is_trial":false,"path_per_floor":["M","M","?","M","M","E","M","R","T","E","R","?","M","$","R","B",null,"M","M","$","?","T","R","E","$","T","M","M","R","M","E","R","B"],"character_chosen":"DEFECT","items_purchased":["Coolheaded","Conserve Battery","Bronze Scales","Buffer"],"campfire_rested":0,"item_purchase_floors":[14,14,14,14],"current_hp_per_floor":[64,63,63,59,49,24,23,23,23,21,21,39,39,39,39,36,63,54,54,54,54,54,54,54,54,54,47,47,47,47,39,39,0],"gold":205,"neow_bonus":"HUNDRED_GOLD","is_prod":false,"is_daily":false,"chose_seed":false,"campfire_upgraded":5,"win_rate":0,"timestamp":1564359994,"path_taken":["M","M","?","M","?","E","M","R","T","E","R","?","M","$","R","BOSS","M","M","$","?","?","R","E","$","T","M","?","R","M","E","R","BOSS"],"build_version":"2019-07-17","purchased_purges":3,"victory":false,"max_hp_per_floor":[75,75,75,75,75,75,75,75,75,75,75,75,75,72,72,72,72,72,72,72,72,72,72,72,72,72,72,72,72,72,72,72,72],"card_choices":[{"not_picked":["Heatsinks","BootSequence"],"picked":"Cold Snap","floor":1},{"not_picked":["Blizzard","Double Energy"],"picked":"Ball Lightning","floor":2},{"not_picked":["Streamline","Ball Lightning"],"picked":"Defragment","floor":4},{"not_picked":["Cold Snap","Redo","Beam Cell"],"picked":"SKIP","floor":5},{"not_picked":["Rebound","Beam Cell"],"picked":"Compile Driver","floor":6},{"not_picked":["Conserve Battery","Reboot"],"picked":"Glacier","floor":7},{"not_picked":["Barrage","Ball Lightning"],"picked":"Go for the Eyes","floor":10},{"not_picked":["Aggregate","FTL"],"picked":"Capacitor","floor":13},{"not_picked":["Amplify","Buffer"],"picked":"Seek","floor":16},{"not_picked":["Gash","Cold Snap"],"picked":"Steam Power","floor":18},{"not_picked":["Steam","Stack+1"],"picked":"Coolheaded","floor":19},{"not_picked":["Blizzard","Reboot","Conserve Battery"],"picked":"SKIP","floor":24},{"not_picked":["Heatsinks","Compile Driver","Streamline"],"picked":"SKIP","floor":27},{"not_picked":["Conserve Battery","Beam Cell"],"picked":"Chill","floor":28},{"not_picked":["Stack","Streamline"],"picked":"Chaos","floor":30},{"not_picked":["Gash","Conserve Battery","Coolheaded"],"picked":"SKIP","floor":31}],"player_experience":569295,"relics_obtained":[{"floor":6,"key":"Pocketwatch"},{"floor":9,"key":"Anchor"},{"floor":10,"key":"Oddly Smooth Stone"},{"floor":22,"key":"Bag of Marbles"},{"floor":24,"key":"Happy Flower"},{"floor":26,"key":"Letter Opener"},{"floor":31,"key":"Shovel"},{"floor":32,"key":"Lantern"}],"event_choices":[{"damage_healed":0,"gold_gain":100,"player_choice":"Pray","damage_taken":0,"max_hp_gain":0,"max_hp_loss":0,"event_name":"Golden Shrine","floor":3,"gold_loss":0},{"damage_healed":18,"gold_gain":0,"player_choice":"Healed and dodged fight","damage_taken":0,"max_hp_gain":0,"max_hp_loss":0,"event_name":"Mushrooms","floor":12,"gold_loss":0,"cards_obtained":["Parasite"]},{"damage_healed":0,"gold_gain":99,"player_choice":"Stole From Cult","damage_taken":0,"max_hp_gain":0,"max_hp_loss":0,"event_name":"Nest","floor":21,"gold_loss":0}],"is_beta":false,"boss_relics":[{"not_picked":["Runic Dome","Nuclear Battery"],"picked":"Philosopher\u0027s Stone"}],"items_purged_floors":[14,20,25],"is_endless":false,"potions_floor_spawned":[1,2,5,13,16,24,27,30],"killed_by":"Automaton","ascension_level":12}