{"gold_per_floor":[360,360,379,218,218,251,269,269,293,293,326,339,339,358,358,451,451,465,481,481,66,81,81,121,121,121,121,164,187,222,243,243,339,339,363,363,379,379,379,413,413,432,478,521,309,309,13,47,47,47],"floor_reached":51,"playtime":2329,"items_purged":["Strike_P","FlurryOfBlows+1","Strike_P+1"],"score":1882,"play_id":"34ae59fb-7542-40e9-a27c-6d313af0c907","local_time":"20191022202612","is_ascension_mode":true,"campfire_choices":[{"data":"Eruption","floor":8.0,"key":"SMITH"},{"data":"WheelKick","floor":10.0,"key":"SMITH"},{"data":"FlurryOfBlows","floor":13.0,"key":"SMITH"},{"data":"Wallop","floor":15.0,"key":"SMITH"},{"data":"Vigilance","floor":23.0,"key":"SMITH"},{"data":"CutThroughFate","floor":25.0,"key":"SMITH"},{"data":"ThirdEye","floor":27.0,"key":"SMITH"},{"data":"PathToVictory","floor":32.0,"key":"SMITH"},{"data":"PathToVictory","floor":41.0,"key":"SMITH"},{"data":"Indignation","floor":46,"key":"SMITH"},{"data":"PathToVictory","floor":49,"key":"SMITH"}],"neow_cost":"PERCENT_DAMAGE","seed_source_timestamp":0,"circlet_count":0,"master_deck":["AscendersBane","Strike_P+1","Strike_P+1","Defend_P+1","Defend_P+1","Defend_P+1","Defend_P+1","Eruption+1","Vigilance+1","WheelKick+1","PathToVictory+1","CutThroughFate+1","Protect","ThirdEye+1","Wallop+1","Vault","EmptyBody","Vault","Scrawl","Judgement","Indignation+1","Protect+1","PathToVictory+1","EmptyBody+1","EmptyMind","DevaForm","PathToVictory+1","Wallop","SpiritShield+1"],"special_seed":0,"relics":["PureWater","Golden Idol","PreservedInsect","Pocketwatch","Bag of Marbles","Juzu Bracelet","Snecko Eye","Incense Burner","Strawberry","Ancient Tea Set","Bronze Scales","Art of War","Coffee Dripper","StoneCalendar","MealTicket","Dream Catcher","Unceasing Top","Bottled Flame"],"potions_floor_usage":[50],"damage_taken":[{"damage":7.0,"enemies":"Small Slimes","floor":1.0,"turns":7.0},{"damage":1.0,"enemies":"2 Louse","floor":3.0,"turns":4.0},{"damage":0.0,"enemies":"Lagavulin","floor":6.0,"turns":2.0},{"damage":4.0,"enemies":"Jaw Worm","floor":7.0,"turns":2.0},{"damage":0.0,"enemies":"Gremlin Nob","floor":11.0,"turns":2.0},{"damage":0.0,"enemies":"Looter","floor":12.0,"turns":3.0},{"damage":4.0,"enemies":"Exordium Thugs","floor":14.0,"turns":2.0},{"damage":0.0,"enemies":"Slime Boss","floor":16.0,"turns":4.0},{"damage":6.0,"enemies":"3 Byrds","floor":18.0,"turns":5.0},{"damage":4.0,"enemies":"2 Thieves","floor":19.0,"turns":4.0},{"damage":0.0,"enemies":"Centurion and Healer","floor":22.0,"turns":4.0},{"damage":0.0,"enemies":"Slavers","floor":24.0,"turns":4.0},{"damage":0.0,"enemies":"Gremlin Leader","floor":28.0,"turns":2.0},{"damage":0.0,"enemies":"Snake Plant","floor":29.0,"turns":3.0},{"damage":5.0,"enemies":"Slavers","floor":30.0,"turns":5.0},{"damage":7.0,"enemies":"Shelled Parasite and Fungi","floor":31.0,"turns":4.0},{"damage":71.0,"enemies":"Collector","floor":33.0,"turns":9.0},{"damage":0.0,"enemies":"3 Darklings","floor":35.0,"turns":4.0},{"damage":0.0,"enemies":"3 Shapes","floor":37.0,"turns":6.0},{"damage":1.0,"enemies":"Giant Head","floor":40.0,"turns":8.0},{"damage":0.0,"enemies":"3 Darklings","floor":42.0,"turns":4.0},{"damage":0.0,"enemies":"Nemesis","floor":44.0,"turns":2.0},{"damage":0,"enemies":"Reptomancer","floor":48,"turns":5},{"damage":4,"enemies":"Awakened One","floor":50,"turns":11}],"seed_played":"-4364975570173339307","potions_obtained":[{"floor":3.0,"key":"Regen Potion"},{"floor":12.0,"key":"Strength Potion"},{"floor":24.0,"key":"FairyPotion"},{"floor":33.0,"key":"LiquidMemories"},{"floor":35.0,"key":"StancePotion"},{"floor":42.0,"key":"Strength Potion"}],"is_trial":false,"path_per_floor":["M","?","M","$","?","E","M","R","T","R","E","M","R","M","R","B",null,"M","M","?","$","M","R","E","R","T","R","E","M","E","M","R","B",null,"M","?","M","T","?","E","R","M","T","E","$","R","$","E","R","B",null],"character_chosen":"WATCHER","items_purchased":["PathToVictory","FearPotion","Incense Burner","EmptyMind","DevaForm","PathToVictory","Wallop"],"campfire_rested":0,"item_purchase_floors":[4,4,21,45,47,47,47],"current_hp_per_floor":[36,36,35,35,30,30,26,26,26,26,26,26,26,22,22,22,52,46,42,42,42,42,42,49,49,49,49,49,49,44,37,37,17,56,56,56,56,56,56,55,55,55,55,55,66,66,66,66,66,62],"gold":47,"neow_bonus":"TWO_FIFTY_GOLD","is_prod":false,"is_daily":false,"chose_seed":false,"campfire_upgraded":11,"win_rate":0,"timestamp":1571790372,"path_taken":["M","?","M","$","?","E","M","R","T","R","E","M","R","M","R","BOSS","M","M","?","$","M","R","E","R","T","R","E","M","E","M","R","BOSS","M","?","M","?","?","E","R","M","T","E","$","R","$","E","R","BOSS"],"build_version":"2019-10-22","purchased_purges":3,"victory":true,"max_hp_per_floor":[68,62,62,62,62,62,62,62,62,62,62,62,62,62,62,62,62,62,62,62,62,62,62,69,69,69,69,69,69,69,69,69,69,69,69,66,66,66,66,66,66,66,66,66,66,66,66,66,66,66],"card_choices":[{"not_picked":["Crescendo","WreathOfFlame"],"picked":"FlurryOfBlows","floor":1.0},{"not_picked":["BowlingBash","Consecrate"],"picked":"WheelKick","floor":3.0},{"not_picked":["PathToVictory","Crescendo"],"picked":"CutThroughFate","floor":6.0},{"not_picked":["EmptyFist","SashWhip"],"picked":"Protect","floor":7.0},{"not_picked":["EmptyFist","Conclude","SpiritShield"],"picked":"SKIP","floor":11.0},{"not_picked":["Halt","Protect"],"picked":"ThirdEye","floor":12.0},{"not_picked":["Fasting2","WaveOfTheHand"],"picked":"Wallop","floor":14.0},{"not_picked":["Omniscience","Ragnarok"],"picked":"Vault","floor":16.0},{"not_picked":["CutThroughFate","Prostrate"],"picked":"EmptyBody","floor":18.0},{"not_picked":["CarveReality","JustLucky","Indignation"],"picked":"SKIP","floor":19.0},{"not_picked":["Halt","FlurryOfBlows","PathToVictory"],"picked":"SKIP","floor":22.0},{"not_picked":["WaveOfTheHand","Worship"],"picked":"Vault","floor":24.0},{"not_picked":["Crescendo","Consecrate","FlyingSleeves"],"picked":"SKIP","floor":28.0},{"not_picked":["PathToVictory","Consecrate+1","SashWhip"],"picked":"SKIP","floor":29.0},{"not_picked":["SashWhip+1","EmptyFist","Sanctity"],"picked":"SKIP","floor":30.0},{"not_picked":["ClearTheMind","EmptyFist"],"picked":"Scrawl","floor":31.0},{"not_picked":["Establishment","LessonLearned"],"picked":"Judgement","floor":33.0},{"not_picked":["PathToVictory","Halt"],"picked":"Indignation","floor":35.0},{"not_picked":["CutThroughFate","JustLucky"],"picked":"Protect+1","floor":37.0},{"not_picked":["SashWhip","Protect"],"picked":"PathToVictory","floor":40.0},{"not_picked":["ThirdEye","JustLucky+1","EmptyFist"],"picked":"SKIP","floor":42.0},{"not_picked":["TalkToTheHand","Conclude"],"picked":"EmptyBody+1","floor":44.0},{"not_picked":["Wireheading","SignatureMove"],"picked":"SpiritShield+1","floor":48}],"player_experience":1374098,"relics_obtained":[{"floor":6.0,"key":"Pocketwatch"},{"floor":9.0,"key":"Bag of Marbles"},{"floor":11.0,"key":"Juzu Bracelet"},{"floor":24.0,"key":"Strawberry"},{"floor":26.0,"key":"Ancient Tea Set"},{"floor":28.0,"key":"Bronze Scales"},{"floor":30.0,"key":"Art of War"},{"floor":38.0,"key":"StoneCalendar"},{"floor":40.0,"key":"MealTicket"},{"floor":43.0,"key":"Dream Catcher"},{"floor":44.0,"key":"Unceasing Top"},{"floor":48,"key":"Bottled Flame"}],"event_choices":[{"damage_healed":0.0,"max_hp_gain":0.0,"max_hp_loss":6.0,"gold_gain":0.0,"event_name":"Golden Idol","player_choice":"Lose Max HP","floor":2.0,"gold_loss":0.0,"damage_taken":0.0,"relics_obtained":["Golden Idol"]},{"damage_healed":0.0,"max_hp_gain":0.0,"max_hp_loss":0.0,"gold_gain":0.0,"event_name":"Scrap Ooze","player_choice":"Success","floor":5.0,"gold_loss":0.0,"damage_taken":5.0,"relics_obtained":["PreservedInsect"]},{"damage_healed":0.0,"max_hp_gain":0.0,"max_hp_loss":0.0,"gold_gain":0.0,"event_name":"Back to Basics","player_choice":"Simplicity","floor":20.0,"gold_loss":0.0,"damage_taken":0.0,"cards_upgraded":["Strike_P","Strike_P","Strike_P","Defend_P","Defend_P","Defend_P","Defend_P"]},{"damage_healed":0.0,"max_hp_gain":0.0,"max_hp_loss":3.0,"gold_gain":0.0,"event_name":"Winding Halls","player_choice":"Max HP","floor":36.0,"gold_loss":0.0,"damage_taken":0.0},{"damage_healed":0.0,"max_hp_gain":0.0,"max_hp_loss":0.0,"gold_gain":0.0,"event_name":"Match and Keep!","player_choice":"0 cards matched","floor":39.0,"gold_loss":0.0,"damage_taken":0.0,"cards_obtained":[]}],"is_beta":true,"boss_relics":[{"not_picked":["Runic Pyramid","Philosopher\u0027s Stone"],"picked":"Snecko Eye"},{"not_picked":["Astrolabe","SlaversCollar"],"picked":"Coffee Dripper"}],"items_purged_floors":[4,21,45],"is_endless":false,"potions_floor_spawned":[3,12,24,28,33,35,42,44],"ascension_level":18}