{"gold_per_floor":[19,38,38,56,68,68,87,121,121,121,121],"floor_reached":11,"playtime":399,"items_purged":[],"score":143,"play_id":"286cb11c-5086-4284-a183-90a69ae76f7b","local_time":"20190824105752","is_ascension_mode":true,"campfire_choices":[{"data":"Regret","floor":6,"key":"PURGE"},{"data":"Bash","floor":10,"key":"SMITH"}],"neow_cost":"NO_GOLD","seed_source_timestamp":36023024978700,"circlet_count":0,"master_deck":["AscendersBane","Strike_R","Strike_R","Strike_R","Strike_R","Strike_R","Defend_R","Defend_R","Defend_R","Defend_R","Bash+1","Inflame","Shrug It Off","Metallicize","Disarm"],"relics":["Burning Blood","Peace Pipe","Bronze Scales","Letter Opener","Gremlin Horn"],"potions_floor_usage":[8,8],"damage_taken":[{"damage":14,"enemies":"Jaw Worm","floor":1,"turns":4},{"damage":0,"enemies":"2 Louse","floor":2,"turns":5},{"damage":8,"enemies":"Cultist","floor":4,"turns":4},{"damage":17,"enemies":"3 Louse","floor":5,"turns":5},{"damage":1,"enemies":"Exordium Wildlife","floor":7,"turns":3},{"damage":44,"enemies":"Gremlin Nob","floor":8,"turns":5},{"damage":40,"enemies":"3 Sentries","floor":11,"turns":6}],"seed_played":"5333666303331468115","potions_obtained":[{"floor":1,"key":"Block Potion"},{"floor":5,"key":"GamblersBrew"},{"floor":7,"key":"Regen Potion"}],"is_trial":false,"path_per_floor":["M","M","?","M","M","R","M","E","T","R","E"],"character_chosen":"IRONCLAD","items_purchased":[],"campfire_rested":0,"item_purchase_floors":[],"current_hp_per_floor":[60,66,66,64,53,53,58,34,34,34,0],"gold":121,"neow_bonus":"ONE_RARE_RELIC","is_prod":false,"is_daily":false,"chose_seed":false,"campfire_upgraded":1,"win_rate":0,"timestamp":1566658672,"path_taken":["M","M","?","M","M","R","M","E","T","R","E"],"build_version":"2019-07-17","purchased_purges":0,"victory":false,"max_hp_per_floor":[75,75,75,75,75,75,75,75,75,75,75],"card_choices":[{"not_picked":["Burning Pact","Heavy Blade","Clash"],"picked":"SKIP","floor":1},{"not_picked":["Corruption","Anger"],"picked":"Inflame","floor":2},{"not_picked":["Blood for Blood","Ghostly Armor"],"picked":"Shrug It Off","floor":4},{"not_picked":["Searing Blow","Seeing Red","Dropkick"],"picked":"SKIP","floor":5},{"not_picked":["Havoc","Body Slam"],"picked":"Metallicize","floor":7},{"not_picked":["Warcry","Body Slam"],"picked":"Disarm","floor":8}],"player_experience":906478,"relics_obtained":[{"floor":8,"key":"Letter Opener"},{"floor":9,"key":"Gremlin Horn"}],"event_choices":[{"damage_healed":0,"gold_gain":0,"player_choice":"Box","damage_taken":0,"relics_obtained":["Bronze Scales"],"max_hp_gain":0,"max_hp_loss":0,"event_name":"Big Fish","floor":3,"gold_loss":0,"cards_obtained":["Regret"]}],"is_beta":false,"boss_relics":[],"items_purged_floors":[],"is_endless":false,"potions_floor_spawned":[1,5,7],"killed_by":"3 Sentries","ascension_level":18}