{"gold_per_floor":[114,124,7,19,39,39,73,73,122,135,135],"floor_reached":11,"playtime":328,"items_purged":[],"score":150,"play_id":"ecc57066-04ce-4470-8c8c-52c57bedc824","local_time":"20191001212828","is_ascension_mode":true,"campfire_choices":[{"data":"Inflame","floor":6.0,"key":"SMITH"},{"data":"Cleave","floor":8.0,"key":"SMITH"}],"neow_cost":"NONE","seed_source_timestamp":0,"circlet_count":0,"master_deck":["AscendersBane","Strike_R","Strike_R","Strike_R","Strike_R","Defend_R","Defend_R","Defend_R","Defend_R","Bash","Inflame+1","Evolve","Cleave+1","Shrug It Off","Thunderclap","Headbutt","Clothesline+1","Flame Barrier"],"special_seed":0,"relics":["Burning Blood","Molten Egg 2","Omamori"],"potions_floor_usage":[10],"damage_taken":[{"damage":2.0,"enemies":"2 Louse","floor":1.0,"turns":4.0},{"damage":4.0,"enemies":"Small Slimes","floor":2.0,"turns":4.0},{"damage":24.0,"enemies":"Jaw Worm","floor":4.0,"turns":4.0},{"damage":22.0,"enemies":"Gremlin Gang","floor":5.0,"turns":4.0},{"damage":32.0,"enemies":"Gremlin Nob","floor":7.0,"turns":4.0},{"damage":13,"enemies":"Exordium Thugs","floor":10,"turns":4},{"damage":9,"enemies":"Blue Slaver","floor":11,"turns":2}],"seed_played":"4125025515832632257","potions_obtained":[{"floor":1.0,"key":"Block Potion"},{"floor":4.0,"key":"Block Potion"}],"is_trial":false,"path_per_floor":["M","M","$","M","M","R","E","R","T","M","M"],"character_chosen":"IRONCLAD","items_purchased":["Cleave","Shrug It Off"],"campfire_rested":0,"item_purchase_floors":[3,3],"current_hp_per_floor":[72,74,74,56,40,40,14,14,14,7,0],"gold":135,"neow_bonus":"REMOVE_CARD","is_prod":false,"is_daily":false,"chose_seed":false,"campfire_upgraded":2,"win_rate":0,"timestamp":1569979708,"path_taken":["M","M","$","M","M","R","E","R","T","M","M"],"build_version":"2019-10-01","purchased_purges":0,"victory":false,"max_hp_per_floor":[75,75,75,75,75,75,75,75,75,75,75],"card_choices":[{"not_picked":["Carnage","Cleave"],"picked":"Inflame","floor":1.0},{"not_picked":["Body Slam","Shockwave"],"picked":"Evolve","floor":2.0},{"not_picked":["Seeing Red","Flex"],"picked":"Thunderclap","floor":4.0},{"not_picked":["Body Slam","Burning Pact"],"picked":"Headbutt","floor":5.0},{"not_picked":["Heavy Blade","Evolve"],"picked":"Clothesline","floor":7.0},{"not_picked":["Clash+1","Rampage+1"],"picked":"Flame Barrier","floor":10}],"player_experience":1202748,"relics_obtained":[{"floor":7.0,"key":"Molten Egg 2"},{"floor":9.0,"key":"Omamori"}],"event_choices":[],"is_beta":true,"boss_relics":[],"items_purged_floors":[],"is_endless":false,"potions_floor_spawned":[1,4],"killed_by":"Blue Slaver","ascension_level":20}