{"gold_per_floor":[114,114,114,9,0,0,33,33,33,33,48,59,59,75,75,150,150,169,59,59,59,71,71,96,96,96,124,124,23,23,23,23,23],"floor_reached":33,"playtime":1251,"items_purged":["Shame"],"score":512,"play_id":"80208588-5b98-4908-bcf5-4d8ae4cfd8a0","local_time":"20190817195518","is_ascension_mode":true,"campfire_choices":[{"data":"Zap","floor":6,"key":"SMITH"},{"floor":8,"key":"REST"},{"data":"Dualcast","floor":10,"key":"SMITH"},{"floor":15,"key":"REST"},{"data":"Echo Form","floor":23,"key":"SMITH"},{"floor":25,"key":"REST"},{"floor":32,"key":"REST"}],"neow_cost":"PERCENT_DAMAGE","seed_source_timestamp":26872197908100,"circlet_count":0,"master_deck":["AscendersBane","Strike_B+1","Strike_B+1","Defend_B","Defend_B","Defend_B","Defend_B","Zap+1","Dualcast+1","Coolheaded+1","Conserve Battery+1","Leap+1","White Noise+1","Echo Form+1","Coolheaded+1","White Noise+1","RitualDagger","Gash"],"relics":["Cracked Core","Pocketwatch","Juzu Bracelet","DataDisk","Toxic Egg 2","Singing Bowl","Cursed Key","Pear","Question Card","Whetstone"],"potions_floor_usage":[16,18,24,33],"damage_taken":[{"damage":7,"enemies":"Jaw Worm","floor":1,"turns":3},{"damage":30,"enemies":"3 Sentries","floor":7,"turns":7},{"damage":0,"enemies":"2 Louse","floor":11,"turns":2},{"damage":0,"enemies":"Cultist","floor":12,"turns":2},{"damage":0,"enemies":"Exordium Wildlife","floor":14,"turns":3},{"damage":3,"enemies":"The Guardian","floor":16,"turns":13},{"damage":5,"enemies":"3 Byrds","floor":18,"turns":7},{"damage":16,"enemies":"Shell Parasite","floor":22,"turns":7},{"damage":16,"enemies":"Slavers","floor":24,"turns":4},{"damage":20,"enemies":"Book of Stabbing","floor":27,"turns":10},{"damage":22,"enemies":"Colosseum Slavers","floor":31,"turns":5},{"damage":51,"enemies":"Collector","floor":33,"turns":5}],"seed_played":"5911023495980800958","potions_obtained":[{"floor":7,"key":"Poison Potion"},{"floor":11,"key":"Weak Potion"},{"floor":18,"key":"Fire Potion"},{"floor":24,"key":"SteroidPotion"}],"is_trial":false,"path_per_floor":["M","?","?","?","?","R","E","R","T","R","M","M","?","M","R","B",null,"M","?","?","?","M","R","E","R","T","E","?","$","?","?","R","B"],"character_chosen":"DEFECT","items_purchased":["Gash"],"campfire_rested":4,"item_purchase_floors":[29],"current_hp_per_floor":[39,62,44,44,44,44,14,35,35,35,35,35,28,28,49,46,65,62,62,62,72,56,56,40,64,64,46,40,40,40,18,43,0],"gold":23,"neow_bonus":"ONE_RARE_RELIC","is_prod":false,"is_daily":false,"chose_seed":false,"campfire_upgraded":3,"win_rate":0,"timestamp":1566086118,"path_taken":["M","?","?","?","?","R","E","R","T","R","M","M","?","M","R","BOSS","M","?","?","?","M","R","E","R","T","E","?","?","?","?","R","BOSS"],"build_version":"2019-07-17","purchased_purges":1,"victory":false,"max_hp_per_floor":[71,71,71,71,71,71,71,71,71,71,71,71,71,71,71,71,71,73,73,73,83,83,83,83,83,83,85,85,85,85,85,85,85],"card_choices":[{"not_picked":["Steam","Turbo","Steam Power"],"picked":"SKIP","floor":1},{"not_picked":["Auto Shields","Leap"],"picked":"Coolheaded","floor":7},{"not_picked":["Hologram+1","Turbo+1"],"picked":"Conserve Battery+1","floor":11},{"not_picked":["Beam Cell","Streamline"],"picked":"Leap+1","floor":12},{"not_picked":["Beam Cell","Leap+1"],"picked":"White Noise+1","floor":14},{"not_picked":["Seek+1","Thunder Strike"],"picked":"Echo Form","floor":16},{"not_picked":["Conserve Battery+1","Leap+1","Undo+1"],"picked":"Singing Bowl","floor":18},{"not_picked":["Force Field+1","Leap+1"],"picked":"Coolheaded+1","floor":22},{"not_picked":["Turbo+1","Tempest+1"],"picked":"White Noise+1","floor":24},{"not_picked":["Chill+1","Beam Cell","Hologram+1","Steam+1"],"picked":"Singing Bowl","floor":27}],"player_experience":796762,"relics_obtained":[{"floor":7,"key":"Toxic Egg 2"},{"floor":9,"key":"Singing Bowl"},{"floor":24,"key":"Question Card"},{"floor":27,"key":"Whetstone"}],"event_choices":[{"damage_healed":23,"gold_gain":0,"player_choice":"Banana","damage_taken":0,"max_hp_gain":0,"max_hp_loss":0,"event_name":"Big Fish","floor":2,"gold_loss":0},{"damage_healed":0,"gold_gain":0,"player_choice":"Success","damage_taken":18,"relics_obtained":["Juzu Bracelet"],"max_hp_gain":0,"max_hp_loss":0,"event_name":"Scrap Ooze","floor":3,"gold_loss":0},{"damage_healed":0,"gold_gain":0,"player_choice":"Paid Gold","damage_taken":0,"relics_obtained":["DataDisk"],"max_hp_gain":0,"max_hp_loss":0,"event_name":"WeMeetAgain","floor":4,"gold_loss":105},{"damage_healed":0,"gold_gain":0,"player_choice":"Left Gold","damage_taken":0,"max_hp_gain":0,"max_hp_loss":0,"event_name":"World of Goop","floor":5,"gold_loss":9},{"cards_removed":["Strike_B"],"damage_healed":0,"gold_gain":0,"player_choice":"Card Removal","damage_taken":7,"max_hp_gain":0,"max_hp_loss":0,"event_name":"Golden Wing","floor":13,"gold_loss":0},{"cards_removed":["Strike_B"],"damage_healed":0,"gold_gain":0,"player_choice":"Upgrade and Remove","damage_taken":0,"max_hp_gain":0,"max_hp_loss":0,"event_name":"Designer","floor":19,"gold_loss":110,"cards_upgraded":["Strike_B"]},{"damage_healed":0,"gold_gain":0,"player_choice":"Ignored","damage_taken":0,"max_hp_gain":0,"max_hp_loss":0,"event_name":"Cursed Tome","floor":20,"gold_loss":0},{"damage_healed":0,"gold_gain":0,"player_choice":"Stole Relic","damage_taken":0,"relics_obtained":["Pear"],"max_hp_gain":0,"max_hp_loss":0,"event_name":"Addict","floor":21,"gold_loss":0,"cards_obtained":["Shame"]},{"damage_healed":0,"gold_gain":0,"player_choice":"Joined the Cult","damage_taken":6,"max_hp_gain":0,"max_hp_loss":0,"event_name":"Nest","floor":28,"gold_loss":0,"cards_obtained":["RitualDagger"]},{"damage_healed":0,"gold_gain":0,"player_choice":"Ignored","damage_taken":0,"max_hp_gain":0,"max_hp_loss":0,"event_name":"Vampires","floor":30,"gold_loss":0},{"damage_healed":0,"gold_gain":0,"player_choice":"Fight","damage_taken":0,"max_hp_gain":0,"max_hp_loss":0,"event_name":"Colosseum","floor":31,"gold_loss":0},{"damage_healed":0,"gold_gain":0,"player_choice":"Fled From Nobs","damage_taken":0,"max_hp_gain":0,"max_hp_loss":0,"event_name":"Colosseum","floor":31,"gold_loss":0}],"is_beta":false,"boss_relics":[{"not_picked":["Coffee Dripper","Calling Bell"],"picked":"Cursed Key"}],"items_purged_floors":[29],"is_endless":false,"potions_floor_spawned":[7,11,18,24],"killed_by":"Collector","ascension_level":17}