{"gold_per_floor":[111,124,139,139,41,41,73,73,96,127,143,156,174,188,188,293,293,303,112,40,54,77,77,107,30,57,57,57,83,101,112,112,112],"floor_reached":33,"playtime":1735,"items_purged":["Strike_P","Defend_P"],"score":416,"play_id":"d6da3c3e-afee-4e00-92be-3417b4e3e6be","local_time":"20190930104322","is_ascension_mode":true,"campfire_choices":[{"data":"Wallop","floor":6.0,"key":"SMITH"},{"data":"CrushJoints","floor":8.0,"key":"SMITH"},{"data":"ConjureBlade","floor":15.0,"key":"SMITH"},{"data":"Omniscience","floor":23.0,"key":"SMITH"},{"floor":28.0,"key":"REST"},{"data":"Vigilance","floor":32,"key":"SMITH"}],"neow_cost":"NONE","seed_source_timestamp":0,"circlet_count":0,"master_deck":["Strike_P","Strike_P","Defend_P","Defend_P","Defend_P+1","Eruption+1","Vigilance+1","Wallop+1","Consecrate","Crescendo+1","EmptyBody","CrushJoints+1","Establishment","Protect","ConjureBlade+1","FollowUp","Omniscience+1","EmptyBody+1","Dark Shackles+1","FlyingSleeves","FearNoEvil","Judgement","FlyingSleeves","Consecrate+1"],"special_seed":0,"relics":["PureWater","Regal Pillow","Toy Ornithopter","Art of War","Potion Belt","SacredBark","Ornamental Fan","PreservedInsect","War Paint","Darkstone Periapt"],"potions_floor_usage":[33,33],"damage_taken":[{"damage":7.0,"enemies":"Jaw Worm","floor":1.0,"turns":3.0},{"damage":4.0,"enemies":"2 Louse","floor":2.0,"turns":3.0},{"damage":0.0,"enemies":"Cultist","floor":3.0,"turns":2.0},{"damage":19.0,"enemies":"Lagavulin","floor":7.0,"turns":8.0},{"damage":4.0,"enemies":"3 Sentries","floor":10.0,"turns":9.0},{"damage":5.0,"enemies":"Exordium Thugs","floor":11.0,"turns":5.0},{"damage":0.0,"enemies":"3 Louse","floor":12.0,"turns":2.0},{"damage":3.0,"enemies":"Lots of Slimes","floor":13.0,"turns":2.0},{"damage":0.0,"enemies":"2 Fungi Beasts","floor":14.0,"turns":2.0},{"damage":0.0,"enemies":"Slime Boss","floor":16.0,"turns":5.0},{"damage":7.0,"enemies":"Shell Parasite","floor":18.0,"turns":5.0},{"damage":34.0,"enemies":"Spheric Guardian","floor":21.0,"turns":6.0},{"damage":35.0,"enemies":"Gremlin Leader","floor":24.0,"turns":4.0},{"damage":40.0,"enemies":"Slavers","floor":29.0,"turns":4.0},{"damage":4.0,"enemies":"Centurion and Healer","floor":30.0,"turns":5.0},{"damage":0,"enemies":"Snake Plant","floor":31,"turns":2},{"damage":74,"enemies":"Champ","floor":33,"turns":16}],"seed_played":"6720880822998930584","potions_obtained":[{"floor":3.0,"key":"BottledMiracle"},{"floor":11.0,"key":"Strength Potion"},{"floor":12.0,"key":"PowerPotion"},{"floor":16.0,"key":"LiquidBronze"},{"floor":24.0,"key":"Explosive Potion"},{"floor":29.0,"key":"Regen Potion"},{"floor":31,"key":"Swift Potion"}],"is_trial":false,"path_per_floor":["M","M","M","?","$","R","E","R","T","E","M","M","M","M","R","B",null,"M","$","?","M","T","R","E","$","T","?","R","E","M","M","R","B"],"character_chosen":"WATCHER","items_purchased":["EmptyBody","Dark Shackles","FearNoEvil"],"campfire_rested":1,"item_purchase_floors":[5,19,25],"current_hp_per_floor":[65,61,61,47,47,47,28,28,28,24,19,19,16,16,16,16,72,65,65,65,31,31,31,11,11,11,11,47,12,40,40,40,0],"gold":112,"neow_bonus":"RANDOM_COMMON_RELIC","is_prod":false,"is_daily":false,"chose_seed":false,"campfire_upgraded":5,"win_rate":0,"timestamp":1569854602,"path_taken":["M","M","M","?","$","R","E","R","T","E","M","M","M","M","R","BOSS","M","$","?","?","?","R","E","?","T","?","R","E","?","M","R","BOSS"],"build_version":"2019-09-27","purchased_purges":2,"victory":false,"max_hp_per_floor":[72,72,72,72,72,72,72,72,72,72,72,72,72,72,72,72,72,72,72,72,72,72,72,72,72,72,72,72,72,72,72,72,72],"card_choices":[{"not_picked":["Halt","InnerPeace"],"picked":"Wallop","floor":1.0},{"not_picked":["JustLucky","CrushJoints"],"picked":"Consecrate","floor":2.0},{"not_picked":["Perseverance","Wallop"],"picked":"Crescendo","floor":3.0},{"not_picked":["SashWhip","Nirvana"],"picked":"CrushJoints","floor":7.0},{"not_picked":["FollowUp","WheelKick"],"picked":"Establishment","floor":10.0},{"not_picked":["MasterReality","Consecrate"],"picked":"Protect","floor":11.0},{"not_picked":["Consecrate","Crescendo","Collect"],"picked":"SKIP","floor":12.0},{"not_picked":["Consecrate","Scrawl"],"picked":"ConjureBlade","floor":13.0},{"not_picked":["BattleHymn","BowlingBash"],"picked":"FollowUp","floor":14.0},{"not_picked":["ConjureBlade","Wish"],"picked":"Omniscience","floor":16.0},{"not_picked":["Halt","MasterReality+1"],"picked":"EmptyBody+1","floor":18.0},{"not_picked":["SpiritShield","EmptyFist"],"picked":"FlyingSleeves","floor":21.0},{"not_picked":["Crescendo","Prostrate","BowlingBash"],"picked":"SKIP","floor":24.0},{"not_picked":["Scrawl+1","Weave"],"picked":"Judgement","floor":29.0},{"not_picked":["Crescendo","Vengeance"],"picked":"FlyingSleeves","floor":30},{"not_picked":["CutThroughFate","CarveReality"],"picked":"Consecrate+1","floor":31}],"player_experience":1179540,"relics_obtained":[{"floor":7.0,"key":"Toy Ornithopter"},{"floor":9.0,"key":"Art of War"},{"floor":10.0,"key":"Potion Belt"},{"floor":24.0,"key":"PreservedInsect"},{"floor":26.0,"key":"War Paint"},{"floor":29.0,"key":"Darkstone Periapt"}],"event_choices":[{"damage_healed":0.0,"max_hp_gain":0.0,"max_hp_loss":0.0,"gold_gain":0.0,"event_name":"Shining Light","player_choice":"Entered Light","floor":4.0,"gold_loss":0.0,"damage_taken":14.0,"cards_upgraded":["Eruption","Defend_P"]},{"damage_healed":0.0,"max_hp_gain":0.0,"max_hp_loss":0.0,"gold_gain":0.0,"event_name":"WeMeetAgain","player_choice":"Paid Gold","floor":20.0,"gold_loss":72.0,"damage_taken":0.0,"relics_obtained":["Ornamental Fan"]},{"cards_removed":["Strike_P"],"damage_healed":0.0,"max_hp_gain":0.0,"max_hp_loss":0.0,"gold_gain":0.0,"event_name":"Bonfire Elementals","player_choice":"Offered Basic","floor":27.0,"gold_loss":0.0,"damage_taken":0.0}],"is_beta":true,"boss_relics":[{"not_picked":["Busted Crown","Runic Dome"],"picked":"SacredBark"}],"items_purged_floors":[5,19],"is_endless":false,"potions_floor_spawned":[3,11,12,16,24,29,31],"killed_by":"Champ","ascension_level":4}