{"gold_per_floor":[315,390,315,326,65,65,95,95,119,137,162,180,20,34,34,111,111,124,124,140,140,40,40,58,58,58,90,90,103,103,119,119,196,196,216,137,237,251,43,43,43,77,152,167,167,167],"floor_reached":46,"playtime":2430,"items_purged":["Strike_R","Barricade"],"score":953,"play_id":"1a6d3254-cdab-43a2-8cdc-169214343a05","local_time":"20190902225036","is_ascension_mode":true,"campfire_choices":[{"data":"Bash","floor":6.0,"key":"SMITH"},{"data":"Inflame","floor":8.0,"key":"SMITH"},{"data":"Flame Barrier","floor":15.0,"key":"SMITH"},{"data":"True Grit","floor":23.0,"key":"SMITH"},{"data":"True Grit","floor":25.0,"key":"SMITH"},{"floor":28.0,"key":"REST"},{"floor":32.0,"key":"REST"},{"data":"Feel No Pain","floor":40,"key":"SMITH"},{"floor":45,"key":"REST"}],"neow_cost":"NO_GOLD","seed_source_timestamp":8108727961900,"circlet_count":0,"master_deck":["AscendersBane","Defend_R","Defend_R","Defend_R","Defend_R","Bash+1","Inflame+1","Flame Barrier+1","Cleave","Intimidate","Iron Wave","Carnage+1","Sword Boomerang+1","Anger+1","Reaper+1","Whirlwind+1","True Grit+1","True Grit+1","Offering","Headbutt+1","Shrug It Off","Feel No Pain+1","Warcry","Inflame+1","Shrug It Off","Blind","Seeing Red+1","Parasite","Reaper+1"],"special_seed":0,"relics":["Burning Blood","Old Coin","Ancient Tea Set","Bag of Marbles","Molten Egg 2","Bag of Preparation","Empty Cage","Potion Belt","Dodecahedron","Orrery","Calipers","Bottled Flame","Meat on the Bone"],"potions_floor_usage":[37,38,42,44],"damage_taken":[{"damage":7.0,"enemies":"Jaw Worm","floor":1.0,"turns":3.0},{"damage":4.0,"enemies":"Small Slimes","floor":4.0,"turns":4.0},{"damage":8.0,"enemies":"Gremlin Nob","floor":7.0,"turns":3.0},{"damage":4.0,"enemies":"Cultist","floor":10.0,"turns":4.0},{"damage":20.0,"enemies":"3 Sentries","floor":11.0,"turns":7.0},{"damage":7.0,"enemies":"3 Louse","floor":12.0,"turns":5.0},{"damage":0.0,"enemies":"Exordium Wildlife","floor":14.0,"turns":3.0},{"damage":19.0,"enemies":"Hexaghost","floor":16.0,"turns":7.0},{"damage":9.0,"enemies":"Chosen","floor":18.0,"turns":3.0},{"damage":14.0,"enemies":"2 Thieves","floor":20.0,"turns":4.0},{"damage":52.0,"enemies":"Sentry and Sphere","floor":24.0,"turns":6.0},{"damage":24.0,"enemies":"Book of Stabbing","floor":27.0,"turns":4.0},{"damage":14.0,"enemies":"Centurion and Healer","floor":29.0,"turns":2.0},{"damage":45.0,"enemies":"Shelled Parasite and Fungi","floor":31.0,"turns":7.0},{"damage":26.0,"enemies":"Champ","floor":33.0,"turns":11.0},{"damage":22,"enemies":"3 Shapes","floor":35,"turns":11},{"damage":6,"enemies":"Mind Bloom Boss Battle","floor":37,"turns":11},{"damage":33,"enemies":"3 Darklings","floor":38,"turns":5},{"damage":56,"enemies":"Reptomancer","floor":42,"turns":8},{"damage":47,"enemies":"Writhing Mass","floor":44,"turns":9},{"damage":80,"enemies":"Giant Head","floor":46,"turns":6}],"seed_played":"-3641163691075711841","potions_obtained":[{"floor":4.0,"key":"Weak Potion"},{"floor":7.0,"key":"BloodPotion"},{"floor":10.0,"key":"Energy Potion"},{"floor":29.0,"key":"PowerPotion"},{"floor":31.0,"key":"EssenceOfSteel"},{"floor":33.0,"key":"Fire Potion"},{"floor":35,"key":"Energy Potion"},{"floor":42,"key":"Regen Potion"},{"floor":44,"key":"Explosive Potion"}],"is_trial":false,"path_per_floor":["M","?","?","M","$","R","E","R","T","M","E","M","$","M","R","B",null,"M","?","M","?","$","R","M","R","T","E","R","M","?","M","R","B",null,"M","$","?","M","$","R","?","E","T","M","R","E"],"character_chosen":"IRONCLAD","items_purchased":["Cleave","AttackPotion","Intimidate","Bag of Preparation","Whirlwind+1","True Grit","Shrug It Off","Energy Potion","Blind"],"campfire_rested":3,"item_purchase_floors":[5,5,5,13,22,22,36,36,39],"current_hp_per_floor":[67,56,56,58,58,58,56,56,56,58,44,43,43,49,49,36,65,67,67,59,59,59,59,38,38,38,20,42,34,49,18,40,62,72,72,72,75,63,63,63,63,25,25,19,41,0],"gold":167,"neow_bonus":"ONE_RARE_RELIC","is_prod":false,"is_daily":false,"chose_seed":false,"campfire_upgraded":6,"win_rate":0,"timestamp":1567479036,"path_taken":["M","?","?","M","$","R","E","R","T","M","E","M","?","M","R","BOSS","M","?","M","?","$","R","?","R","T","E","R","M","?","M","R","BOSS","M","$","?","M","$","R","?","E","T","M","R","E"],"build_version":"2019-07-17","purchased_purges":2,"victory":false,"max_hp_per_floor":[75,75,75,75,75,75,75,75,75,75,75,75,75,75,75,75,75,75,75,75,75,75,75,75,75,75,75,75,75,75,75,75,75,75,75,75,75,75,75,75,75,75,75,75,75,75],"card_choices":[{"not_picked":["Cleave","Sentinel"],"picked":"Inflame","floor":1.0},{"not_picked":["Power Through","Flex"],"picked":"Flame Barrier","floor":4.0},{"not_picked":["Body Slam","Reckless Charge","Sever Soul"],"picked":"SKIP","floor":7.0},{"not_picked":["Perfected Strike","Havoc"],"picked":"Iron Wave","floor":10.0},{"not_picked":["Flex","Barricade"],"picked":"Carnage","floor":11.0},{"not_picked":["Reckless Charge+1","Heavy Blade+1"],"picked":"Sword Boomerang+1","floor":12.0},{"not_picked":["Pommel Strike+1","Dual Wield"],"picked":"Anger+1","floor":14.0},{"not_picked":["Feed+1","Brutality"],"picked":"Reaper+1","floor":16.0},{"not_picked":["Iron Wave+1","Corruption+1"],"picked":"Clothesline+1","floor":18.0},{"not_picked":["Iron Wave+1","Dual Wield","Wild Strike+1"],"picked":"SKIP","floor":20.0},{"not_picked":["Metallicize","Entrench"],"picked":"True Grit","floor":24.0},{"not_picked":["Intimidate","Sever Soul+1","Sword Boomerang+1"],"picked":"SKIP","floor":27.0},{"not_picked":["Seeing Red","Iron Wave+1"],"picked":"Barricade","floor":29.0},{"not_picked":["Cleave+1","Clothesline+1","Sword Boomerang+1"],"picked":"SKIP","floor":31.0},{"not_picked":["Reaper+1","Immolate+1"],"picked":"Offering","floor":33.0},{"not_picked":["Clothesline+1","Blood for Blood+1"],"picked":"Headbutt+1","floor":34},{"not_picked":["Hemokinesis+1","Thunderclap+1"],"picked":"Shrug It Off","floor":34},{"not_picked":["Rampage+1","Warcry+1"],"picked":"Feel No Pain","floor":34},{"not_picked":["Headbutt+1","Whirlwind+1"],"picked":"Warcry","floor":34},{"not_picked":["Hemokinesis+1","True Grit"],"picked":"Inflame+1","floor":35},{"not_picked":["Iron Wave+1","Sword Boomerang+1","Clothesline+1"],"picked":"SKIP","floor":38},{"not_picked":["Dual Wield","Clash+1"],"picked":"Seeing Red+1","floor":42},{"not_picked":["Flex","Ghostly Armor+1"],"picked":"Reaper+1","floor":44}],"player_experience":946517,"relics_obtained":[{"floor":7.0,"key":"Ancient Tea Set"},{"floor":9.0,"key":"Bag of Marbles"},{"floor":11.0,"key":"Molten Egg 2"},{"floor":26.0,"key":"Potion Belt"},{"floor":27.0,"key":"Dodecahedron"},{"floor":37,"key":"Calipers"},{"floor":42,"key":"Bottled Flame"},{"floor":43,"key":"Meat on the Bone"}],"event_choices":[{"damage_healed":0.0,"max_hp_gain":0.0,"max_hp_loss":0.0,"gold_gain":75.0,"event_name":"World of Goop","player_choice":"Gather Gold","floor":2.0,"gold_loss":0.0,"damage_taken":11.0},{"cards_removed":["Strike_R"],"damage_healed":0.0,"max_hp_gain":0.0,"max_hp_loss":0.0,"gold_gain":0.0,"event_name":"The Cleric","player_choice":"Card Removal","floor":3.0,"gold_loss":75.0,"damage_taken":0.0},{"cards_removed":["Strike_R"],"damage_healed":0.0,"max_hp_gain":0.0,"max_hp_loss":0.0,"gold_gain":0.0,"event_name":"Bonfire Elementals","player_choice":"Offered Basic","floor":21.0,"gold_loss":0.0,"damage_taken":0.0},{"damage_healed":15.0,"max_hp_gain":0.0,"max_hp_loss":0.0,"gold_gain":0.0,"event_name":"The Library","player_choice":"Heal","floor":30.0,"gold_loss":0.0,"damage_taken":0.0},{"damage_healed":0,"gold_gain":0,"player_choice":"Fight","damage_taken":0,"max_hp_gain":0,"max_hp_loss":0,"event_name":"MindBloom","floor":37,"gold_loss":0},{"cards_removed":["Clothesline"],"damage_healed":0,"gold_gain":0,"player_choice":"Removed Attack","damage_taken":0,"max_hp_gain":0,"max_hp_loss":0,"event_name":"Falling","floor":41,"gold_loss":0}],"is_beta":false,"boss_relics":[{"not_picked":["Black Star","Black Blood"],"picked":"Empty Cage"},{"not_picked":["Lizard Tail","Runic Dome"],"picked":"Orrery"}],"items_purged_floors":[5,39],"is_endless":false,"potions_floor_spawned":[4,7,10,29,31,33,35,42,44],"killed_by":"Giant Head","ascension_level":19}