{"gold_per_floor":[364,514,189,189,203,237,237,249,249,249,210,239,98,116,116,116],"floor_reached":16,"playtime":603,"items_purged":["Doubt","Strike_R"],"score":204,"play_id":"4d86d31d-3917-4ad1-9833-3176dc6529a4","local_time":"20191011153545","is_ascension_mode":true,"campfire_choices":[{"data":"Bash","floor":7,"key":"SMITH"},{"data":"Armaments","floor":10,"key":"SMITH"},{"floor":15,"key":"REST"}],"neow_cost":"PERCENT_DAMAGE","seed_source_timestamp":107552856961300,"circlet_count":0,"master_deck":["AscendersBane","Strike_R","Strike_R","Strike_R","Defend_R","Defend_R","Defend_R","Defend_R","Bash+1","Sword Boomerang","Feel No Pain","Shrug It Off","Pommel Strike","Armaments+1","Juggernaut","Thunderclap","Anger"],"relics":["Burning Blood","Letter Opener","CeramicFish"],"potions_floor_usage":[6,8,12,16,16],"damage_taken":[{"damage":10,"enemies":"Small Slimes","floor":1,"turns":3},{"damage":2,"enemies":"2 Louse","floor":5,"turns":3},{"damage":32,"enemies":"Gremlin Nob","floor":6,"turns":4},{"damage":7,"enemies":"Jaw Worm","floor":8,"turns":2},{"damage":5,"enemies":"Exordium Thugs","floor":11,"turns":5},{"damage":6,"enemies":"3 Louse","floor":12,"turns":5},{"damage":8,"enemies":"Blue Slaver","floor":14,"turns":4},{"damage":53,"enemies":"Slime Boss","floor":16,"turns":13}],"seed_played":"573510962149818782","potions_obtained":[{"floor":8,"key":"Fruit Juice"},{"floor":11,"key":"Weak Potion"},{"floor":12,"key":"Block Potion"}],"is_trial":false,"path_per_floor":["M","?","$","?","M","E","R","M","T","R","M","M","$","M","R","B"],"character_chosen":"IRONCLAD","items_purchased":["Feel No Pain","Shrug It Off","AttackPotion","FearPotion","Anger"],"campfire_rested":1,"item_purchase_floors":[3,3,3,3,13],"current_hp_per_floor":[46,46,46,39,43,17,17,21,21,21,22,22,22,20,44,0],"gold":116,"neow_bonus":"TWO_FIFTY_GOLD","is_prod":false,"is_daily":false,"chose_seed":false,"campfire_upgraded":2,"win_rate":0,"timestamp":1570822545,"path_taken":["M","?","$","?","M","E","R","?","T","R","M","M","$","M","R","BOSS"],"build_version":"2019-10-11","purchased_purges":2,"victory":false,"max_hp_per_floor":[75,75,75,75,75,75,75,80,80,80,80,80,80,80,80,80],"card_choices":[{"not_picked":["Flex","Body Slam"],"picked":"Sword Boomerang","floor":1},{"not_picked":["Flex","Seeing Red","Power Through"],"picked":"SKIP","floor":5},{"not_picked":["Warcry","Wild Strike"],"picked":"Pommel Strike","floor":6},{"not_picked":["Warcry","Pommel Strike"],"picked":"Armaments","floor":8},{"not_picked":["True Grit","Second Wind"],"picked":"Juggernaut","floor":11},{"not_picked":["Shrug It Off","Blood for Blood"],"picked":"Thunderclap","floor":12},{"not_picked":["Perfected Strike","Body Slam","Pommel Strike"],"picked":"SKIP","floor":14}],"player_experience":1294491,"relics_obtained":[{"floor":6,"key":"Letter Opener"},{"floor":9,"key":"CeramicFish"}],"event_choices":[{"damage_healed":0,"gold_gain":150,"player_choice":"AGREE","damage_taken":0,"max_hp_gain":0,"max_hp_loss":0,"event_name":"Liars Game","floor":2,"gold_loss":0,"cards_obtained":["Doubt"]},{"cards_removed":["Strike_R"],"damage_healed":0,"gold_gain":0,"player_choice":"Card Removal","damage_taken":7,"max_hp_gain":0,"max_hp_loss":0,"event_name":"Golden Wing","floor":4,"gold_loss":0}],"is_beta":true,"boss_relics":[],"items_purged_floors":[3,13],"is_endless":false,"potions_floor_spawned":[8,11,12],"killed_by":"Slime Boss","ascension_level":20}