{"gold_per_floor":[11,11,11,22,39,39,57,16,16,16],"floor_reached":10,"playtime":539,"items_purged":[],"score":58,"play_id":"f586cc6f-c8a0-4d81-bc06-9d1b16a7d37d","local_time":"20190821221050","is_ascension_mode":false,"campfire_choices":[{"floor":6,"key":"RECALL"}],"neow_cost":"NO_GOLD","seed_source_timestamp":5000149761300,"circlet_count":0,"master_deck":["Strike_B+1","Strike_B","Strike_B+1","Strike_B","Defend_B","Defend_B","Defend_B","Defend_B","Zap","Dualcast","Creative AI+1","Storm","Stack","Sweeping Beam","Conserve Battery"],"relics":["Cracked Core"],"potions_floor_usage":[],"damage_taken":[{"damage":5,"enemies":"2 Louse","floor":1,"turns":3},{"damage":11,"enemies":"Jaw Worm","floor":4,"turns":5},{"damage":1,"enemies":"Cultist","floor":5,"turns":4},{"damage":22,"enemies":"2 Fungi Beasts","floor":7,"turns":4},{"damage":24,"enemies":"Gremlin Gang","floor":10,"turns":3}],"seed_played":"2971837810751818576","potions_obtained":[],"is_trial":false,"path_per_floor":["M","?","?","M","M","R","M","?","T","M"],"character_chosen":"DEFECT","items_purchased":[],"campfire_rested":0,"item_purchase_floors":[],"current_hp_per_floor":[70,70,55,44,43,43,21,21,21,0],"gold":16,"neow_bonus":"THREE_RARE_CARDS","is_prod":false,"is_daily":false,"chose_seed":false,"campfire_upgraded":0,"win_rate":0,"timestamp":1566439850,"path_taken":["M","?","?","M","M","R","M","?","T","M"],"build_version":"2019-07-17","purchased_purges":0,"victory":false,"max_hp_per_floor":[75,75,75,75,75,75,75,75,75,75],"card_choices":[{"not_picked":["Multi-Cast","Fission"],"picked":"Creative AI","floor":0},{"not_picked":["Coolheaded","Streamline"],"picked":"Storm","floor":1},{"not_picked":["Static Discharge","Redo"],"picked":"Stack","floor":4},{"not_picked":["Compile Driver","Doom and Gloom"],"picked":"Sweeping Beam","floor":5},{"not_picked":["Redo","Skim"],"picked":"Conserve Battery","floor":7}],"player_experience":29797,"relics_obtained":[],"event_choices":[{"damage_healed":0,"gold_gain":0,"player_choice":"Grow","damage_taken":0,"max_hp_gain":0,"max_hp_loss":0,"event_name":"Living Wall","floor":2,"gold_loss":0,"cards_upgraded":["Creative AI"]},{"damage_healed":0,"gold_gain":0,"player_choice":"Entered Light","damage_taken":15,"max_hp_gain":0,"max_hp_loss":0,"event_name":"Shining Light","floor":3,"gold_loss":0,"cards_upgraded":["Strike_B","Strike_B"]},{"damage_healed":0,"gold_gain":0,"player_choice":"Left Gold","damage_taken":0,"max_hp_gain":0,"max_hp_loss":0,"event_name":"World of Goop","floor":8,"gold_loss":41}],"is_beta":false,"boss_relics":[],"items_purged_floors":[],"is_endless":false,"potions_floor_spawned":[],"killed_by":"Gremlin Gang","ascension_level":0}