{"gold_per_floor":[11,22,42,7,25,59,59,19,19,19,30,64,78,3,3,3],"floor_reached":16,"playtime":1142,"items_purged":["Strike_P"],"score":137,"play_id":"701d4008-240d-425e-82b9-c9e428a49c1a","local_time":"20190909185356","is_ascension_mode":false,"campfire_choices":[{"floor":10.0,"key":"REST"},{"floor":15,"key":"REST"}],"neow_cost":"NO_GOLD","seed_source_timestamp":581615337864800,"circlet_count":0,"master_deck":["Strike_P","Strike_P","Strike_P","Defend_P","Defend_P","Defend_P","Defend_P","Eruption","Vigilance","CutThroughFate","Devotion","Ragnarok","Prostrate","Fasting","MasterReality","BattleHymn","Halt","Sanctity"],"special_seed":0,"relics":["PureWater","Dream Catcher","Vajra","Kunai"],"potions_floor_usage":[12,12],"damage_taken":[{"damage":5.0,"enemies":"Small Slimes","floor":1.0,"turns":6.0},{"damage":5.0,"enemies":"2 Louse","floor":2.0,"turns":2.0},{"damage":0.0,"enemies":"Cultist","floor":3.0,"turns":3.0},{"damage":12.0,"enemies":"Exordium Thugs","floor":5.0,"turns":5.0},{"damage":52.0,"enemies":"3 Sentries","floor":6.0,"turns":10.0},{"damage":8,"enemies":"2 Fungi Beasts","floor":11,"turns":4},{"damage":0,"enemies":"Gremlin Nob","floor":12,"turns":2},{"damage":10,"enemies":"Looter","floor":13,"turns":4},{"damage":34,"enemies":"Hexaghost","floor":16,"turns":9}],"seed_played":"-5282357194274846302","potions_obtained":[{"floor":6.0,"key":"Strength Potion"},{"floor":11,"key":"Strength Potion"},{"floor":13,"key":"SteroidPotion"}],"is_trial":false,"path_per_floor":["M","M","M","$","M","E","?","?","T","R","M","E","M","$","R","B"],"character_chosen":"WATCHER","items_purchased":["Prostrate"],"campfire_rested":2,"item_purchase_floors":[4],"current_hp_per_floor":[72,67,67,67,55,3,3,3,3,26,18,18,8,8,31,0],"gold":3,"neow_bonus":"TWENTY_PERCENT_HP_BONUS","is_prod":false,"is_daily":false,"chose_seed":false,"campfire_upgraded":0,"win_rate":0.0,"timestamp":1568069636,"path_taken":["M","M","M","$","M","E","?","?","T","R","M","E","M","$","R","BOSS"],"build_version":"2019-09-09","purchased_purges":1,"victory":false,"max_hp_per_floor":[77,77,77,77,77,77,77,77,77,77,77,77,77,77,77,77],"card_choices":[{"not_picked":["Sanctity","Consecrate"],"picked":"CutThroughFate","floor":1.0},{"not_picked":["Scrawl","FlyingSleeves"],"picked":"Devotion","floor":2.0},{"not_picked":["Vengeance","Perseverance"],"picked":"Ragnarok","floor":3.0},{"not_picked":["CrushJoints","FlyingSleeves"],"picked":"Fasting","floor":5.0},{"not_picked":["JustLucky","EmptyFist"],"picked":"MasterReality","floor":6.0},{"not_picked":["Consecrate","Protect","Devotion"],"picked":"SKIP","floor":11},{"not_picked":["Wallop","ForeignInfluence"],"picked":"BattleHymn","floor":12},{"not_picked":["SpiritShield","FlyingSleeves"],"picked":"Halt","floor":13},{"not_picked":["Crescendo","Adaptation"],"picked":"Sanctity","floor":15}],"player_experience":1032500,"relics_obtained":[{"floor":6.0,"key":"Dream Catcher"},{"floor":9.0,"key":"Vajra"},{"floor":12,"key":"Kunai"}],"event_choices":[{"damage_healed":0.0,"max_hp_gain":0.0,"max_hp_loss":0.0,"gold_gain":0.0,"event_name":"Shining Light","player_choice":"Ignored","floor":7.0,"gold_loss":0.0,"damage_taken":0.0},{"damage_healed":0.0,"max_hp_gain":0.0,"max_hp_loss":0.0,"gold_gain":0.0,"event_name":"World of Goop","player_choice":"Left Gold","floor":8.0,"gold_loss":40.0,"damage_taken":0.0}],"is_beta":true,"boss_relics":[],"items_purged_floors":[14],"is_endless":false,"potions_floor_spawned":[6,11,13],"killed_by":"Hexaghost","ascension_level":0}