{"gold_per_floor":[117,117,42,217,46,46,65,91,171,171,185,203,203,220,220,317,317,327,346,446,446],"floor_reached":21,"playtime":573,"items_purged":["Strike_B","Doubt"],"score":169,"play_id":"51fa68c4-669b-4167-897c-7824f11dbaee","local_time":"20190417141022","is_ascension_mode":false,"campfire_choices":[{"data":"Zap","floor":6,"key":"SMITH"},{"data":"Streamline","floor":10,"key":"SMITH"},{"data":"Dualcast","floor":13,"key":"SMITH"},{"data":"Creative AI","floor":15,"key":"SMITH"}],"neow_cost":"NONE","seed_source_timestamp":9470599310137,"circlet_count":0,"master_deck":["Strike_B","Strike_B","Defend_B","Defend_B","Defend_B","Zap+1","Dualcast+1","Streamline+1","Capacitor","Coolheaded","Creative AI+1","Fission","Ball Lightning","Glacier","Ball Lightning+1"],"relics":["Cracked Core","Vajra","The Courier","Fusion Hammer","Dead Branch","Dodecahedron"],"potions_floor_usage":[16,16,18,20],"damage_taken":[{"damage":0,"enemies":"Cultist","floor":1,"turns":3},{"damage":0,"enemies":"2 Louse","floor":7,"turns":2},{"damage":0,"enemies":"Jaw Worm","floor":11,"turns":3},{"damage":3,"enemies":"Exordium Thugs","floor":12,"turns":3},{"damage":6,"enemies":"Large Slime","floor":14,"turns":5},{"damage":9,"enemies":"The Guardian","floor":16,"turns":8},{"damage":11,"enemies":"Spheric Guardian","floor":18,"turns":6},{"damage":18,"enemies":"2 Thieves","floor":19,"turns":4},{"damage":12,"enemies":"Colosseum Slavers","floor":20,"turns":6},{"damage":29,"enemies":"Colosseum Nobs","floor":20,"turns":7},{"damage":9,"enemies":"Snake Plant","floor":21,"turns":1}],"seed_played":"-5178006494221177707","potions_obtained":[{"floor":11,"key":"SkillPotion"},{"floor":14,"key":"SkillPotion"},{"floor":16,"key":"SkillPotion"},{"floor":18,"key":"PowerPotion"}],"is_trial":false,"path_per_floor":["M","?","$","?","$","R","M","T","T","R","M","M","R","M","R","B",null,"M","M","?","M"],"character_chosen":"DEFECT","items_purchased":["Capacitor"],"campfire_rested":0,"item_purchase_floors":[5],"current_hp_per_floor":[75,68,68,68,68,68,68,68,68,68,68,65,65,59,59,50,75,64,46,5,0],"gold":446,"neow_bonus":"REMOVE_CARD","is_prod":false,"is_daily":false,"chose_seed":false,"campfire_upgraded":4,"win_rate":0,"timestamp":1555531822,"path_taken":["M","?","$","?","$","R","M","?","T","R","?","M","R","M","R","BOSS","M","M","?","M"],"build_version":"2019-01-23","purchased_purges":2,"victory":false,"max_hp_per_floor":[75,75,75,75,75,75,75,75,75,75,75,75,75,75,75,75,75,75,75,75,75],"card_choices":[{"not_picked":["Go for the Eyes","Barrage"],"picked":"Streamline","floor":1},{"not_picked":["Reprogram","Self Repair"],"picked":"Coolheaded","floor":7},{"not_picked":["FTL","Beam Cell"],"picked":"Creative AI","floor":11},{"not_picked":["Rebound","Conserve Battery","Turbo"],"picked":"SKIP","floor":12},{"not_picked":["Fusion","Barrage","Rebound"],"picked":"SKIP","floor":14},{"not_picked":["Biased Cognition","Electrodynamics"],"picked":"Fission","floor":16},{"not_picked":["Sunder+1","Reprogram"],"picked":"Ball Lightning","floor":18},{"not_picked":["Beam Cell","Streamline"],"picked":"Glacier","floor":19},{"not_picked":["Auto Shields","Coolheaded"],"picked":"Ball Lightning+1","floor":20}],"player_experience":1243487,"relics_obtained":[{"floor":8,"key":"Vajra"},{"floor":9,"key":"The Courier"},{"floor":20,"key":"Dead Branch"},{"floor":20,"key":"Dodecahedron"}],"event_choices":[{"cards_removed":["Defend_B"],"damage_healed":0,"gold_gain":0,"player_choice":"Card Removal","damage_taken":7,"max_hp_gain":0,"max_hp_loss":0,"event_name":"Golden Wing","floor":2,"gold_loss":0},{"damage_healed":0,"gold_gain":175,"player_choice":"AGREE","damage_taken":0,"max_hp_gain":0,"max_hp_loss":0,"event_name":"Liars Game","floor":4,"gold_loss":0,"cards_obtained":["Doubt"]},{"damage_healed":0,"gold_gain":0,"player_choice":"Fight","damage_taken":0,"max_hp_gain":0,"max_hp_loss":0,"event_name":"Colosseum","floor":20,"gold_loss":0},{"damage_healed":0,"gold_gain":0,"player_choice":"Fought Nobs","damage_taken":0,"max_hp_gain":0,"max_hp_loss":0,"event_name":"Colosseum","floor":20,"gold_loss":0}],"is_beta":false,"boss_relics":[{"not_picked":["Ectoplasm","Black Star"],"picked":"Fusion Hammer"}],"items_purged_floors":[3,5],"is_endless":false,"potions_floor_spawned":[11,14,16,18,20],"killed_by":"Snake Plant","ascension_level":0}