{"gold_per_floor":[116,131,141,44,57,84,104,104,104,104,104,133,133,145,145,248,248,267,282,282,300,300],"floor_reached":22,"playtime":838,"items_purged":[],"score":280,"play_id":"8fac1392-00ca-43ae-ae29-5e445828d92a","local_time":"20190307232200","is_ascension_mode":true,"campfire_choices":[{"data":"Sunder","floor":8,"key":"SMITH"},{"data":"Biased Cognition","floor":15,"key":"SMITH"}],"neow_cost":"NONE","seed_source_timestamp":7136264138493,"circlet_count":0,"master_deck":["Strike_B","Strike_B","Strike_B","Strike_B","Defend_B","Defend_B","Defend_B","Defend_B","Zap","Dualcast","Creative AI","Compile Driver","Sunder+1","Reprogram","Rebound","Biased Cognition+1","Conserve Battery","Streamline+1","Rebound+1","Electrodynamics+1","Skim","Coolheaded+1","Genetic Algorithm+1"],"relics":["Cracked Core","Pear","DataDisk","Art of War","Molten Egg 2","Frozen Egg 2","Busted Crown"],"potions_floor_usage":[5,6,18,19,20],"damage_taken":[{"damage":9,"enemies":"Jaw Worm","floor":1,"turns":5},{"damage":0,"enemies":"Small Slimes","floor":2,"turns":2},{"damage":10,"enemies":"2 Louse","floor":3,"turns":3},{"damage":0,"enemies":"Gremlin Gang","floor":5,"turns":3},{"damage":25,"enemies":"Lagavulin","floor":6,"turns":5},{"damage":1,"enemies":"3 Louse","floor":7,"turns":2},{"damage":26,"enemies":"Gremlin Nob","floor":12,"turns":4},{"damage":0,"enemies":"Large Slime","floor":14,"turns":3},{"damage":19,"enemies":"Slime Boss","floor":16,"turns":7},{"damage":23,"enemies":"Shell Parasite","floor":18,"turns":3},{"damage":1,"enemies":"3 Byrds","floor":19,"turns":4},{"damage":0,"enemies":"Shelled Parasite and Fungi","floor":20,"turns":1},{"damage":22,"enemies":"Centurion and Healer","floor":21,"turns":6},{"damage":0,"enemies":"Colosseum Slavers","floor":22,"turns":1}],"seed_played":"743612692056156106","potions_obtained":[{"floor":6,"key":"Fire Potion"},{"floor":7,"key":"Block Potion"},{"floor":14,"key":"FearPotion"},{"floor":19,"key":"SmokeBomb"}],"is_trial":false,"path_per_floor":["M","M","M","$","M","E","M","R","T","?","?","E","?","M","R","B",null,"M","M","M","M","?"],"character_chosen":"DEFECT","items_purchased":["AttackPotion","FearPotion"],"campfire_rested":0,"item_purchase_floors":[4,4],"current_hp_per_floor":[59,59,49,49,49,34,33,33,33,61,58,32,32,32,32,13,67,44,43,43,21,21],"gold":300,"neow_bonus":"ONE_RANDOM_RARE_CARD","is_prod":false,"is_daily":false,"chose_seed":false,"campfire_upgraded":2,"win_rate":0,"timestamp":1552011720,"path_taken":["M","M","M","$","M","E","M","R","T","?","?","E","?","?","R","BOSS","M","M","M","M","?"],"build_version":"2019-01-23","purchased_purges":0,"victory":false,"max_hp_per_floor":[75,75,75,75,75,85,85,85,85,85,85,85,85,85,85,85,85,85,85,85,85,85],"card_choices":[{"not_picked":["Steam","Stack"],"picked":"Compile Driver","floor":1},{"not_picked":["Conserve Battery","Steam"],"picked":"Sunder","floor":2},{"not_picked":["Skim","Echo Form"],"picked":"Reprogram","floor":3},{"not_picked":["Leap","Auto Shields"],"picked":"Rebound","floor":5},{"not_picked":["Chaos","Capacitor"],"picked":"Biased Cognition","floor":6},{"not_picked":["Barrage","Redo"],"picked":"Conserve Battery","floor":7},{"not_picked":["Defragment","Barrage"],"picked":"Streamline","floor":12},{"not_picked":["Conserve Battery","Doom and Gloom+1"],"picked":"Rebound+1","floor":14},{"not_picked":["Rainbow","Multi-Cast"],"picked":"Electrodynamics+1","floor":16},{"not_picked":[],"picked":"Skim","floor":18},{"not_picked":[],"picked":"Coolheaded+1","floor":19},{"not_picked":[],"picked":"Genetic Algorithm+1","floor":21}],"player_experience":792019,"relics_obtained":[{"floor":6,"key":"Pear"},{"floor":9,"key":"DataDisk"},{"floor":12,"key":"Molten Egg 2"}],"event_choices":[{"damage_healed":28,"gold_gain":0,"player_choice":"Banana","damage_taken":0,"max_hp_gain":0,"max_hp_loss":0,"event_name":"Big Fish","floor":10,"gold_loss":0},{"damage_healed":0,"gold_gain":0,"player_choice":"Success","damage_taken":3,"relics_obtained":["Art of War"],"max_hp_gain":0,"max_hp_loss":0,"event_name":"Scrap Ooze","floor":11,"gold_loss":0},{"damage_healed":0,"gold_gain":0,"player_choice":"Gave Potion","damage_taken":0,"relics_obtained":["Frozen Egg 2"],"max_hp_gain":0,"max_hp_loss":0,"event_name":"WeMeetAgain","floor":13,"gold_loss":0},{"damage_healed":0,"gold_gain":0,"player_choice":"Fight","damage_taken":0,"max_hp_gain":0,"max_hp_loss":0,"event_name":"Colosseum","floor":22,"gold_loss":0}],"is_beta":false,"boss_relics":[{"not_picked":["Ectoplasm","White Beast Statue"],"picked":"Busted Crown"}],"items_purged_floors":[],"is_endless":false,"potions_floor_spawned":[6,7,14,19,20],"killed_by":"Colosseum Slavers","ascension_level":8}