{"gold_per_floor":[116,37,37,51,68,68,82,108,132,132,97,126,126,142,142,240,240,250,266,266,266,266,266,38,49,49,1,1,13,13,33,33,130,130,145,145,160,160,160,160,179,179,202,214],"floor_reached":44,"playtime":1704,"items_purged":[],"score":499,"play_id":"01e7d2a1-e90c-4d98-804c-fb9331c69cb0","local_time":"20181202002415","is_ascension_mode":true,"campfire_choices":[{"data":"Noxious Fumes","floor":6,"key":"SMITH"},{"floor":10,"key":"REST"},{"floor":13,"key":"REST"},{"data":"Backstab","floor":15,"key":"SMITH"},{"floor":23,"key":"REST"},{"floor":28,"key":"REST"},{"floor":30,"key":"REST"},{"floor":32,"key":"REST"},{"floor":40,"key":"REST"},{"floor":42,"key":"REST"}],"neow_cost":"NONE","seed_source_timestamp":1152807095701142,"circlet_count":0,"master_deck":["Defend_G","Defend_G","Defend_G","Strike_G","Strike_G","Strike_G","Strike_G","Strike_G","Survivor","Neutralize","Dagger Throw","Noxious Fumes+1","Sucker Punch","Backstab+1","Footwork","Infinite Blades","Flying Knee","All Out Attack","Unload","Underhanded Strike","Crippling Poison","J.A.X.","Necronomicurse","Noxious Fumes","Riddle With Holes","Cloak And Dagger","Tools of the Trade","Sucker Punch+1","Noxious Fumes","Dramatic Entrance"],"relics":["Ring of the Snake","NeowsBlessing","Juzu Bracelet","Boot","Bronze Scales","Velvet Choker","Necronomicon","Potion Belt","Art of War","Runic Pyramid","MawBank"],"potions_floor_usage":[16,31,33,33,33,37],"damage_taken":[{"damage":0,"enemies":"Cultist","floor":1,"turns":1},{"damage":0,"enemies":"2 Louse","floor":4,"turns":1},{"damage":0,"enemies":"Small Slimes","floor":5,"turns":1},{"damage":1,"enemies":"3 Louse","floor":7,"turns":2},{"damage":27,"enemies":"3 Sentries","floor":8,"turns":8},{"damage":25,"enemies":"Lagavulin","floor":12,"turns":8},{"damage":0,"enemies":"2 Fungi Beasts","floor":14,"turns":2},{"damage":44,"enemies":"The Guardian","floor":16,"turns":9},{"damage":19,"enemies":"2 Thieves","floor":18,"turns":4},{"damage":0,"enemies":"Spheric Guardian","floor":19,"turns":3},{"damage":14,"enemies":"Centurion and Healer","floor":25,"turns":5},{"damage":3,"enemies":"Chosen and Byrds","floor":29,"turns":3},{"damage":12,"enemies":"Snake Plant","floor":31,"turns":3},{"damage":53,"enemies":"Champ","floor":33,"turns":10},{"damage":5,"enemies":"Orb Walker","floor":35,"turns":2},{"damage":33,"enemies":"3 Darklings","floor":37,"turns":3},{"damage":35,"enemies":"Spire Growth","floor":41,"turns":4},{"damage":49,"enemies":"Reptomancer","floor":44,"turns":5}],"seed_played":"363807219754273096","potions_obtained":[{"floor":5,"key":"EssenceOfSteel"},{"floor":7,"key":"Dexterity Potion"},{"floor":8,"key":"Poison Potion"},{"floor":25,"key":"SpeedPotion"},{"floor":29,"key":"LiquidBronze"},{"floor":33,"key":"SkillPotion"},{"floor":41,"key":"SneckoOil"}],"is_trial":false,"path_per_floor":["M","$","?","M","M","R","M","E","T","R","?","E","R","M","R","B",null,"M","M","?","?","?","R","$","M","T","$","R","M","R","M","R","B",null,"M","?","M","?","?","R","M","R","T","E"],"character_chosen":"THE_SILENT","items_purchased":["Noxious Fumes","Noxious Fumes","Potion Belt","Block Potion"],"campfire_rested":8,"item_purchase_floors":[2,24,24,27],"current_hp_per_floor":[70,70,70,70,70,70,69,42,42,63,70,45,66,66,66,22,70,51,51,51,35,22,44,44,30,30,30,52,49,71,59,75,22,75,70,70,37,37,37,59,24,46,46,0],"gold":214,"neow_bonus":"THREE_ENEMY_KILL","is_prod":false,"is_daily":false,"chose_seed":false,"campfire_upgraded":2,"win_rate":0,"timestamp":1543728255,"path_taken":["M","$","?","M","?","R","M","E","T","R","?","E","R","M","R","BOSS","M","M","?","?","?","R","?","M","T","$","R","M","R","M","R","BOSS","M","?","M","?","?","R","M","R","T","E"],"build_version":"2018-11-15","purchased_purges":0,"victory":false,"max_hp_per_floor":[70,70,70,70,70,70,70,70,70,70,70,70,70,70,70,70,70,70,70,70,70,75,75,75,75,75,75,75,75,75,75,75,75,75,75,75,75,75,75,75,75,75,75,75],"card_choices":[{"not_picked":["Bane","Underhanded Strike"],"picked":"Dagger Throw","floor":1},{"not_picked":["Quick Slash","Slice"],"picked":"Sucker Punch","floor":4},{"not_picked":["Setup","Dagger Throw"],"picked":"Backstab","floor":5},{"not_picked":["Escape Plan","Bane"],"picked":"Footwork","floor":7},{"not_picked":["Deflect","Terror"],"picked":"Infinite Blades","floor":8},{"not_picked":["Deflect","Eviscerate"],"picked":"Flying Knee","floor":12},{"not_picked":["Deadly Poison","Endless Agony"],"picked":"All Out Attack","floor":14},{"not_picked":["A Thousand Cuts","Malaise"],"picked":"Unload","floor":16},{"not_picked":["Dagger Throw+1","Outmaneuver"],"picked":"Underhanded Strike","floor":18},{"not_picked":["Finisher","Flying Knee"],"picked":"Crippling Poison","floor":19},{"not_picked":["Dagger Throw","Deflect"],"picked":"Riddle With Holes","floor":25},{"not_picked":["Expertise","Outmaneuver","Leg Sweep"],"picked":"SKIP","floor":29},{"not_picked":["Deadly Poison","Blur"],"picked":"Cloak And Dagger","floor":31},{"not_picked":["Phantasmal Killer","Night Terror"],"picked":"Tools of the Trade","floor":33},{"not_picked":["Dodge and Roll","Terror"],"picked":"Sucker Punch+1","floor":35},{"not_picked":["Blade Dance","Slice"],"picked":"Noxious Fumes","floor":37},{"not_picked":["Discovery","Secret Technique"],"picked":"Dramatic Entrance","floor":39},{"not_picked":["Quick Slash+1","Dagger Spray","Poisoned Stab"],"picked":"SKIP","floor":41}],"player_experience":170831,"relics_obtained":[{"floor":8,"key":"Juzu Bracelet"},{"floor":9,"key":"Boot"},{"floor":12,"key":"Bronze Scales"},{"floor":21,"key":"Necronomicon"},{"floor":26,"key":"Art of War"},{"floor":43,"key":"MawBank"}],"event_choices":[{"cards_removed":["Defend_G"],"damage_healed":0,"gold_gain":0,"player_choice":"Offered Basic","damage_taken":0,"max_hp_gain":0,"max_hp_loss":0,"event_name":"Bonfire Elementals","floor":3,"gold_loss":0},{"damage_healed":17,"gold_gain":0,"player_choice":"Healed","damage_taken":0,"max_hp_gain":0,"max_hp_loss":0,"event_name":"The Cleric","floor":11,"gold_loss":35},{"damage_healed":0,"gold_gain":0,"player_choice":"Obtain J.A.X.","damage_taken":0,"max_hp_gain":0,"max_hp_loss":0,"event_name":"Drug Dealer","floor":20,"gold_loss":0,"cards_obtained":["J.A.X."]},{"damage_healed":0,"gold_gain":0,"player_choice":"Obtained Book","damage_taken":16,"max_hp_gain":0,"max_hp_loss":0,"event_name":"Cursed Tome","floor":21,"gold_loss":0},{"damage_healed":0,"gold_gain":0,"player_choice":"Shed Blood","damage_taken":18,"max_hp_gain":5,"max_hp_loss":0,"event_name":"Forgotten Altar","floor":22,"gold_loss":0},{"cards_removed":["Defend_G"],"damage_healed":0,"gold_gain":0,"player_choice":"Removed Skill","damage_taken":0,"max_hp_gain":0,"max_hp_loss":0,"event_name":"Falling","floor":36,"gold_loss":0},{"damage_healed":0,"gold_gain":0,"player_choice":"Ignored","damage_taken":0,"max_hp_gain":0,"max_hp_loss":0,"event_name":"Mysterious Sphere","floor":38,"gold_loss":0},{"damage_healed":0,"gold_gain":0,"player_choice":"Memory 1","damage_taken":0,"max_hp_gain":0,"max_hp_loss":0,"event_name":"SensoryStone","floor":39,"gold_loss":0}],"is_beta":false,"boss_relics":[{"not_picked":["Black Star","Runic Dome"],"picked":"Velvet Choker"},{"not_picked":["Sozu","Eternal Feather"],"picked":"Runic Pyramid"}],"items_purged_floors":[],"is_endless":false,"potions_floor_spawned":[5,7,8,25,29,33,41],"killed_by":"Reptomancer","ascension_level":4}