{"gold_per_floor":[110,110,110,124,124,30,30,58,84,13,31,57,69,100,100,200,200,200,200,77,77,2,2,2,2,2,2,2,2,2,0,0,0,0,0,0,0,0,0,0,0,0,0,0],"floor_reached":44,"playtime":2735,"items_purged":["Strike_R"],"score":614,"play_id":"af611a90-b100-4b9e-a1c9-5e628009822d","local_time":"20181129184240","is_ascension_mode":true,"campfire_choices":[{"floor":15,"key":"REST"},{"floor":23,"key":"REST"},{"floor":30,"key":"REST"},{"floor":32,"key":"REST"},{"floor":40,"key":"REST"},{"floor":42,"key":"REST"}],"neow_cost":"NONE","seed_source_timestamp":958479452595152,"circlet_count":0,"master_deck":["Strike_R","Strike_R","Strike_R","Strike_R","Defend_R","Defend_R","Defend_R","Defend_R","Bash","Cleave","Combust+1","Panacea","Flame Barrier","Rampage+1","Cleave","Inflame","Intimidate","Shrug It Off","Metallicize","Limit Break","Headbutt","Rupture","Headbutt","Flame Barrier","Disarm","Ghostly Armor","Shockwave+1","Shrug It Off","Demon Form","Rupture+1","Madness","Madness","Dark Shackles","Armaments+1","Shrug It Off+1","Reaper","Heavy Blade"],"relics":["Burning Blood","Red Skull","CultistMask","Dream Catcher","Smiling Mask","Pantograph","Art of War","Ectoplasm","Darkstone Periapt","Omamori","Question Card","White Beast Statue","Red Mask","Ice Cream","Centennial Puzzle"],"potions_floor_usage":[8,14,16,25,25,29,29,29,29,29,29,33,41,41],"damage_taken":[{"damage":2,"enemies":"2 Louse","floor":1,"turns":3},{"damage":4,"enemies":"Small Slimes","floor":4,"turns":3},{"damage":8,"enemies":"Gremlin Nob","floor":8,"turns":3},{"damage":6,"enemies":"Cultist","floor":11,"turns":4},{"damage":23,"enemies":"3 Sentries","floor":12,"turns":4},{"damage":7,"enemies":"Large Slime","floor":13,"turns":5},{"damage":18,"enemies":"Gremlin Nob","floor":14,"turns":3},{"damage":20,"enemies":"Slime Boss","floor":16,"turns":6},{"damage":15,"enemies":"Spheric Guardian","floor":18,"turns":5},{"damage":31,"enemies":"2 Thieves","floor":22,"turns":5},{"damage":49,"enemies":"Book of Stabbing","floor":25,"turns":6},{"damage":13,"enemies":"Snecko","floor":27,"turns":5},{"damage":11,"enemies":"Sentry and Sphere","floor":29,"turns":3},{"damage":61,"enemies":"Champ","floor":33,"turns":11},{"damage":20,"enemies":"3 Shapes","floor":35,"turns":6},{"damage":19,"enemies":"Orb Walker","floor":39,"turns":5},{"damage":24,"enemies":"Reptomancer","floor":41,"turns":7},{"damage":91,"enemies":"Transient","floor":44,"turns":5}],"seed_played":"4132553891063053202","potions_obtained":[{"floor":0,"key":"AttackPotion"},{"floor":0,"key":"PowerPotion"},{"floor":0,"key":"LiquidBronze"},{"floor":12,"key":"SteroidPotion"},{"floor":16,"key":"SteroidPotion"},{"floor":18,"key":"EssenceOfSteel"},{"floor":27,"key":"EntropicBrew"},{"floor":28,"key":"SteroidPotion"},{"floor":29,"key":"SpeedPotion"},{"floor":33,"key":"Dexterity Potion"},{"floor":35,"key":"GamblersBrew"},{"floor":39,"key":"Explosive Potion"},{"floor":41,"key":"Ancient Potion"}],"is_trial":false,"path_per_floor":["M","?","?","M","?","$","?","E","T","$","M","E","M","E","R","B",null,"M","?","$","T","M","R","?","E","T","M","?","M","R","?","R","B",null,"M","?","?","?","M","R","E","R","T","M"],"character_chosen":"IRONCLAD","items_purchased":["Panacea","Rampage","Rupture"],"campfire_rested":6,"item_purchase_floors":[6,10,20],"current_hp_per_floor":[80,80,80,80,80,80,80,78,78,78,78,61,60,48,72,66,80,71,71,71,71,46,70,70,27,27,20,20,15,39,39,63,25,80,66,56,56,56,43,67,49,73,73,0],"gold":0,"neow_bonus":"THREE_SMALL_POTIONS","is_prod":false,"is_daily":false,"chose_seed":false,"campfire_upgraded":0,"win_rate":0,"timestamp":1543534960,"path_taken":["M","?","?","?","?","?","?","E","T","$","M","E","M","E","R","BOSS","M","?","$","?","M","R","?","E","T","?","?","?","R","?","R","BOSS","M","?","?","?","M","R","E","R","T","M"],"build_version":"2018-11-15","purchased_purges":1,"victory":false,"max_hp_per_floor":[80,80,80,80,80,80,80,80,80,80,80,80,80,80,80,80,80,80,80,80,80,80,80,80,80,80,80,80,80,80,80,80,80,80,80,80,80,80,80,80,80,80,80,80],"card_choices":[{"not_picked":["Twin Strike","Disarm"],"picked":"Cleave","floor":1},{"not_picked":["Perfected Strike","Entrench"],"picked":"Combust","floor":4},{"not_picked":["Dark Embrace","Hemokinesis"],"picked":"Flame Barrier","floor":8},{"not_picked":["Rage","Entrench"],"picked":"Cleave","floor":11},{"not_picked":["Clothesline","Armaments"],"picked":"Inflame","floor":12},{"not_picked":["Second Wind","Cleave"],"picked":"Intimidate","floor":13},{"not_picked":["Armaments","Entrench"],"picked":"Shrug It Off","floor":14},{"not_picked":["Searing Blow","Exhume"],"picked":"Metallicize","floor":15},{"not_picked":["Reaper","Feed"],"picked":"Limit Break","floor":16},{"not_picked":["Corruption","Pommel Strike"],"picked":"Headbutt","floor":18},{"not_picked":["Reckless Charge+1","Feel No Pain"],"picked":"Headbutt","floor":22},{"not_picked":["Flex+1","Thunderclap"],"picked":"Flame Barrier","floor":23},{"not_picked":["Flex","Combust"],"picked":"Disarm","floor":25},{"not_picked":["Headbutt","Warcry","Iron Wave"],"picked":"Ghostly Armor","floor":27},{"not_picked":["Clothesline","Clash","Thunderclap","Perfected Strike+1"],"picked":"SKIP","floor":29},{"not_picked":["Warcry","Sever Soul","Sentinel"],"picked":"Shockwave+1","floor":30},{"not_picked":["Evolve","Clash","Berserk"],"picked":"Shrug It Off","floor":32},{"not_picked":["Impervious","Immolate","Offering"],"picked":"Demon Form","floor":33},{"not_picked":["Thunderclap+1","Dual Wield+1","Twin Strike"],"picked":"Rupture+1","floor":35},{"not_picked":["Impatience","Blind","Flash of Steel"],"picked":"Dark Shackles","floor":37},{"not_picked":["Whirlwind+1","Dual Wield+1","Twin Strike"],"picked":"Armaments+1","floor":39},{"not_picked":["Sever Soul+1","Body Slam+1","Wild Strike"],"picked":"Shrug It Off+1","floor":40},{"not_picked":["Cleave+1","Thunderclap+1","Perfected Strike+1"],"picked":"Reaper","floor":41},{"not_picked":["Warcry","Thunderclap","Flame Barrier"],"picked":"Heavy Blade","floor":42}],"player_experience":158172,"relics_obtained":[{"floor":8,"key":"Dream Catcher"},{"floor":9,"key":"Smiling Mask"},{"floor":12,"key":"Pantograph"},{"floor":14,"key":"Art of War"},{"floor":21,"key":"Darkstone Periapt"},{"floor":25,"key":"Omamori"},{"floor":26,"key":"Question Card"},{"floor":41,"key":"Ice Cream"},{"floor":43,"key":"Centennial Puzzle"}],"event_choices":[{"damage_healed":0,"gold_gain":0,"player_choice":"Box","damage_taken":0,"relics_obtained":["Red Skull"],"max_hp_gain":0,"max_hp_loss":0,"event_name":"Big Fish","floor":2,"gold_loss":0,"cards_obtained":["Regret"]},{"cards_removed":["Regret"],"damage_healed":0,"gold_gain":0,"player_choice":"Purged","damage_taken":0,"max_hp_gain":0,"max_hp_loss":0,"event_name":"Purifier","floor":3,"gold_loss":0},{"damage_healed":0,"gold_gain":0,"player_choice":"Trade","damage_taken":0,"relics_obtained":["CultistMask"],"max_hp_gain":0,"max_hp_loss":0,"event_name":"FaceTrader","floor":5,"gold_loss":0},{"damage_healed":0,"gold_gain":0,"player_choice":"Grow","damage_taken":0,"max_hp_gain":0,"max_hp_loss":0,"event_name":"Living Wall","floor":7,"gold_loss":0,"cards_upgraded":["Combust"]},{"damage_healed":0,"gold_gain":0,"player_choice":"Forge","damage_taken":0,"max_hp_gain":0,"max_hp_loss":0,"event_name":"Accursed Blacksmith","floor":19,"gold_loss":0,"cards_upgraded":["Rampage"]},{"damage_healed":0,"gold_gain":0,"player_choice":"Ignored","damage_taken":0,"max_hp_gain":0,"max_hp_loss":0,"event_name":"Beggar","floor":24,"gold_loss":0},{"damage_healed":0,"gold_gain":0,"player_choice":"Got Potions","damage_taken":0,"max_hp_gain":0,"max_hp_loss":0,"event_name":"Lab","floor":28,"gold_loss":0},{"damage_healed":0,"gold_gain":0,"player_choice":"Paid Fearfully","damage_taken":0,"max_hp_gain":0,"max_hp_loss":0,"event_name":"Masked Bandits","floor":31,"gold_loss":2},{"damage_healed":0,"gold_gain":0,"player_choice":"Embrace Madness","damage_taken":10,"max_hp_gain":0,"max_hp_loss":0,"event_name":"Winding Halls","floor":36,"gold_loss":0,"cards_obtained":["Madness","Madness"]},{"damage_healed":0,"gold_gain":0,"player_choice":"Memory 1","damage_taken":0,"max_hp_gain":0,"max_hp_loss":0,"event_name":"SensoryStone","floor":37,"gold_loss":0},{"damage_healed":0,"gold_gain":0,"player_choice":"Paid","damage_taken":0,"relics_obtained":["Red Mask"],"max_hp_gain":0,"max_hp_loss":0,"event_name":"Tomb of Lord Red Mask","floor":38,"gold_loss":0}],"is_beta":false,"boss_relics":[{"not_picked":["Runic Dome","Orrery"],"picked":"Ectoplasm"},{"not_picked":["Sozu","Runic Pyramid"],"picked":"White Beast Statue"}],"items_purged_floors":[20],"is_endless":false,"potions_floor_spawned":[1,12,16,18,27,29,33,35,39,41],"killed_by":"Transient","ascension_level":4}