{"gold_per_floor":[114,51,51,51,15,15,15,29,53,73,92,92,121,139,139,238,238,253,301,301,23,27,27,27,57,107,107,107,126,51,68,68,173,173,189,189,239,252,252],"floor_reached":39,"playtime":3319,"items_purged":["Strike_G"],"score":463,"play_id":"d66d5fb7-2bfa-4794-b56d-31c241ae22ae","local_time":"20181006214016","is_ascension_mode":true,"campfire_choices":[{"data":"Accuracy","floor":6,"key":"SMITH"},{"floor":15,"key":"REST"},{"data":"After Image","floor":24,"key":"SMITH"},{"floor":28,"key":"REST"},{"data":"Blade Dance","floor":32,"key":"SMITH"}],"neow_cost":"","seed_source_timestamp":180898533717219,"circlet_count":0,"master_deck":["Defend_G","Defend_G","Defend_G+1","Defend_G+1","Defend_G+1","Strike_G+1","Strike_G","Strike_G","Survivor","Neutralize","Infinite Blades","Accuracy+1","Infinite Blades","Blade Dance+1","Well Laid Plans","Escape Plan","A Thousand Cuts","Finisher","After Image+1","Backflip+1","Infinite Blades","Cloak And Dagger","Prepared","Calculated Gamble","Backstab","Finisher","Envenom","Storm of Steel","Cloak And Dagger","Infinite Blades","Noxious Fumes+1","Prepared+1","Cloak And Dagger+1","PiercingWail+1"],"relics":["Ring of the Snake","Vajra","Oddly Smooth Stone","Question Card","Omamori","Eternal Feather","War Paint","MutagenicStrength","Regal Pillow","Pear","Dream Catcher","Orrery","StoneCalendar","Gambling Chip"],"potions_floor_usage":[16,23,29,33,36,37,37],"damage_taken":[{"damage":0,"enemies":"Jaw Worm","floor":1,"turns":5},{"damage":0,"enemies":"Cultist","floor":8,"turns":3},{"damage":0,"enemies":"2 Louse","floor":10,"turns":2},{"damage":1,"enemies":"Large Slime","floor":11,"turns":6},{"damage":19,"enemies":"Gremlin Nob","floor":13,"turns":4},{"damage":3,"enemies":"Blue Slaver","floor":14,"turns":3},{"damage":9,"enemies":"Hexaghost","floor":16,"turns":7},{"damage":9,"enemies":"Spheric Guardian","floor":18,"turns":4},{"damage":5,"enemies":"2 Thieves","floor":22,"turns":4},{"damage":0,"enemies":"Slavers","floor":23,"turns":1},{"damage":32,"enemies":"Gremlin Leader","floor":25,"turns":7},{"damage":1,"enemies":"Sentry and Sphere","floor":29,"turns":5},{"damage":0,"enemies":"Snake Plant","floor":31,"turns":5},{"damage":28,"enemies":"Champ","floor":33,"turns":9},{"damage":8,"enemies":"3 Shapes","floor":35,"turns":4},{"damage":0,"enemies":"Mind Bloom Boss Battle","floor":36,"turns":8},{"damage":35,"enemies":"Mysterious Sphere","floor":37,"turns":7},{"damage":21,"enemies":"3 Darklings","floor":38,"turns":5},{"damage":31,"enemies":"Transient","floor":39,"turns":4}],"seed_played":"-2228257787404267311","potions_obtained":[{"floor":8,"key":"Swift Potion"},{"floor":10,"key":"SmokeBomb"},{"floor":11,"key":"SteroidPotion"},{"floor":14,"key":"GhostInAJar"},{"floor":16,"key":"FearPotion"},{"floor":27,"key":"Block Potion"},{"floor":29,"key":"GhostInAJar"},{"floor":35,"key":"Fire Potion"},{"floor":38,"key":"Dexterity Potion"}],"is_trial":false,"path_per_floor":["M","?","?","?","$","R","$","M","T","M","M","T","E","M","R","B",null,"M","T","?","$","M","E","R","E","T","?","R","M","$","M","R","B",null,"M","?","?","M"],"character_chosen":"THE_SILENT","items_purchased":["Infinite Blades","Regal Pillow","Infinite Blades","Cloak And Dagger"],"campfire_rested":2,"item_purchase_floors":[5,21,21,21],"current_hp_per_floor":[70,70,56,56,56,56,56,56,56,56,55,55,36,33,54,45,70,61,61,61,61,56,56,68,46,46,46,80,79,79,79,80,52,80,72,72,37,16,0],"gold":252,"neow_bonus":"","is_prod":false,"is_daily":false,"chose_seed":false,"campfire_upgraded":3,"win_rate":0,"timestamp":1538876416,"path_taken":["M","?","?","?","$","R","$","?","T","?","?","?","E","M","R","BOSS","M","?","?","$","M","E","R","E","T","?","R","M","$","?","R","BOSS","M","?","?","M","M"],"build_version":"2018-10-04v2","purchased_purges":1,"victory":false,"max_hp_per_floor":[70,70,70,70,70,70,70,70,70,70,70,70,70,70,70,70,70,70,70,70,70,70,70,70,80,80,80,80,80,80,80,80,80,80,80,80,80,80,80],"card_choices":[{"not_picked":["Backflip","Finisher"],"picked":"Infinite Blades","floor":1},{"not_picked":["Poisoned Stab","Deflect"],"picked":"Blade Dance","floor":8},{"not_picked":["Poisoned Stab","Underhanded Strike"],"picked":"Well Laid Plans","floor":10},{"not_picked":["Bane","Expertise"],"picked":"Escape Plan","floor":11},{"not_picked":["Dagger Throw","Sucker Punch","Bane"],"picked":"A Thousand Cuts","floor":13},{"not_picked":["Catalyst","Slice","Skewer"],"picked":"Finisher","floor":14},{"not_picked":["Envenom","Doppelganger","Adrenaline"],"picked":"After Image","floor":16},{"not_picked":["Tactician","Eviscerate","Bane+1"],"picked":"Backflip+1","floor":18},{"not_picked":["Poisoned Stab","Deflect","Distraction"],"picked":"Prepared","floor":22},{"not_picked":["Outmaneuver","Envenom","Flechettes"],"picked":"Calculated Gamble","floor":25},{"not_picked":["Bane","Dodge and Roll+1","Acrobatics+1"],"picked":"Backstab","floor":29},{"not_picked":["Tactician","Slice+1","Backflip"],"picked":"Finisher","floor":31},{"not_picked":["Unload","Tools of the Trade","Venomology"],"picked":"Envenom","floor":33},{"not_picked":["Quick Slash","Poisoned Stab+1","Dagger Throw"],"picked":"Storm of Steel","floor":34},{"not_picked":["Leg Sweep","Finisher","Deflect"],"picked":"Cloak And Dagger","floor":34},{"not_picked":["Crippling Poison+1","Flying Knee","Blade Dance"],"picked":"Infinite Blades","floor":34},{"not_picked":["Envenom","Cloak And Dagger","Blade Dance+1"],"picked":"Noxious Fumes+1","floor":35},{"not_picked":["Quick Slash+1","Underhanded Strike+1","Outmaneuver"],"picked":"Prepared+1","floor":36},{"not_picked":["Dodge and Roll","PiercingWail","Underhanded Strike+1"],"picked":"Cloak And Dagger+1","floor":37},{"not_picked":["Deadly Poison+1","Sucker Punch+1","Eviscerate+1"],"picked":"PiercingWail+1","floor":38}],"player_experience":105209,"relics_obtained":[{"floor":9,"key":"Oddly Smooth Stone"},{"floor":12,"key":"Question Card"},{"floor":13,"key":"Omamori"},{"floor":19,"key":"War Paint"},{"floor":25,"key":"Pear"},{"floor":26,"key":"Dream Catcher"},{"floor":36,"key":"StoneCalendar"},{"floor":37,"key":"Gambling Chip"}],"event_choices":[{"event_name":"WeMeetAgain","player_choice":"Gold","floor":2,"damage_taken":0},{"event_name":"Shining Light","player_choice":"Entered Light","floor":3,"damage_taken":0},{"event_name":"Transmorgrifier","player_choice":"Transform","floor":4,"damage_taken":0},{"event_name":"Drug Dealer","player_choice":"Inject Mutagens","floor":20,"damage_taken":0},{"event_name":"The Lab","player_choice":"Got Potions","floor":27,"damage_taken":0},{"event_name":"MindBloom","player_choice":"Fight","floor":36,"damage_taken":0},{"event_name":"Mysterious Sphere","player_choice":"Fight","floor":37,"damage_taken":0}],"is_beta":false,"boss_relics":[{"not_picked":["Runic Pyramid","Snecko Eye"],"picked":"Eternal Feather"},{"not_picked":["Runic Dome","Philosopher\u0027s Stone"],"picked":"Orrery"}],"items_purged_floors":[30],"is_endless":false,"potions_floor_spawned":[8,10,11,14,16,23,29,31,35,38],"killed_by":"Transient","ascension_level":1}