{"gold_per_floor":[118,128,140,140,65,78,104,104,104,120,132,164,180,215,215,312,312,312,312,312,312,21,21,21,21,21,21,21,21,21,21,21,21,21,21,21,21,21,21,21,21,21,21,21,21,21,21,21,21,21],"floor_reached":51,"playtime":2652,"items_purged":["Strike_R"],"score":829,"play_id":"9f19ce98-d868-4a88-a41e-820b62aa2345","local_time":"20181004230542","is_ascension_mode":true,"campfire_choices":[{"data":"Twin Strike","floor":8,"key":"SMITH"},{"floor":15,"key":"REST"},{"data":"Double Tap","floor":23,"key":"SMITH"},{"data":"Infernal Blade","floor":25,"key":"SMITH"},{"floor":32,"key":"REST"},{"data":"Madness","floor":41,"key":"SMITH"},{"data":"Battle Trance","floor":44,"key":"SMITH"},{"data":"Madness","floor":49,"key":"SMITH"}],"neow_cost":"NONE","seed_source_timestamp":13867547949694,"circlet_count":0,"master_deck":["Strike_R","Strike_R","Strike_R","Defend_R","Defend_R","Defend_R","Defend_R","Bash","Battle Trance+1","Burning Pact","Twin Strike+1","Headbutt+1","Pommel Strike+1","Clothesline+1","Cleave+1","Double Tap+1","Feel No Pain+1","Rampage+1","Immolate+1","Inflame+1","Cleave+1","Infernal Blade+1","Cleave+1","Demon Form+1","Madness+1","Madness+1","Shockwave+1","Combust+1","Fire Breathing+1","Inflame+1"],"relics":["Burning Blood","Molten Egg 2","Matryoshka","Blood Vial","Frozen Egg 2","Bag of Preparation","Ancient Tea Set","Ectoplasm","FossilizedHelix","Regal Pillow","Bottled Flame","Bird Faced Urn","Mummified Hand","Bag of Marbles","Sozu","Centennial Puzzle","Bronze Scales","Ornamental Fan"],"potions_floor_usage":[12,50,50],"damage_taken":[{"damage":6,"enemies":"Cultist","floor":1,"turns":4},{"damage":10,"enemies":"Small Slimes","floor":2,"turns":3},{"damage":0,"enemies":"2 Louse","floor":3,"turns":3},{"damage":7,"enemies":"Exordium Wildlife","floor":6,"turns":5},{"damage":28,"enemies":"Gremlin Nob","floor":7,"turns":4},{"damage":9,"enemies":"Blue Slaver","floor":10,"turns":3},{"damage":18,"enemies":"Large Slime","floor":11,"turns":5},{"damage":9,"enemies":"3 Sentries","floor":12,"turns":4},{"damage":7,"enemies":"Gremlin Gang","floor":13,"turns":4},{"damage":21,"enemies":"Lagavulin","floor":14,"turns":5},{"damage":31,"enemies":"Slime Boss","floor":16,"turns":8},{"damage":0,"enemies":"Spheric Guardian","floor":18,"turns":3},{"damage":10,"enemies":"3 Byrds","floor":20,"turns":3},{"damage":0,"enemies":"Cultist and Chosen","floor":24,"turns":4},{"damage":0,"enemies":"Gremlin Leader","floor":27,"turns":3},{"damage":40,"enemies":"Book of Stabbing","floor":29,"turns":4},{"damage":17,"enemies":"Centurion and Healer","floor":30,"turns":3},{"damage":16,"enemies":"Collector","floor":33,"turns":4},{"damage":8,"enemies":"3 Shapes","floor":35,"turns":3},{"damage":0,"enemies":"Orb Walker","floor":38,"turns":2},{"damage":7,"enemies":"Nemesis","floor":40,"turns":5},{"damage":11,"enemies":"Giant Head","floor":42,"turns":5},{"damage":0,"enemies":"3 Darklings","floor":46,"turns":1},{"damage":5,"enemies":"Maw","floor":47,"turns":5},{"damage":13,"enemies":"Transient","floor":48,"turns":5},{"damage":53,"enemies":"Donu and Deca","floor":50,"turns":6}],"seed_played":"-977224031278701128","potions_obtained":[{"floor":1,"key":"Energy Potion"},{"floor":2,"key":"Ancient Potion"},{"floor":7,"key":"FairyPotion"},{"floor":13,"key":"Regen Potion"},{"floor":27,"key":"BloodPotion"}],"is_trial":false,"path_per_floor":["M","M","M","?","$","M","E","R","T","M","M","E","M","E","R","B",null,"M","?","M","?","$","R","M","R","T","E","T","E","M","$","R","B",null,"M","$","?","M","?","E","R","E","T","R","?","M","M","M","R","B"],"character_chosen":"IRONCLAD","items_purchased":["FossilizedHelix"],"campfire_rested":2,"item_purchase_floors":[22],"current_hp_per_floor":[88,84,88,85,85,84,62,62,62,61,51,50,51,38,64,41,88,88,88,84,84,84,84,88,88,88,88,88,58,51,51,88,78,88,86,86,75,87,87,88,88,88,88,88,88,88,88,83,83,58],"gold":21,"neow_bonus":"TEN_PERCENT_HP_BONUS","is_prod":false,"is_daily":false,"chose_seed":false,"campfire_upgraded":6,"win_rate":0,"timestamp":1538708742,"path_taken":["M","?","M","?","$","M","E","R","T","M","M","E","?","E","R","BOSS","M","?","?","?","?","R","M","R","T","E","?","E","M","$","R","BOSS","M","$","?","M","?","E","R","E","T","R","?","M","M","M","R","BOSS"],"build_version":"2018-10-04","purchased_purges":1,"victory":true,"max_hp_per_floor":[88,88,88,88,88,88,88,88,88,88,88,88,88,88,88,88,88,88,88,88,88,88,88,88,88,88,88,88,88,88,88,88,88,88,88,88,88,88,88,88,88,88,88,88,88,88,88,88,88,88],"card_choices":[{"not_picked":["Rage","Flex"],"picked":"Battle Trance","floor":1},{"not_picked":["Twin Strike","Battle Trance"],"picked":"Burning Pact","floor":2},{"not_picked":["Iron Wave","Evolve"],"picked":"Twin Strike","floor":3},{"not_picked":["Flex","Dual Wield"],"picked":"Headbutt+1","floor":6},{"not_picked":["Warcry","Intimidate"],"picked":"Pommel Strike+1","floor":7},{"not_picked":["Bloodletting","Sever Soul+1"],"picked":"Clothesline+1","floor":10},{"not_picked":["Armaments","Havoc"],"picked":"Cleave+1","floor":11},{"not_picked":["Pummel+1","Iron Wave+1"],"picked":"Double Tap","floor":12},{"not_picked":["Headbutt+1","Twin Strike+1"],"picked":"Feel No Pain+1","floor":13},{"not_picked":["Sentinel","Havoc"],"picked":"Rampage+1","floor":14},{"not_picked":["Reaper+1","Bludgeon+1"],"picked":"Immolate+1","floor":16},{"not_picked":["Second Wind","Anger+1","Perfected Strike+1"],"picked":"SKIP","floor":18},{"not_picked":["Iron Wave+1","True Grit"],"picked":"Cleave+1","floor":20},{"not_picked":["Thunderclap+1","Sword Boomerang+1"],"picked":"Infernal Blade","floor":24},{"not_picked":["Exhume","Havoc","Clash+1"],"picked":"SKIP","floor":27},{"not_picked":["Clash+1","Havoc+1"],"picked":"Flex","floor":29},{"not_picked":["Iron Wave+1","Shrug It Off"],"picked":"Cleave+1","floor":30},{"not_picked":["Bludgeon+1","Impervious"],"picked":"Demon Form+1","floor":33},{"not_picked":["Pummel+1","Warcry+1","Armaments"],"picked":"SKIP","floor":35},{"not_picked":["Blood for Blood+1","Clothesline+1"],"picked":"Shockwave+1","floor":38},{"not_picked":["Twin Strike+1","Armaments+1"],"picked":"Combust+1","floor":40},{"not_picked":["Clash+1","Cleave+1","True Grit"],"picked":"SKIP","floor":42},{"not_picked":["Sentinel+1","Wild Strike+1","True Grit"],"picked":"SKIP","floor":46},{"not_picked":["Barricade+1","Armaments+1"],"picked":"Fire Breathing+1","floor":47},{"not_picked":["Warcry+1","Havoc"],"picked":"Inflame+1","floor":48}],"player_experience":90593,"relics_obtained":[{"floor":7,"key":"Matryoshka"},{"floor":9,"key":"Blood Vial"},{"floor":9,"key":"Frozen Egg 2"},{"floor":12,"key":"Bag of Preparation"},{"floor":14,"key":"Ancient Tea Set"},{"floor":26,"key":"Regal Pillow"},{"floor":26,"key":"Bottled Flame"},{"floor":27,"key":"Bird Faced Urn"},{"floor":28,"key":"Mummified Hand"},{"floor":29,"key":"Bag of Marbles"},{"floor":40,"key":"Centennial Puzzle"},{"floor":42,"key":"Bronze Scales"},{"floor":43,"key":"Ornamental Fan"}],"event_choices":[{"event_name":"Scrap Ooze","player_choice":"success","floor":4,"damage_taken":3},{"event_name":"The Library","player_choice":"Read","floor":19,"damage_taken":0},{"event_name":"Back to Basics","player_choice":"Elegance","floor":21,"damage_taken":0},{"event_name":"Winding Halls","player_choice":"Embrace Madness","floor":37,"damage_taken":0},{"event_name":"SecretPortal","player_choice":"Rejected Portal.","floor":39,"damage_taken":0},{"event_name":"Falling","player_choice":"Removed Skill","floor":45,"damage_taken":0}],"is_beta":false,"boss_relics":[{"not_picked":["Lizard Tail","Snecko Eye"],"picked":"Ectoplasm"},{"not_picked":["Empty Cage","Eternal Feather"],"picked":"Sozu"}],"items_purged_floors":[5],"is_endless":false,"potions_floor_spawned":[1,2,7,13,14,18,24,27,35,46,48],"ascension_level":1}