{"gold_per_floor":[116,116,132,82,99,128,147,147,173,190,190,190,202,228,228,323,323,337,262,262,275,289,289,301,301,301,301,301,328,328,348,348,449,449,459,459,459],"floor_reached":37,"playtime":2117,"items_purged":[],"score":464,"play_id":"d59c6617-bbf2-44d2-b8fa-7f5f9caa8efe","local_time":"20181015214344","is_ascension_mode":true,"campfire_choices":[{"floor":8,"key":"REST"},{"floor":11,"key":"REST"},{"floor":15,"key":"REST"},{"floor":23,"key":"REST"},{"floor":25,"key":"REST"},{"floor":27,"key":"REST"},{"floor":30,"key":"REST"},{"floor":32,"key":"REST"}],"neow_cost":"NONE","seed_source_timestamp":49468691156567,"circlet_count":0,"master_deck":["Strike_B+1","Defend_B+1","Zap","Dualcast","Ball Lightning","Conserve Battery","Redo","Ball Lightning","Sweeping Beam","Sunder","White Noise","Chaos","Go for the Eyes","White Noise","Thunder Strike","Cold Snap+1","Thunder Strike+1","Genetic Algorithm+1","Conserve Battery+1","Reinforced Body","Conserve Battery","Streamline","Defragment","Capacitor","Chill","BootSequence","Gash","Conserve Battery+1","Machine Learning","Ball Lightning+1"],"relics":["Cracked Core","GremlinMask","Blood Vial","Dream Catcher","Pen Nib","Astrolabe","Smiling Mask","Enchiridion","Gremlin Horn","Inserter"],"potions_floor_usage":[6,16,33,33,37,37],"damage_taken":[{"damage":0,"enemies":"Cultist","floor":1,"turns":4},{"damage":2,"enemies":"Jaw Worm","floor":3,"turns":3},{"damage":0,"enemies":"2 Louse","floor":5,"turns":2},{"damage":15,"enemies":"Gremlin Nob","floor":6,"turns":4},{"damage":6,"enemies":"Red Slaver","floor":7,"turns":3},{"damage":16,"enemies":"3 Louse","floor":10,"turns":3},{"damage":3,"enemies":"Looter","floor":13,"turns":3},{"damage":26,"enemies":"Lagavulin","floor":14,"turns":5},{"damage":46,"enemies":"Slime Boss","floor":16,"turns":9},{"damage":26,"enemies":"Shell Parasite","floor":18,"turns":5},{"damage":41,"enemies":"2 Thieves","floor":21,"turns":4},{"damage":6,"enemies":"Sentry and Sphere","floor":22,"turns":5},{"damage":0,"enemies":"Snecko","floor":24,"turns":4},{"damage":25,"enemies":"Book of Stabbing","floor":29,"turns":5},{"damage":5,"enemies":"3 Cultists","floor":31,"turns":4},{"damage":64,"enemies":"Collector","floor":33,"turns":11},{"damage":44,"enemies":"3 Shapes","floor":35,"turns":6},{"damage":40,"enemies":"3 Darklings","floor":37,"turns":5}],"seed_played":"-7628190508670114211","potions_obtained":[{"floor":1,"key":"AttackPotion"},{"floor":3,"key":"EssenceOfSteel"},{"floor":16,"key":"SkillPotion"},{"floor":21,"key":"Ancient Potion"},{"floor":29,"key":"EntropicBrew"},{"floor":33,"key":"Dexterity Potion"}],"is_trial":false,"path_per_floor":["M","?","M","?","M","E","M","R","T","M","R","?","M","E","R","B",null,"M","?","?","M","M","R","M","R","T","R","?","E","R","M","R","B",null,"M","?"],"character_chosen":"DEFECT","items_purchased":[],"campfire_rested":8,"item_purchase_floors":[],"current_hp_per_floor":[82,82,80,80,80,65,61,82,82,66,82,66,65,41,65,21,82,56,56,56,17,13,37,39,63,63,82,66,43,67,64,82,18,82,38,38,0],"gold":459,"neow_bonus":"TEN_PERCENT_HP_BONUS","is_prod":false,"is_daily":false,"chose_seed":false,"campfire_upgraded":0,"win_rate":0,"timestamp":1539654224,"path_taken":["M","?","M","?","M","E","M","R","T","?","R","?","M","E","R","BOSS","M","?","?","?","M","R","M","R","T","R","?","E","R","?","R","BOSS","M","?","?"],"build_version":"2018-10-11","purchased_purges":0,"victory":false,"max_hp_per_floor":[82,82,82,82,82,82,82,82,82,82,82,82,82,82,82,82,82,82,82,82,82,82,82,82,82,82,82,82,82,82,82,82,82,82,82,82,82],"card_choices":[{"not_picked":["Skim","Redo"],"picked":"Ball Lightning","floor":1},{"not_picked":["Beam Cell","Ball Lightning"],"picked":"Conserve Battery","floor":3},{"not_picked":["Streamline","Hologram"],"picked":"Redo","floor":5},{"not_picked":["Barrage","Darkness"],"picked":"Ball Lightning","floor":6},{"not_picked":["Barrage","Hologram"],"picked":"Sweeping Beam","floor":7},{"not_picked":["Recycle","Fission"],"picked":"Sunder","floor":10},{"not_picked":["Conserve Battery","Reprogram"],"picked":"White Noise","floor":11},{"not_picked":["Hologram","Rebound"],"picked":"Chaos","floor":13},{"not_picked":["Reprogram","Leap"],"picked":"Go for the Eyes","floor":14},{"not_picked":["Steam","Gash"],"picked":"White Noise","floor":15},{"not_picked":["Biased Cognition","Fission"],"picked":"Thunder Strike","floor":16},{"not_picked":["Rebound+1","Cold Snap"],"picked":"Conserve Battery+1","floor":18},{"not_picked":["Steam Power","Stack+1"],"picked":"Reinforced Body","floor":21},{"not_picked":["Double Energy+1","Gash"],"picked":"Conserve Battery","floor":22},{"not_picked":["Double Energy","Turbo"],"picked":"Streamline","floor":23},{"not_picked":["Stack","Turbo"],"picked":"Defragment","floor":24},{"not_picked":["Go for the Eyes+1","Turbo"],"picked":"Capacitor","floor":27},{"not_picked":["Seek","Cold Snap"],"picked":"Chill","floor":29},{"not_picked":["Doom and Gloom","Stack"],"picked":"BootSequence","floor":30},{"not_picked":["Beam Cell","FTL"],"picked":"Gash","floor":31},{"not_picked":["Beam Cell+1","Genetic Algorithm+1"],"picked":"Conserve Battery+1","floor":32},{"not_picked":["Core Surge","Biased Cognition"],"picked":"Machine Learning","floor":33},{"not_picked":["Compile Driver+1","White Noise"],"picked":"Ball Lightning+1","floor":35}],"player_experience":132880,"relics_obtained":[{"floor":6,"key":"Blood Vial"},{"floor":9,"key":"Dream Catcher"},{"floor":14,"key":"Pen Nib"},{"floor":26,"key":"Smiling Mask"},{"floor":28,"key":"Enchiridion"},{"floor":29,"key":"Gremlin Horn"}],"event_choices":[{"event_name":"FaceTrader","player_choice":"Trade","floor":2,"damage_taken":0},{"event_name":"The Cleric","player_choice":"Card Removal","floor":4,"damage_taken":0},{"event_name":"Shining Light","player_choice":"Entered Light","floor":12,"damage_taken":0},{"event_name":"Beggar","player_choice":"Gave Gold","floor":19,"damage_taken":0},{"event_name":"Purifier","player_choice":"One Purge","floor":20,"damage_taken":0},{"event_name":"Cursed Tome","player_choice":"Obtained Book","floor":28,"damage_taken":0},{"event_name":"Mysterious Sphere","player_choice":"Ignore","floor":36,"damage_taken":0}],"is_beta":false,"boss_relics":[{"not_picked":["Sozu","Snecko Eye"],"picked":"Astrolabe"},{"not_picked":["Calling Bell","Empty Cage"],"picked":"Inserter"}],"items_purged_floors":[],"is_endless":false,"potions_floor_spawned":[1,3,16,21,29,31,33],"killed_by":"3 Darklings","ascension_level":2}