{"gold_per_floor":[112,132,132,32,44,73,73,73,97,97,122,132,144,158,158,255,255,267,192,204,144,164,164,191,191,214,261,271,271,288,300,300,397,397,414,514,514,514,528,528,544,544,544,544,579,579],"floor_reached":46,"playtime":2702,"items_purged":[],"score":600,"play_id":"242f56c1-1186-47a0-9daf-92e60d0ad001","local_time":"20181127224201","is_ascension_mode":true,"campfire_choices":[{"floor":8.0,"key":"REST"},{"floor":10.0,"key":"REST"},{"floor":15.0,"key":"REST"},{"floor":23.0,"key":"REST"},{"floor":25.0,"key":"REST"},{"floor":32.0,"key":"REST"},{"floor":40,"key":"REST"},{"floor":44,"key":"REST"}],"neow_cost":"NONE","seed_source_timestamp":0,"circlet_count":0,"master_deck":["Strike_R","Strike_R","Strike_R","Strike_R","Defend_R","Defend_R","Defend_R","Bash","Intimidate","Iron Wave","Bloodletting","Rupture","Iron Wave","Spot Weakness","Shockwave","Headbutt","Reaper","Spot Weakness","Evolve","Infernal Blade","Iron Wave+1","Dual Wield","Armaments+1","RitualDagger","Blood for Blood","Fire Breathing","Demon Form","Armaments","Warcry","Warcry+1","Corruption"],"special_seed":0,"relics":["Burning Blood","Oddly Smooth Stone","Regal Pillow","Boot","Busted Crown","Self Forming Clay","Pen Nib","PreservedInsect","Sozu","FossilizedHelix","Omamori","Dodecahedron","Bag of Preparation","Lantern"],"potions_floor_usage":[42],"damage_taken":[{"damage":6.0,"enemies":"Cultist","floor":1.0,"turns":3.0},{"damage":9.0,"enemies":"Small Slimes","floor":2.0,"turns":3.0},{"damage":3.0,"enemies":"2 Louse","floor":5.0,"turns":4.0},{"damage":52.0,"enemies":"Gremlin Nob","floor":6.0,"turns":5.0},{"damage":21.0,"enemies":"Large Slime","floor":12.0,"turns":8.0},{"damage":15.0,"enemies":"Blue Slaver","floor":13.0,"turns":4.0},{"damage":8.0,"enemies":"3 Louse","floor":14.0,"turns":4.0},{"damage":22.0,"enemies":"Slime Boss","floor":16.0,"turns":7.0},{"damage":36.0,"enemies":"Chosen","floor":18.0,"turns":8.0},{"damage":23.0,"enemies":"Shell Parasite","floor":20.0,"turns":5.0},{"damage":26.0,"enemies":"Shelled Parasite and Fungi","floor":22.0,"turns":5.0},{"damage":26.0,"enemies":"Book of Stabbing","floor":24.0,"turns":5.0},{"damage":15.0,"enemies":"Snecko","floor":28.0,"turns":4.0},{"damage":33.0,"enemies":"Cultist and Chosen","floor":30.0,"turns":6.0},{"damage":31.0,"enemies":"Sentry and Sphere","floor":31.0,"turns":5.0},{"damage":81.0,"enemies":"Champ","floor":33.0,"turns":11.0},{"damage":25.0,"enemies":"3 Darklings","floor":35.0,"turns":5.0},{"damage":45.0,"enemies":"Mind Bloom Boss Battle","floor":36.0,"turns":7.0},{"damage":9.0,"enemies":"Orb Walker","floor":39.0,"turns":4.0},{"damage":50,"enemies":"Maw","floor":41,"turns":8},{"damage":43,"enemies":"Nemesis","floor":42,"turns":5},{"damage":67,"enemies":"Giant Head","floor":45,"turns":7},{"damage":19,"enemies":"Sphere and 2 Shapes","floor":46,"turns":2}],"seed_played":"-4293721191947032611","potions_obtained":[{"floor":1.0,"key":"SmokeBomb"},{"floor":5.0,"key":"Strength Potion"},{"floor":12.0,"key":"SteroidPotion"},{"floor":20.0,"key":"Poison Potion"},{"floor":24.0,"key":"FairyPotion"},{"floor":31.0,"key":"FearPotion"}],"is_trial":false,"path_per_floor":["M","M","?","$","M","E","?","R","T","R","T","M","M","M","R","B",null,"M","?","M","?","M","R","E","R","T","T","M","?","M","M","R","B",null,"M","?","T","T","M","R","M","E","T","R","E","M"],"character_chosen":"IRONCLAD","items_purchased":["Rupture","Iron Wave"],"campfire_rested":8,"item_purchase_floors":[4,4],"current_hp_per_floor":[80,77,77,77,80,34,39,64,64,85,85,70,61,59,85,69,85,55,55,53,53,33,73,53,85,85,85,79,73,57,45,85,15,85,81,47,47,47,48,85,41,9,9,49,14,0],"gold":579,"neow_bonus":"TRANSFORM_CARD","is_prod":false,"is_daily":false,"chose_seed":false,"campfire_upgraded":0,"win_rate":0,"timestamp":1543376521,"path_taken":["M","?","?","$","M","E","?","R","T","R","?","M","M","M","R","BOSS","M","?","?","?","?","R","E","R","T","?","M","?","M","M","R","BOSS","M","?","?","?","?","R","M","E","T","R","E","M"],"build_version":"2018-11-15","purchased_purges":0,"victory":false,"max_hp_per_floor":[80,80,80,80,80,80,85,85,85,85,85,85,85,85,85,85,85,85,85,85,85,85,85,85,85,85,85,85,85,85,85,85,85,85,85,85,85,85,85,85,85,85,85,85,85,85],"card_choices":[{"not_picked":["Hemokinesis","True Grit"],"picked":"Intimidate","floor":1.0},{"not_picked":["Reckless Charge","Burning Pact"],"picked":"Iron Wave","floor":2.0},{"not_picked":["Thunderclap","Body Slam"],"picked":"Evolve","floor":5.0},{"not_picked":["Flame Barrier","Pommel Strike"],"picked":"Spot Weakness","floor":6.0},{"not_picked":["True Grit","Iron Wave"],"picked":"Clash","floor":12.0},{"not_picked":["Wild Strike","Entrench"],"picked":"Shockwave","floor":13.0},{"not_picked":["Body Slam","True Grit"],"picked":"Headbutt","floor":14.0},{"not_picked":["Juggernaut","Berserk"],"picked":"Reaper","floor":16.0},{"not_picked":[],"picked":"Spot Weakness","floor":18.0},{"not_picked":["Havoc"],"picked":"SKIP","floor":20.0},{"not_picked":[],"picked":"Iron Wave+1","floor":22.0},{"not_picked":[],"picked":"Dual Wield","floor":24.0},{"not_picked":[],"picked":"Armaments+1","floor":28.0},{"not_picked":[],"picked":"Blood for Blood","floor":30.0},{"not_picked":[],"picked":"Fire Breathing","floor":31.0},{"not_picked":[],"picked":"Demon Form","floor":33.0},{"not_picked":["Sword Boomerang+1"],"picked":"SKIP","floor":35.0},{"not_picked":[],"picked":"Armaments","floor":36.0},{"not_picked":[],"picked":"Warcry","floor":39.0},{"not_picked":[],"picked":"Warcry+1","floor":41},{"not_picked":[],"picked":"Corruption","floor":45}],"player_experience":152677,"relics_obtained":[{"floor":6.0,"key":"Oddly Smooth Stone"},{"floor":9.0,"key":"Regal Pillow"},{"floor":11.0,"key":"Boot"},{"floor":24.0,"key":"Self Forming Clay"},{"floor":26.0,"key":"Pen Nib"},{"floor":27.0,"key":"PreservedInsect"},{"floor":36.0,"key":"FossilizedHelix"},{"floor":37.0,"key":"Omamori"},{"floor":38.0,"key":"Dodecahedron"},{"floor":43,"key":"Bag of Preparation"},{"floor":45,"key":"Lantern"}],"event_choices":[{"damage_healed":0.0,"max_hp_gain":0.0,"max_hp_loss":0.0,"gold_gain":0.0,"cards_transformed":["Warcry"],"event_name":"Living Wall","player_choice":"Change","floor":3.0,"gold_loss":0.0,"damage_taken":0.0,"cards_obtained":["Bloodletting"]},{"damage_healed":0.0,"max_hp_gain":5.0,"max_hp_loss":0.0,"gold_gain":0.0,"event_name":"Big Fish","player_choice":"Donut","floor":7.0,"gold_loss":0.0,"damage_taken":0.0},{"cards_removed":["Strike_R"],"damage_healed":0.0,"max_hp_gain":0.0,"max_hp_loss":0.0,"gold_gain":0.0,"event_name":"Beggar","player_choice":"Gave Gold","floor":19.0,"gold_loss":75.0,"damage_taken":0.0},{"damage_healed":0.0,"max_hp_gain":0.0,"max_hp_loss":0.0,"gold_gain":0.0,"cards_transformed":["Clash","Evolve"],"event_name":"Designer","player_choice":"Transformed Cards","floor":21.0,"gold_loss":60.0,"damage_taken":0.0,"cards_obtained":["Evolve","Infernal Blade"]},{"damage_healed":0.0,"max_hp_gain":0.0,"max_hp_loss":0.0,"gold_gain":0.0,"event_name":"Nest","player_choice":"Joined the Cult","floor":29.0,"gold_loss":0.0,"damage_taken":6.0,"cards_obtained":["RitualDagger"]},{"damage_healed":0.0,"max_hp_gain":0.0,"max_hp_loss":0.0,"gold_gain":0.0,"event_name":"MindBloom","player_choice":"Fight","floor":36.0,"gold_loss":0.0,"damage_taken":0.0}],"is_beta":false,"boss_relics":[{"not_picked":["White Beast Statue","Astrolabe"],"picked":"Busted Crown"},{"not_picked":["Tiny House","Snecko Eye"],"picked":"Sozu"}],"items_purged_floors":[],"is_endless":false,"potions_floor_spawned":[1,5,12,13,20,24,31,33,39,41],"killed_by":"Sphere and 2 Shapes","ascension_level":4}