{"gold_per_floor":[117,39,114,126,126,126,146,181,181,181,211,221,241,241,241,319,319,337,356,356,376,389,714,714,727,727,345,376,119,119,137,137,137],"floor_reached":33,"playtime":1044,"items_purged":["Strike_R","Strike_R"],"score":540,"play_id":"b8202be9-9ac3-4dba-aa7f-f55791f01b55","local_time":"20190415113043","is_ascension_mode":true,"campfire_choices":[{"data":"Carnage","floor":6.0,"key":"SMITH"},{"data":"Uppercut","floor":10.0,"key":"SMITH"},{"data":"Flame Barrier","floor":15.0,"key":"SMITH"},{"data":"Barricade","floor":24.0,"key":"SMITH"},{"data":"Corruption","floor":30.0,"key":"SMITH"},{"floor":32,"key":"REST"}],"neow_cost":"NONE","seed_source_timestamp":486268979239100,"circlet_count":0,"master_deck":["AscendersBane","Strike_R","Strike_R","Strike_R","Defend_R","Defend_R","Defend_R","Defend_R","Bash","Flame Barrier+1","Uppercut+1","Carnage+1","Power Through","Evolve","Anger+1","Wild Strike+1","Barricade+1","Pommel Strike+1","Sword Boomerang+1","Second Wind","Body Slam+1","Shrug It Off","Reaper+1","Armaments","Corruption+1","Battle Trance","Shrug It Off"],"special_seed":0,"relics":["Burning Blood","Bag of Marbles","Molten Egg 2","Bag of Preparation","Velvet Choker","Old Coin","Bronze Scales","Red Mask"],"potions_floor_usage":[],"damage_taken":[{"damage":5.0,"enemies":"Small Slimes","floor":1.0,"turns":4.0},{"damage":9.0,"enemies":"Jaw Worm","floor":4.0,"turns":4.0},{"damage":0.0,"enemies":"2 Louse","floor":7.0,"turns":2.0},{"damage":25.0,"enemies":"3 Sentries","floor":8.0,"turns":9.0},{"damage":29.0,"enemies":"Gremlin Nob","floor":11.0,"turns":4.0},{"damage":3.0,"enemies":"Looter","floor":12.0,"turns":2.0},{"damage":0.0,"enemies":"2 Fungi Beasts","floor":13.0,"turns":3.0},{"damage":12.0,"enemies":"Hexaghost","floor":16.0,"turns":9.0},{"damage":13.0,"enemies":"Spheric Guardian","floor":18.0,"turns":4.0},{"damage":0.0,"enemies":"3 Byrds","floor":19.0,"turns":4.0},{"damage":0.0,"enemies":"Centurion and Healer","floor":21.0,"turns":5.0},{"damage":17.0,"enemies":"Cultist and Chosen","floor":22.0,"turns":5.0},{"damage":33.0,"enemies":"Slavers","floor":23.0,"turns":6.0},{"damage":2.0,"enemies":"3 Cultists","floor":25.0,"turns":5.0},{"damage":24.0,"enemies":"Masked Bandits","floor":28.0,"turns":4.0},{"damage":20,"enemies":"Shelled Parasite and Fungi","floor":31,"turns":4},{"damage":47,"enemies":"Collector","floor":33,"turns":3}],"seed_played":"4817567916087860570","potions_obtained":[{"floor":0.0,"key":"Strength Potion"},{"floor":0.0,"key":"Regen Potion"},{"floor":4.0,"key":"Fire Potion"},{"floor":7.0,"key":"FearPotion"},{"floor":18.0,"key":"Swift Potion"},{"floor":21.0,"key":"GamblersBrew"}],"is_trial":false,"path_per_floor":["M","$","?","M","T","R","M","E","T","R","E","M","M","?","R","B",null,"M","M","?","M","M","E","R","M","T","$","?","$","R","M","R","B"],"character_chosen":"IRONCLAD","items_purchased":["Uppercut","Shrug It Off","Reaper+1","Bronze Scales","Corruption","Battle Trance"],"campfire_rested":1,"item_purchase_floors":[2,27,27,27,29,29],"current_hp_per_floor":[69,69,58,55,55,55,61,42,42,42,19,22,28,33,33,27,67,60,66,66,72,61,34,34,38,38,38,25,25,25,18,42,0],"gold":137,"neow_bonus":"THREE_SMALL_POTIONS","is_prod":false,"is_daily":false,"chose_seed":false,"campfire_upgraded":5,"win_rate":0,"timestamp":1555353043,"path_taken":["M","$","?","M","?","R","M","E","T","R","E","M","M","?","R","BOSS","M","M","?","M","M","E","R","M","T","$","?","$","R","M","R","BOSS"],"build_version":"2019-01-23","purchased_purges":2,"victory":false,"max_hp_per_floor":[75,75,75,75,75,75,75,75,75,75,75,75,75,80,80,80,80,80,80,80,80,80,80,80,80,80,80,80,80,80,80,80,80],"card_choices":[{"not_picked":["Dual Wield","Perfected Strike"],"picked":"Flame Barrier","floor":1.0},{"not_picked":["Shockwave","Wild Strike"],"picked":"Carnage","floor":4.0},{"not_picked":["Thunderclap","Iron Wave"],"picked":"Power Through","floor":7.0},{"not_picked":["Pummel","Anger"],"picked":"Evolve","floor":8.0},{"not_picked":["Havoc","Body Slam+1"],"picked":"Anger+1","floor":11.0},{"not_picked":["Warcry","Bloodletting","Heavy Blade+1"],"picked":"SKIP","floor":12.0},{"not_picked":["Feel No Pain","Body Slam+1"],"picked":"Wild Strike+1","floor":13.0},{"not_picked":["Brutality","Limit Break"],"picked":"Barricade","floor":16.0},{"not_picked":["Seeing Red","Flex"],"picked":"Pommel Strike+1","floor":18.0},{"not_picked":["Pummel+1","Clothesline+1","Heavy Blade+1"],"picked":"SKIP","floor":19.0},{"not_picked":["Dropkick+1","Clash+1"],"picked":"Sword Boomerang+1","floor":21.0},{"not_picked":["Clash+1","Pommel Strike+1","Havoc"],"picked":"SKIP","floor":22.0},{"not_picked":["Anger+1","Infernal Blade"],"picked":"Second Wind","floor":23.0},{"not_picked":["Flex","True Grit"],"picked":"Body Slam+1","floor":25.0},{"not_picked":["Sentinel","Sever Soul+1"],"picked":"Armaments","floor":28.0},{"not_picked":["Wild Strike+1","Rupture"],"picked":"Shrug It Off","floor":31}],"player_experience":562284,"relics_obtained":[{"floor":8.0,"key":"Bag of Marbles"},{"floor":9.0,"key":"Molten Egg 2"},{"floor":11.0,"key":"Bag of Preparation"},{"floor":23.0,"key":"Old Coin"},{"floor":28.0,"key":"Red Mask"}],"event_choices":[{"damage_healed":0.0,"max_hp_gain":0.0,"max_hp_loss":0.0,"gold_gain":75.0,"event_name":"World of Goop","player_choice":"Gather Gold","floor":3.0,"gold_loss":0.0,"damage_taken":11.0},{"damage_healed":0.0,"max_hp_gain":5.0,"max_hp_loss":0.0,"gold_gain":0.0,"event_name":"Big Fish","player_choice":"Donut","floor":14.0,"gold_loss":0.0,"damage_taken":0.0},{"damage_healed":0.0,"max_hp_gain":0.0,"max_hp_loss":0.0,"gold_gain":0.0,"event_name":"Ghosts","player_choice":"Ignored","floor":20.0,"gold_loss":0.0,"damage_taken":0.0},{"damage_healed":0.0,"max_hp_gain":0.0,"max_hp_loss":0.0,"gold_gain":0.0,"event_name":"Masked Bandits","player_choice":"Fought Bandits","floor":28.0,"gold_loss":0.0,"damage_taken":0.0}],"is_beta":false,"boss_relics":[{"not_picked":["Pandora\u0027s Box","Black Blood"],"picked":"Velvet Choker"}],"items_purged_floors":[27,29],"is_endless":false,"potions_floor_spawned":[4,7,18,21],"killed_by":"Collector","ascension_level":19}