{"gold_per_floor":[119,294,294,294,22,63,76,1,72,93,93,118,132,153,153,284,284,302,323,323,323,346,346,385,385,385,428,428,451,376,376,376,499,499,519,519,41,61,79,115,115],"floor_reached":41,"playtime":1967,"items_purged":["Doubt","Turbo"],"score":608,"play_id":"01cb0e35-03f9-4404-a864-b3467820bc89","local_time":"20181130181315","is_ascension_mode":true,"campfire_choices":[{"floor":11,"key":"REST"},{"floor":15,"key":"REST"},{"floor":23,"key":"REST"},{"floor":25,"key":"REST"},{"floor":28,"key":"REST"},{"data":"Storm","floor":32,"key":"SMITH"}],"neow_cost":"NONE","seed_source_timestamp":1043890994031798,"circlet_count":0,"master_deck":["Zap","Dualcast","Hello World","Glacier","Storm+1","Static Discharge+1","Static Discharge","Barrage","Ball Lightning","Ball Lightning","Redo","Seek","Conserve Battery+1","Sunder","Streamline+1","Leap","Conserve Battery","Rebound+1","RitualDagger+1","Machine Learning","Barrage+1","Turbo","Beam Cell+1","Genetic Algorithm","Rebound+1","Go for the Eyes+1","Sweeping Beam+1","Storm+1","Electrodynamics","Steam+1","Leap"],"relics":["Cracked Core","Golden Idol","DataDisk","Blood Vial","Pear","Cursed Key","Gremlin Horn","Molten Egg 2","PreservedInsect","Pandora\u0027s Box","Runic Capacitor","Art of War"],"potions_floor_usage":[6,33,33,39,40,41],"damage_taken":[{"damage":9,"enemies":"Small Slimes","floor":1,"turns":4},{"damage":33,"enemies":"3 Sentries","floor":6,"turns":8},{"damage":7,"enemies":"Jaw Worm","floor":7,"turns":3},{"damage":1,"enemies":"Cultist","floor":10,"turns":3},{"damage":15,"enemies":"Exordium Thugs","floor":12,"turns":4},{"damage":7,"enemies":"3 Louse","floor":13,"turns":2},{"damage":20,"enemies":"Gremlin Gang","floor":14,"turns":3},{"damage":25,"enemies":"Slime Boss","floor":16,"turns":6},{"damage":25,"enemies":"Shell Parasite","floor":18,"turns":4},{"damage":19,"enemies":"2 Thieves","floor":19,"turns":3},{"damage":18,"enemies":"Snake Plant","floor":22,"turns":3},{"damage":26,"enemies":"Book of Stabbing","floor":24,"turns":4},{"damage":0,"enemies":"Gremlin Leader","floor":27,"turns":6},{"damage":5,"enemies":"Snecko","floor":29,"turns":4},{"damage":47,"enemies":"Automaton","floor":33,"turns":7},{"damage":26,"enemies":"3 Darklings","floor":35,"turns":4},{"damage":11,"enemies":"3 Shapes","floor":38,"turns":3},{"damage":9,"enemies":"Spire Growth","floor":39,"turns":4},{"damage":42,"enemies":"Nemesis","floor":40,"turns":5},{"damage":12,"enemies":"Sphere and 2 Shapes","floor":41,"turns":2}],"seed_played":"-5941385957382164319","potions_obtained":[{"floor":6,"key":"FearPotion"},{"floor":7,"key":"FocusPotion"},{"floor":12,"key":"Ancient Potion"},{"floor":16,"key":"Fire Potion"},{"floor":27,"key":"FocusPotion"},{"floor":33,"key":"Energy Potion"},{"floor":38,"key":"Block Potion"},{"floor":40,"key":"SpeedPotion"}],"is_trial":false,"path_per_floor":["M","?","?","?","$","E","M","$","T","M","R","M","M","M","R","B",null,"M","M","?","?","M","R","E","R","T","E","R","M","?","?","R","B",null,"M","?","$","M","M","E","M"],"character_chosen":"DEFECT","items_purchased":["DataDisk","Storm","Block Potion","Electrodynamics","Runic Capacitor","PowerPotion"],"campfire_rested":5,"item_purchase_floors":[5,5,5,37,37,37],"current_hp_per_floor":[66,66,48,53,53,20,15,15,25,26,53,40,35,17,44,21,90,65,48,48,48,32,59,35,62,62,64,90,85,85,79,79,34,87,61,61,61,52,45,5,0],"gold":115,"neow_bonus":"THREE_CARDS","is_prod":false,"is_daily":false,"chose_seed":false,"campfire_upgraded":1,"win_rate":0,"timestamp":1543619595,"path_taken":["M","?","?","?","$","E","M","?","T","M","R","M","M","M","R","BOSS","M","?","?","?","M","R","E","R","T","E","R","?","?","?","R","BOSS","M","?","$","M","M","E","M"],"build_version":"2018-11-15","purchased_purges":2,"victory":false,"max_hp_per_floor":[75,75,75,80,80,80,80,80,90,90,90,90,90,90,90,90,90,90,90,90,90,90,90,90,90,90,90,90,90,87,87,87,87,87,87,87,87,87,87,87,87],"card_choices":[{"not_picked":["Auto Shields","Gash"],"picked":"Hello World","floor":0},{"not_picked":["Coolheaded","Consume"],"picked":"Glacier","floor":1},{"not_picked":["Multi-Cast","Streamline"],"picked":"Static Discharge","floor":6},{"not_picked":["Coolheaded","Go for the Eyes"],"picked":"Static Discharge","floor":7},{"not_picked":["Sweeping Beam","Go for the Eyes"],"picked":"Barrage","floor":10},{"not_picked":["Skim","Glacier"],"picked":"Ball Lightning","floor":12},{"not_picked":["Double Energy","Compile Driver"],"picked":"Ball Lightning","floor":13},{"not_picked":["Reinforced Body","Steam Power"],"picked":"Redo","floor":14},{"not_picked":["Hyperbeam","Meteor Strike"],"picked":"Seek","floor":16},{"not_picked":["Hologram","Barrage"],"picked":"Conserve Battery+1","floor":18},{"not_picked":["Go for the Eyes","Beam Cell"],"picked":"Sunder","floor":19},{"not_picked":["Fusion+1","Heatsinks"],"picked":"Streamline+1","floor":22},{"not_picked":["Fusion","Creative AI"],"picked":"Leap","floor":24},{"not_picked":["Gash+1","Rebound+1"],"picked":"Conserve Battery","floor":27},{"not_picked":["Genetic Algorithm","Coolheaded"],"picked":"Rebound+1","floor":29},{"not_picked":["Core Surge+1","Buffer"],"picked":"Machine Learning","floor":33},{"not_picked":["Steam+1","Leap"],"picked":"Storm+1","floor":35},{"not_picked":["Fusion","Gash+1"],"picked":"Steam+1","floor":38},{"not_picked":["Compile Driver+1","Turbo+1","Blizzard+1"],"picked":"SKIP","floor":39},{"not_picked":["Genetic Algorithm","Scrape+1"],"picked":"Leap","floor":40}],"player_experience":164963,"relics_obtained":[{"floor":6,"key":"Blood Vial"},{"floor":9,"key":"Pear"},{"floor":24,"key":"Gremlin Horn"},{"floor":26,"key":"Molten Egg 2"},{"floor":27,"key":"PreservedInsect"},{"floor":40,"key":"Art of War"}],"event_choices":[{"damage_healed":0,"gold_gain":175,"player_choice":"AGREE","damage_taken":0,"max_hp_gain":0,"max_hp_loss":0,"event_name":"Liars Game","floor":2,"gold_loss":0,"cards_obtained":["Doubt"]},{"damage_healed":0,"gold_gain":0,"player_choice":"Take Damage","damage_taken":18,"relics_obtained":["Golden Idol"],"max_hp_gain":0,"max_hp_loss":0,"event_name":"Golden Idol","floor":3,"gold_loss":0},{"damage_healed":0,"gold_gain":0,"player_choice":"Donut","damage_taken":0,"max_hp_gain":5,"max_hp_loss":0,"event_name":"Big Fish","floor":4,"gold_loss":0},{"damage_healed":0,"gold_gain":0,"player_choice":"Ignored","damage_taken":0,"max_hp_gain":0,"max_hp_loss":0,"event_name":"Cursed Tome","floor":20,"gold_loss":0},{"damage_healed":0,"gold_gain":0,"player_choice":"Upgraded","damage_taken":0,"max_hp_gain":0,"max_hp_loss":0,"event_name":"Upgrade Shrine","floor":21,"gold_loss":0,"cards_upgraded":["Static Discharge"]},{"cards_removed":["Parasite"],"damage_healed":0,"gold_gain":0,"player_choice":"Gave Gold","damage_taken":0,"max_hp_gain":0,"max_hp_loss":0,"event_name":"Beggar","floor":30,"gold_loss":75},{"damage_healed":0,"gold_gain":0,"player_choice":"Joined the Cult","damage_taken":6,"max_hp_gain":0,"max_hp_loss":0,"event_name":"Nest","floor":31,"gold_loss":0,"cards_obtained":["RitualDagger"]},{"damage_healed":0,"gold_gain":0,"player_choice":"Ignored","damage_taken":0,"max_hp_gain":0,"max_hp_loss":0,"event_name":"Tomb of Lord Red Mask","floor":36,"gold_loss":0}],"is_beta":false,"boss_relics":[{"not_picked":["Eternal Feather","Lizard Tail"],"picked":"Cursed Key"},{"not_picked":["Calling Bell","Empty Cage"],"picked":"Pandora\u0027s Box"}],"items_purged_floors":[8,37],"is_endless":false,"potions_floor_spawned":[6,7,12,16,24,27,33,38,40],"killed_by":"Sphere and 2 Shapes","ascension_level":4}