{"gold_per_floor":[114,114,33,53,69,95,110,110,110,110,110,122,122,156,156,156],"floor_reached":16,"playtime":691,"items_purged":[],"score":204,"play_id":"ebd05e75-8606-43e7-bfb0-fd567f02be4b","local_time":"20190413025944","is_ascension_mode":true,"campfire_choices":[{"data":"Echo Form","floor":8,"key":"SMITH"},{"data":"Genetic Algorithm","floor":11,"key":"SMITH"},{"floor":15,"key":"REST"}],"neow_cost":"NONE","seed_source_timestamp":42180594146323,"circlet_count":0,"master_deck":["AscendersBane","Strike_B","Strike_B","Strike_B","Defend_B","Defend_B","Defend_B","Defend_B","Zap","Dualcast+1","Coolheaded","BootSequence","Double Energy","Echo Form+1","Steam","Genetic Algorithm+1","Chill","Injury"],"special_seed":0,"relics":["Cracked Core","Bronze Scales","Ornamental Fan","Lantern","Golden Idol","Boot"],"potions_floor_usage":[6,12],"damage_taken":[{"damage":7.0,"enemies":"Jaw Worm","floor":1.0,"turns":3.0},{"damage":7,"enemies":"2 Louse","floor":4,"turns":2},{"damage":0,"enemies":"Cultist","floor":5,"turns":4},{"damage":9,"enemies":"3 Sentries","floor":6,"turns":8},{"damage":10,"enemies":"3 Louse","floor":7,"turns":3},{"damage":7,"enemies":"Lots of Slimes","floor":12,"turns":4},{"damage":21,"enemies":"Lagavulin","floor":14,"turns":9},{"damage":52,"enemies":"The Guardian","floor":16,"turns":13}],"seed_played":"-4181895812545608038","potions_obtained":[{"floor":4,"key":"FairyPotion"},{"floor":5,"key":"Block Potion"},{"floor":6,"key":"Fire Potion"}],"is_trial":false,"path_per_floor":["M","?","?","M","M","E","M","R","T","?","R","M","?","E","R","B"],"character_chosen":"DEFECT","items_purchased":[],"campfire_rested":1,"item_purchase_floors":[],"current_hp_per_floor":[64,64,64,57,57,48,38,38,38,38,38,31,31,10,33,0],"gold":156,"neow_bonus":"TEN_PERCENT_HP_BONUS","is_prod":false,"is_daily":false,"chose_seed":false,"campfire_upgraded":2,"win_rate":0,"timestamp":1555149584,"path_taken":["M","?","?","M","?","E","M","R","T","?","R","?","?","E","R","BOSS"],"build_version":"2019-01-23","purchased_purges":0,"victory":false,"max_hp_per_floor":[78,78,78,78,78,78,78,78,78,78,78,78,78,78,78,78],"card_choices":[{"not_picked":["Compile Driver","Rebound"],"picked":"Coolheaded","floor":1.0},{"not_picked":["Hologram","Fusion"],"picked":"BootSequence","floor":4},{"not_picked":["Ball Lightning","Skim"],"picked":"Double Energy","floor":5},{"not_picked":["Rip and Tear","Blizzard"],"picked":"Echo Form","floor":6},{"not_picked":["Recycle","Static Discharge"],"picked":"Steam","floor":7},{"not_picked":["Hologram","Cold Snap"],"picked":"Chill","floor":12},{"not_picked":["Compile Driver","Ball Lightning","Lockon"],"picked":"SKIP","floor":14}],"player_experience":710192,"relics_obtained":[{"floor":6,"key":"Ornamental Fan"},{"floor":9,"key":"Lantern"},{"floor":14,"key":"Boot"}],"event_choices":[{"damage_healed":0,"gold_gain":0,"player_choice":"Grow","damage_taken":0,"max_hp_gain":0,"max_hp_loss":0,"event_name":"Living Wall","floor":2,"gold_loss":0,"cards_upgraded":["Dualcast"]},{"damage_healed":0,"gold_gain":0,"player_choice":"Paid Gold","damage_taken":0,"relics_obtained":["Bronze Scales"],"max_hp_gain":0,"max_hp_loss":0,"event_name":"WeMeetAgain","floor":3,"gold_loss":81},{"damage_healed":0,"gold_gain":0,"cards_transformed":["Strike_B"],"player_choice":"Transformed","damage_taken":0,"max_hp_gain":0,"max_hp_loss":0,"event_name":"Transmorgrifier","floor":10,"gold_loss":0,"cards_obtained":["Genetic Algorithm"]},{"damage_healed":0,"gold_gain":0,"player_choice":"Take Wound","damage_taken":0,"relics_obtained":["Golden Idol"],"max_hp_gain":0,"max_hp_loss":0,"event_name":"Golden Idol","floor":13,"gold_loss":0,"cards_obtained":["Injury"]}],"is_beta":false,"boss_relics":[],"items_purged_floors":[],"is_endless":false,"potions_floor_spawned":[4,5,6],"killed_by":"The Guardian","ascension_level":17}