{"gold_per_floor":[116,266,154,168,168,193,193,203,203,203,232,243,261,290,290,290],"floor_reached":16,"playtime":598,"items_purged":["Doubt"],"score":283,"play_id":"393fbdb6-a247-45d7-b108-10e305ea52f0","local_time":"20190414135541","is_ascension_mode":true,"campfire_choices":[{"data":"Flame Barrier","floor":7.0,"key":"SMITH"},{"data":"Ghostly Armor","floor":10.0,"key":"SMITH"},{"data":"Carnage","floor":15.0,"key":"SMITH"}],"neow_cost":"NONE","seed_source_timestamp":409025551636500,"circlet_count":0,"master_deck":["AscendersBane","Strike_R","Strike_R","Strike_R","Strike_R","Strike_R","Defend_R","Defend_R","Defend_R","Defend_R","Bash+1","Flame Barrier+1","Shrug It Off","Ghostly Armor+1","Anger","Battle Trance","Carnage+1","Metallicize"],"special_seed":0,"relics":["Burning Blood","NeowsBlessing","Calipers","Prayer Wheel","Letter Opener","Dream Catcher"],"potions_floor_usage":[16],"damage_taken":[{"damage":0.0,"enemies":"Jaw Worm","floor":1.0,"turns":1.0},{"damage":0.0,"enemies":"Cultist","floor":4.0,"turns":1.0},{"damage":0.0,"enemies":"3 Sentries","floor":6.0,"turns":1.0},{"damage":1.0,"enemies":"2 Louse","floor":8.0,"turns":3.0},{"damage":26.0,"enemies":"Lagavulin","floor":11.0,"turns":10.0},{"damage":0.0,"enemies":"2 Fungi Beasts","floor":12.0,"turns":4.0},{"damage":10.0,"enemies":"Gremlin Gang","floor":13.0,"turns":5.0},{"damage":30.0,"enemies":"3 Sentries","floor":14.0,"turns":12.0},{"damage":42,"enemies":"Hexaghost","floor":16,"turns":10}],"seed_played":"-8486084865289317820","potions_obtained":[{"floor":1.0,"key":"Poison Potion"},{"floor":6.0,"key":"Block Potion"},{"floor":13.0,"key":"Regen Potion"}],"is_trial":false,"path_per_floor":["M","?","$","M","?","E","R","M","T","R","E","M","M","E","R","B"],"character_chosen":"IRONCLAD","items_purchased":["Flame Barrier"],"campfire_rested":0,"item_purchase_floors":[3],"current_hp_per_floor":[74,74,74,75,75,75,75,75,75,75,55,61,57,48,48,6],"gold":290,"neow_bonus":"THREE_ENEMY_KILL","is_prod":false,"is_daily":false,"chose_seed":false,"campfire_upgraded":3,"win_rate":0,"timestamp":1555275341,"path_taken":["M","?","$","M","?","E","R","M","T","R","E","M","?","E","R","BOSS"],"build_version":"2019-01-23","purchased_purges":1,"victory":false,"max_hp_per_floor":[75,75,75,75,75,75,75,75,75,75,75,75,75,75,75,75],"card_choices":[{"not_picked":["Rage","Seeing Red","Perfected Strike"],"picked":"SKIP","floor":1.0},{"not_picked":["Anger","True Grit"],"picked":"Shrug It Off","floor":4.0},{"not_picked":["Rage","Sword Boomerang"],"picked":"Ghostly Armor","floor":6.0},{"not_picked":["Heavy Blade","Clothesline"],"picked":"Anger","floor":8.0},{"not_picked":["Combust","Armaments","Berserk"],"picked":"SKIP","floor":11.0},{"not_picked":["Havoc","Warcry"],"picked":"Battle Trance","floor":12.0},{"not_picked":["Cleave","Pommel Strike","Reckless Charge"],"picked":"SKIP","floor":12.0},{"not_picked":["Clash","Hemokinesis"],"picked":"Carnage","floor":13.0},{"not_picked":["Anger","Clothesline","Dual Wield"],"picked":"SKIP","floor":13.0},{"not_picked":["Anger","Perfected Strike"],"picked":"Metallicize","floor":14.0}],"player_experience":558482,"relics_obtained":[{"floor":6.0,"key":"Calipers"},{"floor":9.0,"key":"Prayer Wheel"},{"floor":11.0,"key":"Letter Opener"},{"floor":14.0,"key":"Dream Catcher"}],"event_choices":[{"damage_healed":0.0,"max_hp_gain":0.0,"max_hp_loss":0.0,"gold_gain":150.0,"event_name":"Liars Game","player_choice":"AGREE","floor":2.0,"gold_loss":0.0,"damage_taken":0.0,"cards_obtained":["Doubt"]},{"damage_healed":0.0,"max_hp_gain":0.0,"max_hp_loss":0.0,"gold_gain":0.0,"event_name":"Accursed Blacksmith","player_choice":"Forge","floor":5.0,"gold_loss":0.0,"damage_taken":0.0,"cards_upgraded":["Bash"]}],"is_beta":false,"boss_relics":[],"items_purged_floors":[3],"is_endless":false,"potions_floor_spawned":[1,6,13],"killed_by":"Hexaghost","ascension_level":19}