{"gold_per_floor":[113,129,31,31,47,80,80,130,130,30,30,30,30,41,41,144,144,156,6,25,25,39,39,51,51,132,159,159,170,170,170,170,170],"floor_reached":33,"playtime":1229,"items_purged":["Strike_R","Defend_R"],"score":316,"play_id":"bfbd6024-a0af-4e35-abdf-3b0b078a0910","local_time":"20181128165858","is_ascension_mode":true,"campfire_choices":[{"data":"Shrug It Off","floor":7,"key":"SMITH"},{"data":"Clothesline","floor":11,"key":"SMITH"},{"data":"Spot Weakness","floor":13,"key":"SMITH"},{"data":"Limit Break","floor":15,"key":"SMITH"},{"floor":23,"key":"REST"},{"floor":25,"key":"REST"},{"floor":30,"key":"REST"},{"floor":32,"key":"REST"}],"neow_cost":"NONE","seed_source_timestamp":867363315434607,"circlet_count":0,"master_deck":["Strike_R","Strike_R","Strike_R","Strike_R","Defend_R","Defend_R","Defend_R","Bash","Twin Strike","Shrug It Off+1","Cleave","Clothesline+1","Spot Weakness+1","Limit Break+1","Limit Break","Evolve","Headbutt+1","Limit Break+1","Cleave+1","Spot Weakness","Feed+1","Carnage+1","Warcry","Decay","Armaments+1"],"relics":["Burning Blood","Lantern","NlothsMask","Question Card","Molten Egg 2","Mark of Pain","Centennial Puzzle","Pear","Dream Catcher"],"potions_floor_usage":[22,24,33],"damage_taken":[{"damage":0,"enemies":"Cultist","floor":1,"turns":2},{"damage":0,"enemies":"2 Louse","floor":2,"turns":2},{"damage":9,"enemies":"Jaw Worm","floor":5,"turns":3},{"damage":24,"enemies":"Gremlin Nob","floor":6,"turns":4},{"damage":0,"enemies":"2 Fungi Beasts","floor":14,"turns":2},{"damage":33,"enemies":"The Guardian","floor":16,"turns":11},{"damage":22,"enemies":"2 Thieves","floor":18,"turns":3},{"damage":29,"enemies":"3 Byrds","floor":20,"turns":4},{"damage":11,"enemies":"Snecko","floor":22,"turns":4},{"damage":20,"enemies":"Snake Plant","floor":24,"turns":3},{"damage":41,"enemies":"Slavers","floor":27,"turns":4},{"damage":25,"enemies":"Shelled Parasite and Fungi","floor":29,"turns":4},{"damage":104,"enemies":"Automaton","floor":33,"turns":6}],"seed_played":"-2285486997373402016","potions_obtained":[{"floor":6,"key":"GamblersBrew"},{"floor":14,"key":"EssenceOfSteel"},{"floor":20,"key":"AttackPotion"},{"floor":27,"key":"Ancient Potion"}],"is_trial":false,"path_per_floor":["M","M","$","?","M","E","R","?","T","$","R","T","R","M","R","B",null,"M","$","M","?","M","R","M","R","T","E","?","M","R","?","R","B"],"character_chosen":"IRONCLAD","items_purchased":["Cleave","Centennial Puzzle"],"campfire_rested":4,"item_purchase_floors":[3,19],"current_hp_per_floor":[80,80,80,80,77,59,59,59,59,59,59,59,59,65,65,38,80,64,64,41,41,36,60,46,70,80,45,45,30,58,58,86,0],"gold":170,"neow_bonus":"RANDOM_COMMON_RELIC","is_prod":false,"is_daily":false,"chose_seed":false,"campfire_upgraded":4,"win_rate":0,"timestamp":1543442338,"path_taken":["M","M","?","?","?","E","R","?","T","$","R","?","R","M","R","BOSS","M","$","M","?","?","R","M","R","T","E","?","M","R","?","R","BOSS"],"build_version":"2018-11-15","purchased_purges":2,"victory":false,"max_hp_per_floor":[80,80,80,80,80,80,80,80,80,80,80,80,80,80,80,80,80,80,80,80,80,80,80,80,80,90,90,90,94,94,94,94,94],"card_choices":[{"not_picked":["Metallicize","Sword Boomerang"],"picked":"Twin Strike","floor":1},{"not_picked":["Cleave","Wild Strike"],"picked":"Shrug It Off","floor":2},{"not_picked":["Searing Blow","True Grit"],"picked":"Clothesline","floor":5},{"not_picked":["Feel No Pain","Armaments"],"picked":"Spot Weakness","floor":6},{"not_picked":["Metallicize","Armaments","Perfected Strike+1"],"picked":"Limit Break","floor":14},{"not_picked":["Dark Embrace","Juggernaut","Offering"],"picked":"Limit Break","floor":16},{"not_picked":["Thunderclap+1","Fire Breathing","Body Slam+1"],"picked":"Evolve","floor":18},{"not_picked":["Power Through","Anger+1","Armaments"],"picked":"Headbutt+1","floor":20},{"not_picked":["True Grit","Twin Strike+1","Seeing Red"],"picked":"Cleave+1","floor":22},{"not_picked":["Armaments","Entrench","Rupture"],"picked":"Spot Weakness","floor":24},{"not_picked":["Uppercut+1","Wild Strike+1","Reckless Charge+1"],"picked":"Feed+1","floor":27},{"not_picked":["Wild Strike+1","Rage+1","Dual Wield"],"picked":"Carnage+1","floor":29},{"not_picked":["Whirlwind+1","Seeing Red","Armaments"],"picked":"Warcry","floor":30},{"not_picked":["Wild Strike+1","Anger+1","Cleave+1"],"picked":"Armaments+1","floor":32}],"player_experience":156293,"relics_obtained":[{"floor":6,"key":"Question Card"},{"floor":12,"key":"Molten Egg 2"},{"floor":26,"key":"Pear"},{"floor":27,"key":"Dream Catcher"}],"event_choices":[{"damage_healed":0,"gold_gain":0,"player_choice":"Trade","damage_taken":0,"relics_obtained":["NlothsMask"],"max_hp_gain":0,"max_hp_loss":0,"event_name":"FaceTrader","floor":4,"gold_loss":0},{"damage_healed":0,"gold_gain":50,"player_choice":"Gained Gold","damage_taken":0,"max_hp_gain":0,"max_hp_loss":0,"event_name":"Golden Wing","floor":8,"gold_loss":0},{"damage_healed":0,"gold_gain":0,"player_choice":"Copied","damage_taken":0,"max_hp_gain":0,"max_hp_loss":0,"event_name":"Duplicator","floor":21,"gold_loss":0,"cards_obtained":["Limit Break"]},{"damage_healed":0,"gold_gain":0,"player_choice":"Ignored","damage_taken":0,"max_hp_gain":0,"max_hp_loss":0,"event_name":"Vampires","floor":28,"gold_loss":0},{"damage_healed":0,"gold_gain":0,"player_choice":"Cursed","damage_taken":0,"max_hp_gain":0,"max_hp_loss":0,"event_name":"Wheel of Change","floor":31,"gold_loss":0,"cards_obtained":["Decay"]}],"is_beta":false,"boss_relics":[{"not_picked":["Sozu","Cursed Key"],"picked":"Mark of Pain"}],"items_purged_floors":[3,10],"is_endless":false,"potions_floor_spawned":[6,14,20,27],"killed_by":"Automaton","ascension_level":4}