{"gold_per_floor":[116,129,60,60,78,78,109,109,109,140,157,171,188,219,219,219],"floor_reached":16,"playtime":1072,"items_purged":[],"score":146,"play_id":"742bac08-868b-4245-9b3c-29ff293f4e47","local_time":"20181218213128","is_ascension_mode":true,"campfire_choices":[{"data":"Demon Form","floor":6,"key":"SMITH"},{"data":"Heavy Blade","floor":8,"key":"SMITH"},{"floor":15,"key":"REST"}],"neow_cost":"PERCENT_DAMAGE","seed_source_timestamp":790793103378459,"circlet_count":0,"master_deck":["Strike_R","Strike_R","Strike_R","Strike_R","Strike_R","Defend_R","Defend_R","Defend_R","Defend_R","Bash","Demon Form+1","Headbutt","Carnage","Heavy Blade+1","Headbutt","Infernal Blade","Armaments","Impervious"],"relics":["Burning Blood","Ginger","Paper Frog","Peace Pipe","Mummified Hand"],"potions_floor_usage":[14,16,16,16],"damage_taken":[{"damage":10,"enemies":"Cultist","floor":1,"turns":4},{"damage":18,"enemies":"Jaw Worm","floor":2,"turns":4},{"damage":7,"enemies":"2 Louse","floor":5,"turns":3},{"damage":16,"enemies":"Gremlin Nob","floor":7,"turns":3},{"damage":35,"enemies":"3 Sentries","floor":10,"turns":8},{"damage":9,"enemies":"Exordium Wildlife","floor":11,"turns":3},{"damage":10,"enemies":"Gremlin Gang","floor":12,"turns":4},{"damage":21,"enemies":"Lots of Slimes","floor":13,"turns":4},{"damage":16,"enemies":"Gremlin Nob","floor":14,"turns":3},{"damage":42,"enemies":"The Guardian","floor":16,"turns":10}],"seed_played":"-4720362085142371264","potions_obtained":[{"floor":5,"key":"Poison Potion"},{"floor":10,"key":"LiquidBronze"},{"floor":12,"key":"BloodPotion"},{"floor":13,"key":"Strength Potion"},{"floor":14,"key":"Weak Potion"}],"is_trial":false,"path_per_floor":["M","M","$","?","M","R","E","R","T","E","M","M","M","E","R","B"],"character_chosen":"IRONCLAD","items_purchased":["Carnage"],"campfire_rested":1,"item_purchase_floors":[3],"current_hp_per_floor":[52,40,40,80,79,79,69,69,69,40,37,33,18,16,40,0],"gold":219,"neow_bonus":"THREE_RARE_CARDS","is_prod":false,"is_daily":false,"chose_seed":false,"campfire_upgraded":2,"win_rate":0,"timestamp":1545186688,"path_taken":["M","M","$","?","M","R","E","R","T","E","?","M","M","E","R","BOSS"],"build_version":"2018-12-13","purchased_purges":0,"victory":false,"max_hp_per_floor":[80,80,80,80,80,80,80,80,80,80,80,80,80,80,80,80],"card_choices":[{"not_picked":["Fiend Fire","Immolate"],"picked":"Demon Form","floor":0},{"not_picked":["True Grit","Pommel Strike"],"picked":"Headbutt","floor":1},{"not_picked":["Havoc","Clash"],"picked":"Dropkick","floor":2},{"not_picked":["Anger","Wild Strike","Disarm"],"picked":"SKIP","floor":5},{"not_picked":["True Grit","Anger"],"picked":"Heavy Blade","floor":7},{"not_picked":["Armaments","Clothesline"],"picked":"Headbutt","floor":10},{"not_picked":["Blood for Blood","Clash"],"picked":"Infernal Blade","floor":11},{"not_picked":["Sentinel","Rupture","Headbutt"],"picked":"SKIP","floor":12},{"not_picked":["Entrench","Body Slam"],"picked":"Armaments","floor":13},{"not_picked":["Reaper","Armaments"],"picked":"Impervious","floor":14}],"player_experience":181338,"relics_obtained":[{"floor":7,"key":"Ginger"},{"floor":9,"key":"Paper Frog"},{"floor":10,"key":"Peace Pipe"},{"floor":14,"key":"Mummified Hand"}],"event_choices":[{"cards_removed":["Dropkick"],"damage_healed":40,"gold_gain":0,"player_choice":"Offered Uncommon","damage_taken":0,"max_hp_gain":0,"max_hp_loss":0,"event_name":"Bonfire Elementals","floor":4,"gold_loss":0}],"is_beta":false,"boss_relics":[],"items_purged_floors":[],"is_endless":false,"potions_floor_spawned":[5,10,12,13,14],"killed_by":"The Guardian","ascension_level":4}