{"gold_per_floor":[117,117,38,53,53,78,88,88,88,104,121,139,156,168,168,168],"floor_reached":16,"playtime":907,"items_purged":[],"score":122,"play_id":"475ea100-e211-41ff-b70c-a9a1b389742f","local_time":"20181019163550","is_ascension_mode":true,"campfire_choices":[{"floor":8,"key":"REST"},{"floor":15,"key":"REST"}],"neow_cost":"NONE","seed_source_timestamp":151918410865528,"circlet_count":0,"master_deck":["Defend_G","Defend_G","Defend_G","Defend_G","Defend_G","Strike_G","Strike_G+1","Strike_G","Strike_G","Strike_G+1","Survivor","Neutralize","Blade Dance","Well Laid Plans","Backstab","Malaise","Crippling Poison","Dagger Spray","Deflect","Caltrops","Backflip","Sucker Punch"],"relics":["Ring of the Snake","Torii","Ninja Scroll"],"potions_floor_usage":[6,16,16],"damage_taken":[{"damage":0,"enemies":"Small Slimes","floor":1,"turns":4},{"damage":0,"enemies":"Jaw Worm","floor":4,"turns":4},{"damage":21,"enemies":"3 Sentries","floor":6,"turns":11},{"damage":0,"enemies":"Cultist","floor":7,"turns":3},{"damage":0,"enemies":"3 Louse","floor":10,"turns":2},{"damage":0,"enemies":"Lots of Slimes","floor":11,"turns":3},{"damage":1,"enemies":"Red Slaver","floor":12,"turns":2},{"damage":0,"enemies":"Gremlin Gang","floor":13,"turns":1},{"damage":0,"enemies":"Lots of Slimes","floor":14,"turns":2},{"damage":70,"enemies":"Slime Boss","floor":16,"turns":12}],"seed_played":"-974503663483800096","potions_obtained":[{"floor":0,"key":"SpeedPotion"},{"floor":0,"key":"SmokeBomb"},{"floor":0,"key":"SkillPotion"},{"floor":7,"key":"Block Potion"},{"floor":11,"key":"Explosive Potion"},{"floor":12,"key":"FearPotion"}],"is_trial":false,"path_per_floor":["M","?","$","M","?","E","M","R","T","M","M","M","M","M","R"],"character_chosen":"THE_SILENT","items_purchased":["Well Laid Plans"],"campfire_rested":2,"item_purchase_floors":[3],"current_hp_per_floor":[70,56,56,56,56,35,35,56,56,56,56,55,55,55,70,0],"gold":168,"neow_bonus":"THREE_SMALL_POTIONS","is_prod":false,"is_daily":false,"chose_seed":false,"campfire_upgraded":0,"win_rate":0,"timestamp":1539981350,"path_taken":["M","?","$","?","?","E","M","R","T","?","?","M","M","M","R","BOSS"],"build_version":"2018-10-18","purchased_purges":0,"victory":false,"max_hp_per_floor":[70,70,70,70,70,70,70,70,70,70,70,70,70,70,70,70],"card_choices":[{"not_picked":["Underhanded Strike","Quick Slash"],"picked":"Blade Dance","floor":1},{"not_picked":["Dagger Spray","Deflect"],"picked":"Backstab","floor":4},{"not_picked":["All Out Attack","Slice"],"picked":"Malaise","floor":6},{"not_picked":["PiercingWail","Quick Slash"],"picked":"Crippling Poison","floor":7},{"not_picked":["Deadly Poison","Dagger Throw"],"picked":"Dagger Spray","floor":10},{"not_picked":["Quick Slash","Dagger Spray"],"picked":"Deflect","floor":11},{"not_picked":["Deflect","Quick Slash"],"picked":"Caltrops","floor":12},{"not_picked":["Grand Finale","Heel Hook"],"picked":"Backflip","floor":13},{"not_picked":["Reflex","Slice"],"picked":"Sucker Punch","floor":14}],"player_experience":140741,"relics_obtained":[{"floor":6,"key":"Torii"},{"floor":9,"key":"Ninja Scroll"}],"event_choices":[{"damage_healed":0,"gold_gain":0,"player_choice":"Entered Light","damage_taken":14,"max_hp_gain":0,"max_hp_loss":0,"event_name":"Shining Light","floor":2,"gold_loss":0,"cards_upgraded":["Strike_G","Strike_G"]},{"damage_healed":0,"gold_gain":0,"player_choice":"Bought 0 Potions","damage_taken":0,"max_hp_gain":0,"max_hp_loss":0,"event_name":"The Woman in Blue","floor":5,"gold_loss":0}],"is_beta":false,"boss_relics":[],"items_purged_floors":[],"is_endless":false,"potions_floor_spawned":[7,11,12,13],"killed_by":"Slime Boss","ascension_level":3}