{"gold_per_floor":[118,129,129,8,27,66,66,80,80,80,114,2,2,43,43,163,163,182,31,31,47,47,88,88,34,34,57,9,9,25,25,25,148,148,163,163,187,258,276,276,276],"floor_reached":41,"playtime":2055,"items_purged":["Strike_R"],"score":515,"play_id":"4c8ce3d1-f4a9-4c01-8027-84203087f9d7","local_time":"20181221153734","is_ascension_mode":true,"campfire_choices":[{"floor":7,"key":"REST"},{"floor":13,"key":"REST"},{"floor":15,"key":"REST"},{"data":"Demon Form","floor":24,"key":"SMITH"},{"floor":29,"key":"REST"},{"floor":32,"key":"REST"},{"floor":40,"key":"REST"}],"neow_cost":"NONE","seed_source_timestamp":1027768008196548,"circlet_count":0,"master_deck":["Strike_R","Strike_R","Strike_R","Strike_R","Defend_R","Defend_R","Defend_R","Defend_R","Bash","Warcry","Clothesline","Limit Break","Twin Strike","Metallicize","Spot Weakness","Disarm","Seeing Red","Combust","Cleave","Demon Form+1","Whirlwind+1","Armaments+1","Shrug It Off","Pummel+1","Limit Break","Headbutt+1"],"relics":["Burning Blood","Golden Idol","Paper Frog","Bottled Lightning","Oddly Smooth Stone","Bag of Preparation","Bag of Marbles","Philosopher\u0027s Stone","Anchor","Omamori","Pantograph","Busted Crown","SsserpentHead"],"potions_floor_usage":[2,6,11,11,16,23,27,33,35,39],"damage_taken":[{"damage":5,"enemies":"Small Slimes","floor":1,"turns":4},{"damage":13,"enemies":"Jaw Worm","floor":2,"turns":4},{"damage":6,"enemies":"Cultist","floor":5,"turns":3},{"damage":43,"enemies":"3 Sentries","floor":6,"turns":8},{"damage":7,"enemies":"Blue Slaver","floor":8,"turns":3},{"damage":29,"enemies":"Lagavulin","floor":11,"turns":9},{"damage":28,"enemies":"Gremlin Nob","floor":14,"turns":4},{"damage":36,"enemies":"The Guardian","floor":16,"turns":12},{"damage":6,"enemies":"Chosen","floor":18,"turns":3},{"damage":0,"enemies":"2 Thieves","floor":21,"turns":1},{"damage":23,"enemies":"Gremlin Leader","floor":23,"turns":4},{"damage":30,"enemies":"Sentry and Sphere","floor":27,"turns":5},{"damage":18,"enemies":"Centurion and Healer","floor":30,"turns":5},{"damage":32,"enemies":"Champ","floor":33,"turns":7},{"damage":29,"enemies":"3 Darklings","floor":35,"turns":4},{"damage":0,"enemies":"Orb Walker","floor":37,"turns":1},{"damage":16,"enemies":"3 Darklings","floor":38,"turns":3},{"damage":18,"enemies":"Writhing Mass","floor":39,"turns":4},{"damage":76,"enemies":"Nemesis","floor":41,"turns":6}],"seed_played":"-1427345440075493814","potions_obtained":[{"floor":0,"key":"PowerPotion"},{"floor":0,"key":"Fruit Juice"},{"floor":0,"key":"PowerPotion"},{"floor":2,"key":"PowerPotion"},{"floor":6,"key":"Explosive Potion"},{"floor":8,"key":"Fire Potion"},{"floor":14,"key":"Block Potion"},{"floor":18,"key":"AttackPotion"},{"floor":23,"key":"Fire Potion"},{"floor":33,"key":"Weak Potion"},{"floor":37,"key":"Swift Potion"},{"floor":39,"key":"SpeedPotion"}],"is_trial":false,"path_per_floor":["M","M","?","$","M","E","R","M","T","?","E","$","R","E","R","B",null,"M","$","?","M","?","E","R","$","T","M","$","R","M","$","R","B",null,"M","?","M","M","M","R","E"],"character_chosen":"IRONCLAD","items_purchased":["Limit Break","Twin Strike","Combust","Anchor","Shrug It Off","Poison Potion"],"campfire_rested":6,"item_purchase_floors":[4,4,12,19,25,28],"current_hp_per_floor":[80,78,57,57,57,20,45,44,44,44,21,21,46,24,49,19,85,85,85,85,85,85,68,68,68,68,44,44,69,57,57,82,59,85,62,62,68,58,46,71,0],"gold":276,"neow_bonus":"THREE_SMALL_POTIONS","is_prod":false,"is_daily":false,"chose_seed":false,"campfire_upgraded":1,"win_rate":0,"timestamp":1545424654,"path_taken":["M","M","?","$","M","E","R","M","T","?","E","$","R","E","R","BOSS","M","$","?","M","?","E","R","?","T","M","$","R","M","$","R","BOSS","M","?","M","?","M","R","E"],"build_version":"2018-12-20","purchased_purges":1,"victory":false,"max_hp_per_floor":[80,85,85,85,85,85,85,85,85,85,85,85,85,85,85,85,85,85,85,85,85,85,85,85,85,85,85,85,85,85,85,85,85,85,85,85,85,85,85,85,85],"card_choices":[{"not_picked":["Burning Pact","Anger"],"picked":"Warcry","floor":1},{"not_picked":["Evolve","Disarm"],"picked":"Clothesline","floor":2},{"not_picked":["Iron Wave","Armaments"],"picked":"Metallicize","floor":5},{"not_picked":["Fire Breathing","Armaments"],"picked":"Spot Weakness","floor":6},{"not_picked":["Flex","Armaments"],"picked":"Disarm","floor":8},{"not_picked":["Intimidate","Thunderclap"],"picked":"Seeing Red","floor":11},{"not_picked":["Body Slam","Impervious"],"picked":"Cleave","floor":14},{"not_picked":["Bludgeon","Double Tap"],"picked":"Demon Form","floor":16},{"not_picked":["Flex","Searing Blow"],"picked":"Whirlwind+1","floor":18},{"not_picked":["Bloodletting","Perfected Strike","Clash"],"picked":"SKIP","floor":21},{"not_picked":["Sword Boomerang+1","Infernal Blade"],"picked":"Armaments+1","floor":23},{"not_picked":["Metallicize","Armaments"],"picked":"Pummel+1","floor":27},{"not_picked":["Thunderclap","Iron Wave","Wild Strike"],"picked":"SKIP","floor":30},{"not_picked":["Brutality","Immolate"],"picked":"Limit Break","floor":33},{"not_picked":["Wild Strike+1"],"picked":"SKIP","floor":35},{"not_picked":["Perfected Strike+1"],"picked":"SKIP","floor":37},{"not_picked":[],"picked":"Headbutt+1","floor":38},{"not_picked":["Second Wind"],"picked":"SKIP","floor":39}],"player_experience":182410,"relics_obtained":[{"floor":6,"key":"Paper Frog"},{"floor":9,"key":"Bottled Lightning"},{"floor":11,"key":"Bag of Preparation"},{"floor":14,"key":"Bag of Marbles"},{"floor":23,"key":"Omamori"},{"floor":26,"key":"Pantograph"}],"event_choices":[{"damage_healed":0,"gold_gain":0,"player_choice":"Take Damage","damage_taken":21,"relics_obtained":["Golden Idol"],"max_hp_gain":0,"max_hp_loss":0,"event_name":"Golden Idol","floor":3,"gold_loss":0},{"damage_healed":0,"gold_gain":0,"player_choice":"Gave Potion","damage_taken":0,"relics_obtained":["Oddly Smooth Stone"],"max_hp_gain":0,"max_hp_loss":0,"event_name":"WeMeetAgain","floor":10,"gold_loss":0},{"damage_healed":0,"gold_gain":0,"player_choice":"Ignored","damage_taken":0,"max_hp_gain":0,"max_hp_loss":0,"event_name":"Ghosts","floor":20,"gold_loss":0},{"damage_healed":0,"gold_gain":0,"player_choice":"Trade","damage_taken":0,"relics_obtained":["SsserpentHead"],"max_hp_gain":0,"max_hp_loss":0,"event_name":"FaceTrader","floor":36,"gold_loss":0}],"is_beta":false,"boss_relics":[{"not_picked":["Velvet Choker","Runic Dome"],"picked":"Philosopher\u0027s Stone"},{"not_picked":["Calling Bell","Coffee Dripper"],"picked":"Busted Crown"}],"items_purged_floors":[12],"is_endless":false,"potions_floor_spawned":[2,6,8,14,18,23,33,37,39],"killed_by":"Nemesis","ascension_level":4}