{"gold_per_floor":[118,118,193,158,158,183,183,196,223,233,233,245,265,283,283,380,380,399,399,410,424,424,424,424],"floor_reached":24,"playtime":914,"items_purged":[],"score":238,"play_id":"5f34a3e5-4f2a-4fc2-813a-265830b50375","local_time":"20181128163802","is_ascension_mode":true,"campfire_choices":[{"floor":7.0,"key":"REST"},{"floor":15.0,"key":"REST"},{"floor":23,"key":"REST"}],"neow_cost":"NONE","seed_source_timestamp":0,"circlet_count":0,"master_deck":["Strike_B+1","Strike_B+1","Strike_B+1","Defend_B+1","Defend_B+1","Defend_B+1","Defend_B+1","Zap+1","Dualcast","Ball Lightning","Redo","Electrodynamics","Lockon","Sweeping Beam","Consume","Redo","Leap","Machine Learning","Tempest+1","Recycle","Go for the Eyes+1","Regret"],"special_seed":0,"relics":["Cracked Core","Calipers","Smiling Mask","Cursed Key","Question Card"],"potions_floor_usage":[],"damage_taken":[{"damage":2.0,"enemies":"2 Louse","floor":1.0,"turns":2.0},{"damage":45.0,"enemies":"Gremlin Nob","floor":6.0,"turns":5.0},{"damage":3.0,"enemies":"Small Slimes","floor":8.0,"turns":3.0},{"damage":0.0,"enemies":"Cultist","floor":10.0,"turns":3.0},{"damage":7.0,"enemies":"3 Louse","floor":12.0,"turns":3.0},{"damage":0.0,"enemies":"Lots of Slimes","floor":13.0,"turns":1.0},{"damage":11.0,"enemies":"Exordium Thugs","floor":14.0,"turns":2.0},{"damage":8.0,"enemies":"Slime Boss","floor":16.0,"turns":6.0},{"damage":13,"enemies":"Chosen","floor":18,"turns":5},{"damage":0,"enemies":"3 Byrds","floor":20,"turns":2},{"damage":37,"enemies":"Centurion and Healer","floor":21,"turns":6},{"damage":56,"enemies":"Masked Bandits","floor":24,"turns":3}],"seed_played":"3488251831450135349","potions_obtained":[{"floor":6.0,"key":"Energy Potion"},{"floor":10.0,"key":"Strength Potion"}],"is_trial":false,"path_per_floor":["M","?","?","?","?","E","R","M","T","M","?","M","M","M","R","B",null,"M","?","M","M","T","R","?"],"character_chosen":"DEFECT","items_purchased":[],"campfire_rested":3,"item_purchase_floors":[],"current_hp_per_floor":[73,73,62,75,75,30,52,49,49,49,49,42,42,31,53,45,75,62,62,62,25,25,47,0],"gold":424,"neow_bonus":"RANDOM_COLORLESS","is_prod":false,"is_daily":false,"chose_seed":false,"campfire_upgraded":0,"win_rate":0,"timestamp":1543441082,"path_taken":["M","?","?","?","?","E","R","M","T","?","?","M","?","M","R","BOSS","M","?","M","M","?","R","?"],"build_version":"2018-11-15","purchased_purges":0,"victory":false,"max_hp_per_floor":[75,75,75,75,75,75,75,75,75,75,75,75,75,75,75,75,75,75,75,75,75,75,75,75],"card_choices":[{"not_picked":["BootSequence","Redo"],"picked":"Ball Lightning","floor":1.0},{"not_picked":["Hologram","Streamline"],"picked":"Redo","floor":6.0},{"not_picked":["Gash","Barrage"],"picked":"Electrodynamics","floor":8.0},{"not_picked":["Steam Power","Redo"],"picked":"Lockon","floor":10.0},{"not_picked":["Rebound","Hologram"],"picked":"Consume","floor":12.0},{"not_picked":["Tempest","Coolheaded"],"picked":"Redo","floor":13.0},{"not_picked":["Skim","Redo"],"picked":"Leap","floor":14.0},{"not_picked":["Biased Cognition","Rainbow"],"picked":"Machine Learning","floor":16.0},{"not_picked":["Blizzard","Redo+1"],"picked":"Tempest+1","floor":18},{"not_picked":["Ball Lightning","Beam Cell"],"picked":"Recycle","floor":20},{"not_picked":["Turbo","Rebound+1"],"picked":"Go for the Eyes+1","floor":21}],"player_experience":155379,"relics_obtained":[{"floor":6.0,"key":"Calipers"},{"floor":9.0,"key":"Smiling Mask"},{"floor":22,"key":"Question Card"}],"event_choices":[{"damage_healed":0.0,"max_hp_gain":0.0,"max_hp_loss":0.0,"gold_gain":0.0,"event_name":"Living Wall","player_choice":"Grow","floor":2.0,"gold_loss":0.0,"damage_taken":0.0,"cards_upgraded":["Zap"]},{"damage_healed":0.0,"max_hp_gain":0.0,"max_hp_loss":0.0,"gold_gain":75.0,"event_name":"World of Goop","player_choice":"Gather Gold","floor":3.0,"gold_loss":0.0,"damage_taken":11.0},{"damage_healed":18.0,"max_hp_gain":0.0,"max_hp_loss":0.0,"gold_gain":0.0,"event_name":"The Cleric","player_choice":"Healed","floor":4.0,"gold_loss":35.0,"damage_taken":0.0},{"cards_removed":["Purity"],"damage_healed":0.0,"max_hp_gain":0.0,"max_hp_loss":0.0,"gold_gain":0.0,"event_name":"Purifier","player_choice":"Purged","floor":5.0,"gold_loss":0.0,"damage_taken":0.0},{"damage_healed":0.0,"max_hp_gain":0.0,"max_hp_loss":0.0,"gold_gain":0.0,"cards_transformed":["Strike_B"],"event_name":"Transmorgrifier","player_choice":"Transformed","floor":11.0,"gold_loss":0.0,"damage_taken":0.0,"cards_obtained":["Sweeping Beam"]},{"damage_healed":0,"gold_gain":0,"player_choice":"Simplicity","damage_taken":0,"max_hp_gain":0,"max_hp_loss":0,"event_name":"Back to Basics","floor":19,"gold_loss":0,"cards_upgraded":["Strike_B","Strike_B","Strike_B","Defend_B","Defend_B","Defend_B","Defend_B"]},{"damage_healed":0,"gold_gain":0,"player_choice":"Fought Bandits","damage_taken":0,"max_hp_gain":0,"max_hp_loss":0,"event_name":"Masked Bandits","floor":24,"gold_loss":0}],"is_beta":false,"boss_relics":[{"not_picked":["Black Star","White Beast Statue"],"picked":"Cursed Key"}],"items_purged_floors":[],"is_endless":false,"potions_floor_spawned":[6,10],"killed_by":"Masked Bandits","ascension_level":4}