{"gold_per_floor":[364,364,364,364,375,410,420,420,447,447,462,476,486,5,5,102,102,114,128,53,0,0,0,28,28,28,39,39],"floor_reached":28,"playtime":1519,"items_purged":[],"score":285,"play_id":"46fd969e-4ea2-441c-8d47-960e748616e3","local_time":"20190419114121","is_ascension_mode":true,"campfire_choices":[{"data":"Pommel Strike","floor":8,"key":"SMITH"},{"floor":15,"key":"REST"},{"floor":23,"key":"REST"},{"floor":25,"key":"REST"}],"neow_cost":"CURSE","seed_source_timestamp":403822011716250,"circlet_count":0,"master_deck":["Strike_R+1","Strike_R+1","Strike_R","Strike_R","Defend_R","Defend_R","Defend_R","Defend_R","Bash","Thunderclap","Seeing Red","Whirlwind","Pommel Strike+1","Battle Trance","Mayhem","Offering","Dark Embrace","Warcry","Havoc","Feel No Pain","Barricade"],"relics":["Burning Blood","Strawberry","Spirit Poop","Red Skull","Juzu Bracelet","NlothsMask","Whetstone","Mark of Pain","Blood Vial"],"potions_floor_usage":[19,24,24,27,28,28],"damage_taken":[{"damage":9,"enemies":"Jaw Worm","floor":1,"turns":3},{"damage":0,"enemies":"Small Slimes","floor":5,"turns":2},{"damage":40,"enemies":"Gremlin Nob","floor":6,"turns":5},{"damage":6,"enemies":"Cultist","floor":7,"turns":3},{"damage":14,"enemies":"3 Louse","floor":11,"turns":2},{"damage":15,"enemies":"Lots of Slimes","floor":12,"turns":3},{"damage":12,"enemies":"Exordium Wildlife","floor":13,"turns":3},{"damage":30,"enemies":"Slime Boss","floor":16,"turns":8},{"damage":7,"enemies":"3 Byrds","floor":18,"turns":6},{"damage":53,"enemies":"2 Thieves","floor":19,"turns":4},{"damage":36,"enemies":"Gremlin Leader","floor":24,"turns":6},{"damage":44,"enemies":"Centurion and Healer","floor":27,"turns":4},{"damage":42,"enemies":"Book of Stabbing","floor":28,"turns":3}],"seed_played":"-1949264653722070578","potions_obtained":[{"floor":11,"key":"FearPotion"},{"floor":12,"key":"Swift Potion"},{"floor":13,"key":"Regen Potion"},{"floor":19,"key":"Energy Potion"},{"floor":24,"key":"Swift Potion"},{"floor":27,"key":"Dexterity Potion"}],"is_trial":false,"path_per_floor":["M","?","?","?","M","E","M","R","T","?","M","M","M","$","R","B",null,"M","M","?","?","$","R","E","R","T","M","E"],"character_chosen":"IRONCLAD","items_purchased":["Mayhem","Offering","Whetstone"],"campfire_rested":3,"item_purchase_floors":[14,14,14],"current_hp_per_floor":[77,81,74,74,80,46,46,46,46,46,38,29,23,23,49,25,87,86,47,47,47,47,73,43,69,69,33,0],"gold":39,"neow_bonus":"TWO_FIFTY_GOLD","is_prod":false,"is_daily":false,"chose_seed":false,"campfire_upgraded":1,"win_rate":0,"timestamp":1555688481,"path_taken":["M","?","?","?","?","E","M","R","T","?","M","M","M","$","R","BOSS","M","M","?","?","$","R","E","R","T","M","E"],"build_version":"2019-01-23","purchased_purges":0,"victory":false,"max_hp_per_floor":[80,87,87,87,87,87,87,87,87,87,87,87,87,87,87,87,87,87,87,87,87,87,87,87,87,87,87,87],"card_choices":[{"not_picked":["Perfected Strike","Carnage"],"picked":"Thunderclap","floor":1},{"not_picked":["Headbutt","Clothesline"],"picked":"Seeing Red","floor":5},{"not_picked":["Bloodletting","Combust"],"picked":"Whirlwind","floor":6},{"not_picked":["Combust","Body Slam"],"picked":"Pommel Strike","floor":7},{"not_picked":["Fire Breathing","Rupture"],"picked":"Battle Trance","floor":11},{"not_picked":["Entrench","Rampage","Flex"],"picked":"SKIP","floor":12},{"not_picked":["Fire Breathing","Corruption"],"picked":"Barricade","floor":13},{"not_picked":["Berserk","Juggernaut"],"picked":"Dark Embrace","floor":16},{"not_picked":["Anger","Dual Wield+1"],"picked":"Warcry","floor":18},{"not_picked":["Spot Weakness+1","Iron Wave"],"picked":"Havoc","floor":19},{"not_picked":["Heavy Blade+1","Carnage"],"picked":"Feel No Pain","floor":24},{"not_picked":["Fire Breathing+1","Dual Wield"],"picked":"Barricade","floor":27}],"player_experience":206028,"relics_obtained":[{"floor":6,"key":"Red Skull"},{"floor":9,"key":"Juzu Bracelet"},{"floor":24,"key":"Blood Vial"}],"event_choices":[{"damage_healed":0,"gold_gain":0,"player_choice":"Success","damage_taken":3,"relics_obtained":["Strawberry"],"max_hp_gain":0,"max_hp_loss":0,"event_name":"Scrap Ooze","floor":2,"gold_loss":0},{"cards_removed":["Strike_R"],"damage_healed":0,"gold_gain":0,"player_choice":"Card Removal","damage_taken":7,"max_hp_gain":0,"max_hp_loss":0,"event_name":"Golden Wing","floor":3,"gold_loss":0},{"cards_removed":["Writhe"],"damage_healed":0,"gold_gain":0,"player_choice":"Offered Curse","damage_taken":0,"relics_obtained":["Spirit Poop"],"max_hp_gain":0,"max_hp_loss":0,"event_name":"Bonfire Elementals","floor":4,"gold_loss":0},{"damage_healed":0,"gold_gain":0,"player_choice":"Trade","damage_taken":0,"relics_obtained":["NlothsMask"],"max_hp_gain":0,"max_hp_loss":0,"event_name":"FaceTrader","floor":10,"gold_loss":0},{"cards_removed":["Barricade"],"damage_healed":0,"gold_gain":0,"player_choice":"Gave Gold","damage_taken":0,"max_hp_gain":0,"max_hp_loss":0,"event_name":"Beggar","floor":20,"gold_loss":75},{"damage_healed":0,"gold_gain":0,"player_choice":"Paid Fearfully","damage_taken":0,"max_hp_gain":0,"max_hp_loss":0,"event_name":"Masked Bandits","floor":21,"gold_loss":53}],"is_beta":false,"boss_relics":[{"not_picked":["Runic Cube","Pandora\u0027s Box"],"picked":"Mark of Pain"}],"items_purged_floors":[],"is_endless":false,"potions_floor_spawned":[11,12,13,19,24,27],"killed_by":"Book of Stabbing","ascension_level":4}