{"gold_per_floor":[116,116,134,134,134,159,159,159,159,186,206,233,3,3,3,80,80,90,110,110,110],"floor_reached":21,"playtime":932,"items_purged":[],"score":361,"play_id":"f53eb8b4-6aa5-4e94-9d62-530a1b791cd3","local_time":"20190417203009","is_ascension_mode":true,"campfire_choices":[{"floor":7.0,"key":"REST"},{"data":"Limit Break","floor":15.0,"key":"SMITH"}],"neow_cost":"CURSE","seed_source_timestamp":20488800965413,"circlet_count":0,"master_deck":["AscendersBane","Strike_R","Strike_R","Strike_R","Strike_R","Defend_R","Defend_R","Defend_R","Defend_R","Bash","Flash of Steel","Dark Shackles","Inflame","Evolve","Inflame","Pummel","Shrug It Off","Shrug It Off","Limit Break+1","Shrug It Off","Fiend Fire","Body Slam","Heavy Blade"],"special_seed":0,"relics":["Burning Blood","Happy Flower","Pantograph","Gremlin Horn","Strawberry","Sozu"],"potions_floor_usage":[],"damage_taken":[{"damage":14.0,"enemies":"Jaw Worm","floor":1.0,"turns":6.0},{"damage":1.0,"enemies":"Cultist","floor":3.0,"turns":3.0},{"damage":35.0,"enemies":"3 Sentries","floor":6.0,"turns":10.0},{"damage":29.0,"enemies":"Gremlin Nob","floor":10.0,"turns":5.0},{"damage":0.0,"enemies":"2 Louse","floor":11.0,"turns":2.0},{"damage":10.0,"enemies":"Lagavulin","floor":12.0,"turns":7.0},{"damage":24.0,"enemies":"Hexaghost","floor":16.0,"turns":8.0},{"damage":12.0,"enemies":"Shell Parasite","floor":18.0,"turns":5.0},{"damage":42,"enemies":"3 Byrds","floor":19,"turns":6},{"damage":42,"enemies":"Shelled Parasite and Fungi","floor":21,"turns":4}],"seed_played":"-1048597725180095300","potions_obtained":[{"floor":11.0,"key":"GamblersBrew"},{"floor":16.0,"key":"Strength Potion"}],"is_trial":false,"path_per_floor":["M","?","M","$","?","E","R","?","T","E","M","E","$","?","R","B",null,"M","M","$","M"],"character_chosen":"IRONCLAD","items_purchased":["Limit Break","Shrug It Off"],"campfire_rested":1,"item_purchase_floors":[13,13],"current_hp_per_floor":[60,60,65,65,58,29,51,51,51,28,34,37,37,37,37,44,73,67,31,31,0],"gold":110,"neow_bonus":"RANDOM_COLORLESS_2","is_prod":false,"is_daily":false,"chose_seed":false,"campfire_upgraded":1,"win_rate":0,"timestamp":1555558209,"path_taken":["M","?","M","?","?","E","R","?","T","E","?","E","$","?","R","BOSS","M","M","?","?"],"build_version":"2019-01-23","purchased_purges":0,"victory":false,"max_hp_per_floor":[75,75,75,75,75,75,75,75,75,75,75,82,82,82,82,82,82,82,82,82,82],"card_choices":[{"not_picked":["Clash","Anger"],"picked":"Inflame","floor":1.0},{"not_picked":["Rampage","Shockwave"],"picked":"Evolve","floor":3.0},{"not_picked":["Juggernaut","Intimidate"],"picked":"Inflame","floor":6.0},{"not_picked":["Sword Boomerang","Flex"],"picked":"Pummel","floor":10.0},{"not_picked":["Pummel","Power Through"],"picked":"Shrug It Off","floor":11.0},{"not_picked":["Rupture","Infernal Blade"],"picked":"Shrug It Off","floor":12.0},{"not_picked":["Berserk","Exhume"],"picked":"Fiend Fire","floor":16.0},{"not_picked":["Clothesline","Entrench+1"],"picked":"Body Slam","floor":18.0},{"not_picked":["Dropkick+1","Shockwave"],"picked":"Heavy Blade","floor":19}],"player_experience":721633,"relics_obtained":[{"floor":6.0,"key":"Happy Flower"},{"floor":9.0,"key":"Pantograph"},{"floor":10.0,"key":"Gremlin Horn"},{"floor":12.0,"key":"Strawberry"}],"event_choices":[{"cards_removed":["Writhe"],"damage_healed":0.0,"max_hp_gain":0.0,"max_hp_loss":0.0,"gold_gain":0.0,"event_name":"Fountain of Cleansing","player_choice":"Removed Curses","floor":2.0,"gold_loss":0.0,"damage_taken":0.0},{"cards_removed":["Strike_R"],"damage_healed":0.0,"max_hp_gain":0.0,"max_hp_loss":0.0,"gold_gain":0.0,"event_name":"Golden Wing","player_choice":"Card Removal","floor":5.0,"gold_loss":0.0,"damage_taken":7.0},{"damage_healed":0.0,"max_hp_gain":0.0,"max_hp_loss":0.0,"gold_gain":0.0,"event_name":"Scrap Ooze","player_choice":"Fled","floor":8.0,"gold_loss":0.0,"damage_taken":0.0},{"damage_healed":0.0,"max_hp_gain":0.0,"max_hp_loss":0.0,"gold_gain":0.0,"event_name":"Transmorgrifier","player_choice":"Ignored","floor":14.0,"gold_loss":0.0,"damage_taken":0.0}],"is_beta":false,"boss_relics":[{"not_picked":["Lizard Tail","Ectoplasm"],"picked":"Sozu"}],"items_purged_floors":[],"is_endless":false,"potions_floor_spawned":[11,16,18],"killed_by":"Shelled Parasite and Fungi","ascension_level":17}