{"gold_per_floor":[118,136,136,152,163,188,188,204,204,204,354,354,371,400,400,400],"floor_reached":16,"playtime":758,"items_purged":[],"score":207,"play_id":"6682e4b4-4d61-4119-9395-1784e0c53b8b","local_time":"20190415022658","is_ascension_mode":true,"campfire_choices":[{"data":"Shrug It Off","floor":7,"key":"SMITH"},{"data":"Spot Weakness","floor":10,"key":"SMITH"},{"data":"Metallicize","floor":12,"key":"SMITH"},{"data":"Iron Wave","floor":15,"key":"SMITH"}],"neow_cost":"NONE","seed_source_timestamp":44684737497257,"circlet_count":0,"master_deck":["AscendersBane","Strike_R","Strike_R","Strike_R","Strike_R","Defend_R","Defend_R","Defend_R","Defend_R","Bash","Evolve","Inflame","Metallicize+1","Twin Strike","Shrug It Off+1","Spot Weakness+1","Doubt","Iron Wave+1"],"special_seed":0,"relics":["Burning Blood","Unceasing Top","Self Forming Clay","Dream Catcher"],"potions_floor_usage":[8,14],"damage_taken":[{"damage":4.0,"enemies":"Small Slimes","floor":1.0,"turns":4.0},{"damage":6.0,"enemies":"Cultist","floor":2.0,"turns":3.0},{"damage":11.0,"enemies":"2 Louse","floor":4.0,"turns":4.0},{"damage":7.0,"enemies":"Looter","floor":5.0,"turns":5.0},{"damage":32,"enemies":"3 Sentries","floor":6,"turns":11},{"damage":8,"enemies":"3 Louse","floor":8,"turns":4},{"damage":6,"enemies":"Blue Slaver","floor":13,"turns":5},{"damage":16,"enemies":"Lagavulin","floor":14,"turns":8},{"damage":51,"enemies":"Hexaghost","floor":16,"turns":11}],"seed_played":"-1999183095674891933","potions_obtained":[{"floor":1.0,"key":"GamblersBrew"},{"floor":2.0,"key":"Regen Potion"},{"floor":4.0,"key":"Poison Potion"}],"is_trial":false,"path_per_floor":["M","M","?","M","M","E","R","M","T","R","?","R","M","E","R","B"],"character_chosen":"IRONCLAD","items_purchased":[],"campfire_rested":0,"item_purchase_floors":[],"current_hp_per_floor":[77,77,77,72,71,45,45,43,43,43,43,43,43,48,48,0],"gold":400,"neow_bonus":"TEN_PERCENT_HP_BONUS","is_prod":false,"is_daily":false,"chose_seed":false,"campfire_upgraded":4,"win_rate":0,"timestamp":1555320418,"path_taken":["M","M","?","?","?","E","R","M","T","R","?","R","M","E","R","BOSS"],"build_version":"2019-01-23","purchased_purges":0,"victory":false,"max_hp_per_floor":[82,82,82,82,82,82,82,82,82,82,82,82,82,82,82,82],"card_choices":[{"not_picked":["Wild Strike","True Grit"],"picked":"Evolve","floor":1.0},{"not_picked":["Combust","Perfected Strike"],"picked":"Inflame","floor":2.0},{"not_picked":["Headbutt","Feel No Pain"],"picked":"Metallicize","floor":4.0},{"not_picked":["Bloodletting","Entrench"],"picked":"Twin Strike","floor":5.0},{"not_picked":["Clash","Barricade"],"picked":"Shrug It Off","floor":6},{"not_picked":["Ghostly Armor","Clash"],"picked":"Spot Weakness","floor":8},{"not_picked":["Flex","Anger"],"picked":"Iron Wave","floor":13},{"not_picked":["Cleave","Sever Soul","Wild Strike"],"picked":"SKIP","floor":14}],"player_experience":716303,"relics_obtained":[{"floor":6,"key":"Unceasing Top"},{"floor":9,"key":"Self Forming Clay"},{"floor":14,"key":"Dream Catcher"}],"event_choices":[{"cards_removed":["Strike_R"],"damage_healed":0.0,"max_hp_gain":0.0,"max_hp_loss":0.0,"gold_gain":0.0,"event_name":"Bonfire Elementals","player_choice":"Offered Basic","floor":3.0,"gold_loss":0.0,"damage_taken":0.0},{"damage_healed":0,"gold_gain":150,"player_choice":"AGREE","damage_taken":0,"max_hp_gain":0,"max_hp_loss":0,"event_name":"Liars Game","floor":11,"gold_loss":0,"cards_obtained":["Doubt"]}],"is_beta":false,"boss_relics":[],"items_purged_floors":[],"is_endless":false,"potions_floor_spawned":[1,2,4],"killed_by":"Hexaghost","ascension_level":17}