{"gold_per_floor":[15,15,15,26,26,26,94,94,170,201,201,201,214,229,229,353,353,376,376,13,113,32,73,91,91],"floor_reached":25,"playtime":1013,"items_purged":[],"score":260,"play_id":"114c4323-9ea6-4212-a406-e70d51883c15","local_time":"20190410222230","is_ascension_mode":true,"campfire_choices":[{"data":"Dualcast","floor":6,"key":"SMITH"},{"data":"Ball Lightning","floor":8,"key":"SMITH"},{"data":"Zap","floor":12,"key":"SMITH"},{"data":"Defend_B","floor":15,"key":"SMITH"}],"neow_cost":"NO_GOLD","seed_source_timestamp":3412083434754362,"circlet_count":0,"master_deck":["Strike_B","Strike_B","Strike_B","Strike_B","Defend_B","Defend_B+1","Defend_B","Defend_B","Zap+1","Dualcast+1","Ball Lightning+1","Ball Lightning+1","Darkness+1","Injury","Leap+1","Creative AI","Stack+1","Chill+1","Loop","Storm","Chill+1"],"relics":["Cracked Core","Toxic Egg 2","Turnip","Golden Idol","Busted Crown","Bottled Lightning","Kunai"],"potions_floor_usage":[25,25],"damage_taken":[{"damage":5,"enemies":"2 Louse","floor":1,"turns":2},{"damage":1,"enemies":"Cultist","floor":4,"turns":3},{"damage":20,"enemies":"3 Sentries","floor":10,"turns":4},{"damage":0,"enemies":"Small Slimes","floor":13,"turns":2},{"damage":1,"enemies":"Looter","floor":14,"turns":2},{"damage":48,"enemies":"Hexaghost","floor":16,"turns":9},{"damage":12,"enemies":"Chosen","floor":18,"turns":4},{"damage":41,"enemies":"Book of Stabbing","floor":23,"turns":5},{"damage":9,"enemies":"Shell Parasite","floor":24,"turns":4},{"damage":30,"enemies":"3 Cultists","floor":25,"turns":3}],"seed_played":"-789760205580004511","potions_obtained":[{"floor":4,"key":"AttackPotion"},{"floor":16,"key":"EntropicBrew"}],"is_trial":false,"path_per_floor":["M","$","?","M","$","R","?","R","T","E","?","R","M","M","R","B",null,"M","?","$","?","$","E","M","M"],"character_chosen":"DEFECT","items_purchased":["Chill+1","Bottled Lightning","Loop","Storm"],"campfire_rested":0,"item_purchase_floors":[20,20,20,22],"current_hp_per_floor":[84,84,84,83,83,83,83,83,83,63,63,63,63,62,62,14,89,77,77,77,77,77,36,27,0],"gold":91,"neow_bonus":"TWENTY_PERCENT_HP_BONUS","is_prod":false,"is_daily":false,"chose_seed":false,"campfire_upgraded":4,"win_rate":0,"timestamp":1554949350,"path_taken":["M","$","?","M","?","R","?","R","T","E","?","R","M","M","R","BOSS","M","?","$","?","$","E","M","M"],"build_version":"2019-01-23","purchased_purges":0,"victory":false,"max_hp_per_floor":[89,89,89,89,89,89,89,89,89,89,89,89,89,89,89,89,89,89,89,89,89,89,89,89,89],"card_choices":[{"not_picked":["Turbo","Steam"],"picked":"Ball Lightning","floor":1},{"not_picked":["Tempest","Recycle"],"picked":"Ball Lightning","floor":4},{"not_picked":["Hologram+1","Stack+1"],"picked":"Darkness+1","floor":10},{"not_picked":["Stack+1","Go for the Eyes","Barrage"],"picked":"SKIP","floor":13},{"not_picked":["Rip and Tear","Coolheaded+1"],"picked":"Leap+1","floor":14},{"not_picked":["Echo Form","Amplify+1"],"picked":"Creative AI","floor":16},{"not_picked":[],"picked":"Stack+1","floor":18},{"not_picked":[],"picked":"Chill+1","floor":23},{"not_picked":["Turbo+1"],"picked":"SKIP","floor":24}],"player_experience":194537,"relics_obtained":[{"floor":9,"key":"Toxic Egg 2"},{"floor":10,"key":"Turnip"},{"floor":23,"key":"Kunai"}],"event_choices":[{"damage_healed":0,"gold_gain":0,"player_choice":"Forge","damage_taken":0,"max_hp_gain":0,"max_hp_loss":0,"event_name":"Accursed Blacksmith","floor":3,"gold_loss":0,"cards_upgraded":["Ball Lightning"]},{"damage_healed":0,"gold_gain":68,"player_choice":"Gained Gold","damage_taken":0,"max_hp_gain":0,"max_hp_loss":0,"event_name":"Golden Wing","floor":7,"gold_loss":0},{"damage_healed":0,"gold_gain":0,"player_choice":"Take Wound","damage_taken":0,"relics_obtained":["Golden Idol"],"max_hp_gain":0,"max_hp_loss":0,"event_name":"Golden Idol","floor":11,"gold_loss":0,"cards_obtained":["Injury"]},{"damage_healed":0,"gold_gain":0,"player_choice":"Ignored","damage_taken":0,"max_hp_gain":0,"max_hp_loss":0,"event_name":"Cursed Tome","floor":19,"gold_loss":0},{"damage_healed":0,"gold_gain":100,"player_choice":"Pray","damage_taken":0,"max_hp_gain":0,"max_hp_loss":0,"event_name":"Golden Shrine","floor":21,"gold_loss":0}],"is_beta":false,"boss_relics":[{"not_picked":["Ectoplasm","Coffee Dripper"],"picked":"Busted Crown"}],"items_purged_floors":[],"is_endless":false,"potions_floor_spawned":[4,16],"killed_by":"3 Cultists","ascension_level":4}