{"gold_per_floor":[114,114,114,114,133,133,159,159,185,219,3,26,41,53,53,158,158,174,96,11,23,23,23,42,42,116,151,39,57,57,68,68,164,164,181,230,230,230,240,240,258,275,275,42,54,54,68,3,3,3],"floor_reached":51,"playtime":3065,"items_purged":["Fusion"],"score":708,"play_id":"48f3e2f4-f40a-4202-b599-01867123de07","local_time":"20181008230556","is_ascension_mode":true,"campfire_choices":[{"data":"Cold Snap","floor":6,"key":"SMITH"},{"floor":15,"key":"REST"},{"floor":23,"key":"REST"},{"floor":25,"key":"REST"},{"floor":32,"key":"REST"},{"floor":40,"key":"REST"},{"floor":46,"key":"REST"},{"floor":49,"key":"REST"}],"neow_cost":"NONE","seed_source_timestamp":359098674595846,"circlet_count":0,"master_deck":["Zap","Dualcast+1","Sweeping Beam+1","Cold Snap+1","White Noise","Leap","Rebound","Defragment","Storm","White Noise","Barrage","Amplify+1","Beam Cell","Ball Lightning","Go for the Eyes","Go for the Eyes","Auto Shields","Beam Cell","Static Discharge","Recycle+1","Loop","Streamline+1","Stack","Chill","RitualDagger","Steam","Electrodynamics","Capacitor","Madness","Madness","Barrage","Leap","Buffer","Leap+1"],"relics":["Cracked Core","NeowsBlessing","Ancient Tea Set","Dream Catcher","Bag of Preparation","Regal Pillow","Omamori","Pandora\u0027s Box","War Paint","Gremlin Horn","Juzu Bracelet","Busted Crown","Dead Branch","Kunai","Anchor","Letter Opener"],"potions_floor_usage":[16,33,41,50,50,50],"damage_taken":[{"damage":0,"enemies":"Jaw Worm","floor":1,"turns":1},{"damage":0,"enemies":"Cultist","floor":5,"turns":1},{"damage":0,"enemies":"Lagavulin","floor":7,"turns":1},{"damage":16,"enemies":"3 Sentries","floor":10,"turns":6},{"damage":0,"enemies":"Small Slimes","floor":13,"turns":3},{"damage":2,"enemies":"2 Fungi Beasts","floor":14,"turns":2},{"damage":31,"enemies":"Hexaghost","floor":16,"turns":5},{"damage":14,"enemies":"Spheric Guardian","floor":18,"turns":4},{"damage":12,"enemies":"2 Thieves","floor":21,"turns":3},{"damage":43,"enemies":"Colosseum Slavers","floor":22,"turns":5},{"damage":8,"enemies":"Cultist and Chosen","floor":24,"turns":3},{"damage":19,"enemies":"Slavers","floor":27,"turns":2},{"damage":6,"enemies":"Chosen and Byrds","floor":29,"turns":6},{"damage":9,"enemies":"Shelled Parasite and Fungi","floor":31,"turns":3},{"damage":25,"enemies":"Champ","floor":33,"turns":10},{"damage":17,"enemies":"3 Shapes","floor":35,"turns":2},{"damage":8,"enemies":"Mysterious Sphere","floor":36,"turns":5},{"damage":0,"enemies":"Orb Walker","floor":39,"turns":4},{"damage":0,"enemies":"Transient","floor":41,"turns":5},{"damage":37,"enemies":"Maw","floor":42,"turns":7},{"damage":4,"enemies":"Sphere and 2 Shapes","floor":45,"turns":4},{"damage":23,"enemies":"Transient","floor":47,"turns":5},{"damage":71,"enemies":"Awakened One","floor":50,"turns":13}],"seed_played":"854815711340972464","potions_obtained":[{"floor":1,"key":"AttackPotion"},{"floor":5,"key":"Explosive Potion"},{"floor":7,"key":"PowerPotion"},{"floor":27,"key":"LiquidBronze"},{"floor":39,"key":"Fire Potion"},{"floor":41,"key":"Dexterity Potion"},{"floor":45,"key":"FocusPotion"}],"is_trial":false,"path_per_floor":["M","?","?","?","M","R","E","?","T","E","$","T","M","M","R","B",null,"M","$","?","M","?","R","M","R","T","E","$","M","?","M","R","B",null,"M","?","?","?","M","R","M","M","T","$","M","R","M","?","R","B"],"character_chosen":"DEFECT","items_purchased":["Defragment","Regal Pillow","Static Discharge","Chill","Buffer","Anchor"],"campfire_rested":7,"item_purchase_floors":[11,11,19,28,44,44],"current_hp_per_floor":[75,75,68,68,68,68,68,68,68,52,52,52,52,50,75,44,75,61,61,61,49,6,43,35,72,72,53,53,47,41,32,69,44,75,58,50,50,41,41,75,75,38,38,38,34,71,48,48,75,4],"gold":3,"neow_bonus":"THREE_ENEMY_KILL","is_prod":false,"is_daily":false,"chose_seed":false,"campfire_upgraded":1,"win_rate":0,"timestamp":1539054356,"path_taken":["M","?","?","?","?","R","E","?","T","E","$","?","M","M","R","BOSS","M","$","?","M","?","R","M","R","T","E","?","M","?","M","R","BOSS","M","?","?","?","M","R","M","M","T","$","M","R","M","?","R","BOSS"],"build_version":"2018-10-04v2","purchased_purges":1,"victory":true,"max_hp_per_floor":[75,75,75,75,75,75,75,75,75,75,75,75,75,75,75,75,75,75,75,75,75,75,75,75,75,75,75,75,75,75,75,75,75,75,75,75,75,75,75,75,75,75,75,75,75,75,75,75,75,75],"card_choices":[{"not_picked":["Consume","Recycle"],"picked":"Sweeping Beam","floor":1},{"not_picked":["Gash","Turbo"],"picked":"Cold Snap","floor":5},{"not_picked":["Biased Cognition","Auto Shields"],"picked":"White Noise","floor":7},{"not_picked":["Beam Cell","Conserve Battery"],"picked":"Rebound","floor":10},{"not_picked":["Reprogram","Stack"],"picked":"Storm","floor":13},{"not_picked":["Lockon","Beam Cell"],"picked":"White Noise","floor":14},{"not_picked":["Compile Driver","Skim"],"picked":"Barrage","floor":15},{"not_picked":["Machine Learning","Rainbow"],"picked":"Amplify","floor":16},{"not_picked":["Undo","Gash+1"],"picked":"Beam Cell","floor":18},{"not_picked":["Auto Shields+1","Barrage"],"picked":"Recycle+1","floor":21},{"not_picked":["Chaos","Barrage"],"picked":"Ball Lightning+1","floor":23},{"not_picked":["Stack","Conserve Battery"],"picked":"Loop","floor":24},{"not_picked":["Compile Driver","Redo"],"picked":"Streamline+1","floor":25},{"not_picked":["Rebound","Echo Form"],"picked":"Stack","floor":27},{"not_picked":["Undo","Sunder+1","Ball Lightning"],"picked":"SKIP","floor":29},{"not_picked":["Storm","Go for the Eyes"],"picked":"Steam","floor":31},{"not_picked":["All For One","Multi-Cast"],"picked":"Electrodynamics","floor":33},{"not_picked":["Beam Cell"],"picked":"SKIP","floor":35},{"not_picked":[],"picked":"Capacitor","floor":36},{"not_picked":[],"picked":"Barrage","floor":39},{"not_picked":[],"picked":"Leap","floor":40},{"not_picked":["Compile Driver+1"],"picked":"SKIP","floor":41},{"not_picked":["Beam Cell"],"picked":"SKIP","floor":42},{"not_picked":["Steam Power+1"],"picked":"SKIP","floor":45},{"not_picked":["Streamline+1"],"picked":"SKIP","floor":47},{"not_picked":[],"picked":"Leap+1","floor":49}],"player_experience":114358,"relics_obtained":[{"floor":7,"key":"Ancient Tea Set"},{"floor":9,"key":"Dream Catcher"},{"floor":10,"key":"Bag of Preparation"},{"floor":12,"key":"Omamori"},{"floor":26,"key":"Gremlin Horn"},{"floor":27,"key":"Juzu Bracelet"},{"floor":36,"key":"Dead Branch"},{"floor":43,"key":"Kunai"}],"event_choices":[{"event_name":"Upgrade Shrine","player_choice":"Upgraded","floor":2,"damage_taken":0},{"event_name":"Golden Wing","player_choice":"Card Removal","floor":3,"damage_taken":0},{"event_name":"The Cleric","player_choice":"Leave","floor":4,"damage_taken":0},{"event_name":"Living Wall","player_choice":"Change","floor":8,"damage_taken":0},{"event_name":"Addict","player_choice":"Obtained Relic","floor":20,"damage_taken":0},{"event_name":"Colosseum","player_choice":"Fight","floor":22,"damage_taken":0},{"event_name":"Colosseum","player_choice":"Fled From Nobs","floor":22,"damage_taken":0},{"event_name":"Nest","player_choice":"Joined the Cult","floor":30,"damage_taken":0},{"event_name":"Mysterious Sphere","player_choice":"Fight","floor":36,"damage_taken":0},{"event_name":"Falling","player_choice":"Removed Attack","floor":37,"damage_taken":0},{"event_name":"Winding Halls","player_choice":"Embrace Madness","floor":38,"damage_taken":0},{"event_name":"WeMeetAgain","player_choice":"Gold","floor":48,"damage_taken":0}],"is_beta":false,"boss_relics":[{"not_picked":["FrozenCore","Snecko Eye"],"picked":"Pandora\u0027s Box"},{"not_picked":["Philosopher\u0027s Stone","Fusion Hammer"],"picked":"Busted Crown"}],"items_purged_floors":[28],"is_endless":false,"potions_floor_spawned":[1,5,7,22,27,29,31,39,41,42,45],"ascension_level":1}