{"gold_per_floor":[11,11,23,23,23,55,55,55,109,109,119,119,151,164,164,267,267,267,267,267,16,16,16,16,16,16,16,16,16,16,16,16,16],"floor_reached":33,"playtime":1390,"items_purged":[],"score":403,"play_id":"689240c6-0b6c-4634-b2ef-77cd645c9866","local_time":"20181201230330","is_ascension_mode":true,"campfire_choices":[{"floor":7,"key":"REST"},{"data":"Bash","floor":10,"key":"SMITH"},{"data":"Spot Weakness","floor":12,"key":"SMITH"},{"data":"Flex","floor":15,"key":"SMITH"},{"floor":32,"key":"REST"}],"neow_cost":"NO_GOLD","seed_source_timestamp":1148285837884056,"circlet_count":0,"master_deck":["Strike_R+1","Strike_R+1","Strike_R+1","Strike_R+1","Defend_R+1","Defend_R+1","Defend_R+1","Bash+1","Pummel+1","Twin Strike","Thunderclap","Spot Weakness+1","Flex+1","Berserk","Shockwave","Heavy Blade","Clothesline+1","Feed","Headbutt","Disarm+1","Feel No Pain","Ghostly Armor+1"],"relics":["Burning Blood","StoneCalendar","Ornamental Fan","Shuriken","Centennial Puzzle","Darkstone Periapt","Ectoplasm","Toxic Egg 2","Oddly Smooth Stone","Smiling Mask","Art of War","Question Card"],"potions_floor_usage":[22,24,31,33,33],"damage_taken":[{"damage":7,"enemies":"Small Slimes","floor":1,"turns":3},{"damage":1,"enemies":"Cultist","floor":3,"turns":3},{"damage":33,"enemies":"3 Sentries","floor":6,"turns":7},{"damage":2,"enemies":"2 Louse","floor":11,"turns":2},{"damage":16,"enemies":"Gremlin Nob","floor":13,"turns":3},{"damage":12,"enemies":"2 Fungi Beasts","floor":14,"turns":3},{"damage":40,"enemies":"The Guardian","floor":16,"turns":8},{"damage":10,"enemies":"Shell Parasite","floor":18,"turns":2},{"damage":12,"enemies":"Spheric Guardian","floor":22,"turns":3},{"damage":0,"enemies":"Gremlin Leader","floor":23,"turns":5},{"damage":18,"enemies":"Snake Plant","floor":24,"turns":2},{"damage":12,"enemies":"Book of Stabbing","floor":28,"turns":3},{"damage":8,"enemies":"Cultist and Chosen","floor":29,"turns":3},{"damage":37,"enemies":"Slavers","floor":31,"turns":6},{"damage":85,"enemies":"Collector","floor":33,"turns":7}],"seed_played":"-8930831086783821857","potions_obtained":[{"floor":1,"key":"Strength Potion"},{"floor":13,"key":"Energy Potion"},{"floor":14,"key":"Weak Potion"},{"floor":22,"key":"SteroidPotion"},{"floor":24,"key":"Energy Potion"},{"floor":29,"key":"GamblersBrew"}],"is_trial":false,"path_per_floor":["M","?","M","?","?","E","R","?","T","R","M","R","E","M","R","B",null,"M","?","?","$","M","E","M","?","T","?","E","M","$","E","R","B"],"character_chosen":"IRONCLAD","items_purchased":["Toxic Egg 2"],"campfire_rested":2,"item_purchase_floors":[21],"current_hp_per_floor":[79,79,80,77,77,50,74,67,67,67,71,71,61,55,55,21,80,76,76,76,76,70,76,64,64,64,80,74,72,72,41,65,0],"gold":16,"neow_bonus":"ONE_RARE_RELIC","is_prod":false,"is_daily":false,"chose_seed":false,"campfire_upgraded":3,"win_rate":0,"timestamp":1543723410,"path_taken":["M","?","?","?","?","E","R","?","T","R","M","R","E","M","R","BOSS","M","?","?","$","M","E","?","?","T","?","E","M","$","E","R","BOSS"],"build_version":"2018-11-15","purchased_purges":0,"victory":false,"max_hp_per_floor":[80,80,80,80,80,80,80,80,80,80,80,80,80,80,80,80,80,80,80,80,80,80,80,80,80,80,80,80,80,80,80,80,80],"card_choices":[{"not_picked":["Burning Pact","Dropkick"],"picked":"Pummel","floor":1},{"not_picked":["Burning Pact","Clothesline"],"picked":"Twin Strike","floor":3},{"not_picked":["Wild Strike","Battle Trance"],"picked":"Thunderclap","floor":6},{"not_picked":["Perfected Strike","Warcry"],"picked":"Spot Weakness","floor":11},{"not_picked":["Dark Embrace","Entrench","Second Wind"],"picked":"SKIP","floor":13},{"not_picked":["Warcry","Body Slam"],"picked":"Flex","floor":14},{"not_picked":["Brutality","Fiend Fire"],"picked":"Berserk","floor":16},{"not_picked":["Intimidate+1","Spot Weakness"],"picked":"Shockwave","floor":18},{"not_picked":["Shockwave+1","Havoc+1"],"picked":"Clothesline+1","floor":22},{"not_picked":["Sword Boomerang","Twin Strike"],"picked":"Feed","floor":23},{"not_picked":["Thunderclap","Iron Wave"],"picked":"Headbutt","floor":24},{"not_picked":["Perfected Strike","Power Through+1"],"picked":"Disarm+1","floor":28},{"not_picked":["Warcry+1","Juggernaut"],"picked":"Feel No Pain","floor":29},{"not_picked":["Perfected Strike","Sword Boomerang"],"picked":"Ghostly Armor+1","floor":31}],"player_experience":169441,"relics_obtained":[{"floor":6,"key":"Shuriken"},{"floor":9,"key":"Centennial Puzzle"},{"floor":13,"key":"Darkstone Periapt"},{"floor":23,"key":"Oddly Smooth Stone"},{"floor":26,"key":"Smiling Mask"},{"floor":28,"key":"Art of War"},{"floor":31,"key":"Question Card"}],"event_choices":[{"cards_removed":["Defend_R"],"damage_healed":0,"gold_gain":0,"player_choice":"Offered Basic","damage_taken":0,"max_hp_gain":0,"max_hp_loss":0,"event_name":"Bonfire Elementals","floor":2,"gold_loss":0},{"damage_healed":0,"gold_gain":0,"player_choice":"Success","damage_taken":3,"relics_obtained":["Ornamental Fan"],"max_hp_gain":0,"max_hp_loss":0,"event_name":"Scrap Ooze","floor":4,"gold_loss":0},{"damage_healed":0,"gold_gain":0,"player_choice":"Grow","damage_taken":0,"max_hp_gain":0,"max_hp_loss":0,"event_name":"Living Wall","floor":5,"gold_loss":0,"cards_upgraded":["Pummel"]},{"cards_removed":["Strike_R"],"damage_healed":0,"gold_gain":0,"player_choice":"Card Removal","damage_taken":7,"max_hp_gain":0,"max_hp_loss":0,"event_name":"Golden Wing","floor":8,"gold_loss":0},{"damage_healed":0,"gold_gain":0,"player_choice":"Read","damage_taken":0,"max_hp_gain":0,"max_hp_loss":0,"event_name":"The Library","floor":19,"gold_loss":0,"cards_obtained":["Heavy Blade"]},{"damage_healed":0,"gold_gain":0,"player_choice":"Ignored","damage_taken":0,"max_hp_gain":0,"max_hp_loss":0,"event_name":"Beggar","floor":20,"gold_loss":0},{"damage_healed":0,"gold_gain":0,"player_choice":"Simplicity","damage_taken":0,"max_hp_gain":0,"max_hp_loss":0,"event_name":"Back to Basics","floor":25,"gold_loss":0,"cards_upgraded":["Strike_R","Strike_R","Strike_R","Strike_R","Defend_R","Defend_R","Defend_R"]},{"damage_healed":16,"gold_gain":0,"player_choice":"Full Heal","damage_taken":0,"max_hp_gain":0,"max_hp_loss":0,"event_name":"Wheel of Change","floor":27,"gold_loss":0}],"is_beta":false,"boss_relics":[{"not_picked":["Tiny House","Runic Dome"],"picked":"Ectoplasm"}],"items_purged_floors":[],"is_endless":false,"potions_floor_spawned":[1,13,14,16,22,24,29],"killed_by":"Collector","ascension_level":4}