{"gold_per_floor":[110,123,123,123,123,123,134,159,159,186,247,263,263,263,263,382,382,405,405,155,155,175,210,210,223,223,241,261,300,300,324,324,455,455,475,808,768,8,230,263,263,263,263,275,275,7,7,26,26,26],"floor_reached":51,"playtime":3281,"items_purged":["Injury","Writhe"],"score":849,"play_id":"14415330-1f5f-4942-92c2-eec6cb4133d8","local_time":"20181020171733","is_ascension_mode":true,"campfire_choices":[{"floor":6,"key":"REST"},{"floor":13,"key":"REST"},{"floor":15,"key":"REST"},{"floor":24,"key":"REST"},{"floor":32,"key":"REST"},{"floor":41,"key":"REST"},{"data":"Creative AI","floor":45,"key":"SMITH"},{"data":"Storm","floor":49,"key":"SMITH"}],"neow_cost":"NONE","seed_source_timestamp":0,"circlet_count":0,"master_deck":["Strike_B+1","Strike_B+1","Defend_B","Defend_B","Defend_B+1","Zap","Dualcast","Leap+1","Steam+1","Mayhem","Go for the Eyes","Electrodynamics","Rip and Tear","Hello World","Streamline+1","Creative AI+1","Buffer+1","Turbo+1","Reinforced Body+1","White Noise","Stack","Conserve Battery","Auto Shields+1","Redo+1","Self Repair","Stack+1","Cold Snap+1","Thunder Strike+1","Coolheaded+1","Capacitor","Good Instincts+1","BootSequence+1","Defragment+1","PanicButton+1","Conserve Battery+1","Storm+1","Electrodynamics","White Noise+1"],"special_seed":0,"relics":["Cracked Core","Pocketwatch","Mercury Hourglass","Ornamental Fan","Bag of Preparation","Whetstone","Astrolabe","Dream Catcher","War Paint","Blue Candle","Toxic Egg 2","Red Mask","Molten Egg 2","Busted Crown","Strange Spoon","Bag of Marbles","Boot","Question Card","Happy Flower"],"potions_floor_usage":[23,28,31,33,33,40,48,50],"damage_taken":[{"damage":6.0,"enemies":"Cultist","floor":1.0,"turns":3.0},{"damage":0,"enemies":"2 Louse","floor":2,"turns":2},{"damage":5,"enemies":"Small Slimes","floor":7,"turns":3},{"damage":21,"enemies":"3 Sentries","floor":8,"turns":9},{"damage":10,"enemies":"Gremlin Nob","floor":10,"turns":3},{"damage":10,"enemies":"3 Sentries","floor":11,"turns":4},{"damage":6,"enemies":"Exordium Wildlife","floor":12,"turns":2},{"damage":33,"enemies":"The Guardian","floor":16,"turns":10},{"damage":11,"enemies":"Spheric Guardian","floor":18,"turns":4},{"damage":4,"enemies":"Chosen","floor":22,"turns":4},{"damage":59,"enemies":"Gremlin Leader","floor":23,"turns":6},{"damage":5,"enemies":"Centurion and Healer","floor":25,"turns":7},{"damage":0,"enemies":"Snake Plant","floor":27,"turns":5},{"damage":6,"enemies":"Shelled Parasite and Fungi","floor":28,"turns":6},{"damage":5,"enemies":"Masked Bandits","floor":29,"turns":3},{"damage":5,"enemies":"Sentry and Sphere","floor":31,"turns":4},{"damage":39,"enemies":"Champ","floor":33,"turns":14},{"damage":1,"enemies":"Orb Walker","floor":35,"turns":5},{"damage":38,"enemies":"Giant Head","floor":40,"turns":9},{"damage":0,"enemies":"3 Darklings","floor":44,"turns":4},{"damage":0,"enemies":"Transient","floor":48,"turns":5},{"damage":12,"enemies":"Donu and Deca","floor":50,"turns":7}],"seed_played":"4445948968615371595","potions_obtained":[{"floor":10,"key":"GamblersBrew"},{"floor":11,"key":"LiquidBronze"},{"floor":16,"key":"Ancient Potion"},{"floor":18,"key":"PowerPotion"},{"floor":23,"key":"SteroidPotion"},{"floor":25,"key":"SkillPotion"},{"floor":28,"key":"Poison Potion"},{"floor":33,"key":"AttackPotion"},{"floor":40,"key":"Regen Potion"},{"floor":48,"key":"SkillPotion"}],"is_trial":false,"path_per_floor":["M","M","?","?","?","R","M","E","T","E","?","M","R","?","R","B",null,"M","?","$","?","M","E","R","M","T","M","M","?","T","M","R","B",null,"M","?","?","$","?","E","R","?","T","M","R","$","?","M","R","B"],"character_chosen":"DEFECT","items_purchased":["Dream Catcher","Stack","Capacitor","Good Instincts+1","BootSequence+1","Fire Potion","Strange Spoon","Bag of Marbles","Storm","Happy Flower","SpeedPotion"],"campfire_rested":6,"item_purchase_floors":[20,20,38,38,38,38,38,38,46,46,46],"current_hp_per_floor":[69,69,51,56,56,80,75,54,54,44,34,28,52,52,76,43,80,69,69,69,69,65,6,30,25,25,25,19,14,14,16,40,1,80,79,79,79,79,79,48,72,72,72,79,79,79,79,80,80,75],"gold":26,"neow_bonus":"RANDOM_COLORLESS","is_prod":false,"is_daily":false,"chose_seed":false,"campfire_upgraded":2,"win_rate":0,"timestamp":1540070253,"path_taken":["M","M","?","?","?","R","M","E","T","E","?","?","R","?","R","BOSS","M","?","$","?","M","E","R","M","T","M","M","?","?","?","R","BOSS","M","?","?","$","?","E","R","?","T","?","R","?","?","M","R","BOSS"],"build_version":"2018-10-18","purchased_purges":2,"victory":true,"max_hp_per_floor":[75,75,75,80,80,80,80,80,80,80,80,80,80,80,80,80,80,80,80,80,80,80,80,80,80,80,80,80,80,80,80,80,80,80,80,80,80,80,80,80,80,80,80,80,80,80,80,80,80,80],"card_choices":[{"not_picked":["Rebound","Cold Snap"],"picked":"Leap","floor":1.0},{"not_picked":["Barrage","Reinforced Body"],"picked":"Steam","floor":2},{"not_picked":["Stack","Hologram"],"picked":"Go for the Eyes","floor":7},{"not_picked":["Conserve Battery","Compile Driver"],"picked":"Electrodynamics","floor":8},{"not_picked":["Recycle","Go for the Eyes"],"picked":"Rip and Tear","floor":10},{"not_picked":["Lockon","Streamline"],"picked":"Hello World","floor":11},{"not_picked":["Beam Cell","Barrage"],"picked":"Streamline","floor":12},{"not_picked":["Electrodynamics","Buffer"],"picked":"Creative AI","floor":16},{"not_picked":["Turbo","Lockon"],"picked":"White Noise","floor":18},{"not_picked":["Gash+1","Coolheaded+1","Steam"],"picked":"SKIP","floor":22},{"not_picked":["Go for the Eyes","Undo","Fusion"],"picked":"SKIP","floor":23},{"not_picked":["Barrage+1","Melter"],"picked":"Conserve Battery","floor":24},{"not_picked":["Double Energy","Blizzard","Turbo"],"picked":"SKIP","floor":25},{"not_picked":["Sweeping Beam","Turbo+1"],"picked":"Auto Shields+1","floor":27},{"not_picked":["Reprogram+1","Sweeping Beam"],"picked":"Redo+1","floor":28},{"not_picked":["Blizzard+1","Coolheaded+1"],"picked":"Self Repair","floor":29},{"not_picked":["Lockon+1","Self Repair"],"picked":"Stack+1","floor":31},{"not_picked":["Stack+1","Steam Power+1"],"picked":"Cold Snap+1","floor":32},{"not_picked":["Creative AI","All For One+1"],"picked":"Thunder Strike+1","floor":33},{"not_picked":[],"picked":"Coolheaded+1","floor":35},{"not_picked":[],"picked":"Defragment+1","floor":40},{"not_picked":[],"picked":"PanicButton+1","floor":42},{"not_picked":["Hologram+1"],"picked":"Conserve Battery+1","floor":44},{"not_picked":["Compile Driver+1"],"picked":"White Noise+1","floor":48}],"player_experience":144920,"relics_obtained":[{"floor":8,"key":"Mercury Hourglass"},{"floor":9,"key":"Ornamental Fan"},{"floor":10,"key":"Bag of Preparation"},{"floor":11,"key":"Whetstone"},{"floor":23,"key":"Blue Candle"},{"floor":26,"key":"Toxic Egg 2"},{"floor":29,"key":"Red Mask"},{"floor":30,"key":"Molten Egg 2"},{"floor":40,"key":"Boot"},{"floor":43,"key":"Question Card"}],"event_choices":[{"damage_healed":0,"gold_gain":0,"player_choice":"Success","damage_taken":18,"relics_obtained":["Pocketwatch"],"max_hp_gain":0,"max_hp_loss":0,"event_name":"Scrap Ooze","floor":3,"gold_loss":0},{"damage_healed":0,"gold_gain":0,"player_choice":"Donut","damage_taken":0,"max_hp_gain":5,"max_hp_loss":0,"event_name":"Big Fish","floor":4,"gold_loss":0},{"damage_healed":0,"gold_gain":0,"cards_transformed":["Trip"],"player_choice":"Change","damage_taken":0,"max_hp_gain":0,"max_hp_loss":0,"event_name":"Living Wall","floor":5,"gold_loss":0,"cards_obtained":["Mayhem"]},{"damage_healed":0,"gold_gain":0,"player_choice":"Searched \u00272\u0027 times","damage_taken":0,"max_hp_gain":0,"max_hp_loss":0,"event_name":"Dead Adventurer","floor":11,"gold_loss":0},{"damage_healed":0,"gold_gain":0,"player_choice":"Take Wound","damage_taken":0,"relics_obtained":["Golden Idol"],"max_hp_gain":0,"max_hp_loss":0,"event_name":"Golden Idol","floor":14,"gold_loss":0,"cards_obtained":["Injury"]},{"damage_healed":0,"gold_gain":0,"player_choice":"Ignored","damage_taken":0,"max_hp_gain":0,"max_hp_loss":0,"event_name":"Vampires","floor":19,"gold_loss":0},{"damage_healed":0,"gold_gain":0,"player_choice":"Opened","damage_taken":0,"relics_obtained":["War Paint"],"max_hp_gain":0,"max_hp_loss":0,"event_name":"The Mausoleum","floor":21,"gold_loss":0,"cards_obtained":["Writhe"]},{"damage_healed":0,"gold_gain":0,"player_choice":"Fought Bandits","damage_taken":0,"max_hp_gain":0,"max_hp_loss":0,"event_name":"Masked Bandits","floor":29,"gold_loss":0},{"damage_healed":0,"gold_gain":333,"player_choice":"Gave Idol","damage_taken":0,"max_hp_gain":0,"max_hp_loss":0,"event_name":"The Moai Head","floor":36,"relics_lost":["Golden Idol"],"gold_loss":0},{"damage_healed":0,"gold_gain":0,"player_choice":"Upgraded Two","damage_taken":0,"max_hp_gain":0,"max_hp_loss":0,"event_name":"Designer","floor":37,"gold_loss":40,"cards_upgraded":["Leap","Streamline"]},{"damage_healed":0,"gold_gain":222,"player_choice":"Wore Mask","damage_taken":0,"max_hp_gain":0,"max_hp_loss":0,"event_name":"Tomb of Lord Red Mask","floor":39,"gold_loss":0},{"damage_healed":0,"gold_gain":0,"player_choice":"Memory 1","damage_taken":0,"max_hp_gain":0,"max_hp_loss":0,"event_name":"SensoryStone","floor":42,"gold_loss":0},{"damage_healed":0,"gold_gain":0,"player_choice":"Copied","damage_taken":0,"max_hp_gain":0,"max_hp_loss":0,"event_name":"Duplicator","floor":47,"gold_loss":0,"cards_obtained":["Electrodynamics"]}],"is_beta":false,"boss_relics":[{"not_picked":["Sozu","Coffee Dripper"],"picked":"Astrolabe"},{"not_picked":["FrozenCore","Empty Cage"],"picked":"Busted Crown"}],"items_purged_floors":[20,38],"is_endless":false,"potions_floor_spawned":[10,11,16,18,23,25,28,33,40,48],"ascension_level":3}