{"gold_per_floor":[113,132,45,55,55,55,80,97,120,120,138,152,169,169,169,246,246,258,268,268,280,64,64,94,112,135,135,60,60,60],"floor_reached":30,"playtime":916,"items_purged":["Strike_R"],"score":491,"play_id":"e12faab7-9a37-4cc8-abca-57f8b359c9f9","local_time":"20190414130137","is_ascension_mode":true,"campfire_choices":[{"data":"Evolve","floor":6.0,"key":"SMITH"},{"data":"Fiend Fire","floor":10.0,"key":"SMITH"},{"data":"Disarm","floor":15.0,"key":"SMITH"},{"data":"Uppercut","floor":23.0,"key":"SMITH"},{"data":"Sword Boomerang","floor":27.0,"key":"SMITH"}],"neow_cost":"NONE","seed_source_timestamp":405459937988200,"circlet_count":0,"master_deck":["AscendersBane","Strike_R","Strike_R","Strike_R","Defend_R","Defend_R+1","Defend_R+1","Defend_R","Bash","Disarm+1","Evolve+1","Sword Boomerang+1","Fiend Fire+1","Cleave","Feel No Pain","Limit Break","Power Through","Uppercut+1","Anger"],"special_seed":0,"relics":["Burning Blood","Dream Catcher","Vajra","Sozu","Lee\u0027s Waffle","War Paint","PreservedInsect"],"potions_floor_usage":[30],"damage_taken":[{"damage":7.0,"enemies":"Jaw Worm","floor":1.0,"turns":3.0},{"damage":3.0,"enemies":"Small Slimes","floor":2.0,"turns":3.0},{"damage":8.0,"enemies":"Cultist","floor":4.0,"turns":4.0},{"damage":44.0,"enemies":"Gremlin Nob","floor":7.0,"turns":5.0},{"damage":13.0,"enemies":"Red Slaver","floor":8.0,"turns":4.0},{"damage":0.0,"enemies":"3 Louse","floor":11.0,"turns":1.0},{"damage":12.0,"enemies":"2 Fungi Beasts","floor":12.0,"turns":3.0},{"damage":10.0,"enemies":"Looter","floor":13.0,"turns":3.0},{"damage":43.0,"enemies":"The Guardian","floor":16.0,"turns":14.0},{"damage":26.0,"enemies":"2 Thieves","floor":18.0,"turns":5.0},{"damage":21.0,"enemies":"Shell Parasite","floor":19.0,"turns":2.0},{"damage":19.0,"enemies":"Centurion and Healer","floor":21.0,"turns":5.0},{"damage":43.0,"enemies":"Gremlin Leader","floor":24.0,"turns":8.0},{"damage":10.0,"enemies":"Chosen and Byrds","floor":25.0,"turns":9.0},{"damage":41,"enemies":"Slavers","floor":30,"turns":4}],"seed_played":"-478664796036333816","potions_obtained":[{"floor":0.0,"key":"Regen Potion"},{"floor":0.0,"key":"Block Potion"},{"floor":0.0,"key":"AttackPotion"},{"floor":2.0,"key":"Explosive Potion"},{"floor":8.0,"key":"Explosive Potion"},{"floor":16.0,"key":"Dexterity Potion"}],"is_trial":false,"path_per_floor":["M","M","$","M","$","R","E","M","T","R","M","M","M","?","R","B",null,"M","M","?","M","$","R","E","M","T","R","$","?","E"],"character_chosen":"IRONCLAD","items_purchased":["Evolve","Lee\u0027s Waffle"],"campfire_rested":0,"item_purchase_floors":[3,22],"current_hp_per_floor":[67,70,70,68,68,68,30,23,23,23,29,23,19,44,44,7,58,38,23,23,10,82,82,45,41,41,41,41,41,0],"gold":60,"neow_bonus":"THREE_SMALL_POTIONS","is_prod":false,"is_daily":false,"chose_seed":false,"campfire_upgraded":5,"win_rate":0,"timestamp":1555272097,"path_taken":["M","M","$","M","$","R","E","M","T","R","M","M","M","?","R","BOSS","M","M","?","M","$","R","E","M","T","R","$","?","E"],"build_version":"2019-01-23","purchased_purges":1,"victory":false,"max_hp_per_floor":[75,75,75,75,75,75,75,75,75,75,75,75,75,75,75,75,75,75,75,75,75,82,82,82,82,82,82,82,82,82],"card_choices":[{"not_picked":["Hemokinesis","Combust","Dropkick"],"picked":"SKIP","floor":1.0},{"not_picked":["Armaments","Ghostly Armor"],"picked":"Disarm","floor":2.0},{"not_picked":["Warcry","Clothesline"],"picked":"Sword Boomerang","floor":4.0},{"not_picked":["Disarm","Shrug It Off"],"picked":"Fiend Fire","floor":7.0},{"not_picked":["Bloodletting","Entrench"],"picked":"Cleave","floor":8.0},{"not_picked":["Twin Strike","Corruption"],"picked":"Feel No Pain","floor":11.0},{"not_picked":["Hemokinesis","Perfected Strike","Anger"],"picked":"SKIP","floor":12.0},{"not_picked":["Clash","Armaments","Shockwave"],"picked":"SKIP","floor":13.0},{"not_picked":["Barricade","Impervious"],"picked":"Limit Break","floor":16.0},{"not_picked":["Disarm+1","Flex"],"picked":"Power Through","floor":18.0},{"not_picked":["Searing Blow","Perfected Strike"],"picked":"Uppercut","floor":19.0},{"not_picked":["Anger+1","Searing Blow","Clash"],"picked":"SKIP","floor":21.0},{"not_picked":["Dual Wield","Body Slam","Sword Boomerang"],"picked":"SKIP","floor":24.0},{"not_picked":["Seeing Red","Clothesline","Combust+1"],"picked":"SKIP","floor":25.0}],"player_experience":557566,"relics_obtained":[{"floor":7.0,"key":"Dream Catcher"},{"floor":9.0,"key":"Vajra"},{"floor":24.0,"key":"War Paint"},{"floor":26.0,"key":"PreservedInsect"}],"event_choices":[{"damage_healed":25.0,"max_hp_gain":0.0,"max_hp_loss":0.0,"gold_gain":0.0,"event_name":"Big Fish","player_choice":"Banana","floor":14.0,"gold_loss":0.0,"damage_taken":0.0},{"damage_healed":0.0,"max_hp_gain":0.0,"max_hp_loss":0.0,"gold_gain":0.0,"event_name":"Lab","player_choice":"Got Potions","floor":20.0,"gold_loss":0.0,"damage_taken":0.0},{"damage_healed":0.0,"max_hp_gain":0.0,"max_hp_loss":0.0,"gold_gain":0.0,"cards_transformed":["Strike_R"],"event_name":"Transmorgrifier","player_choice":"Transformed","floor":29.0,"gold_loss":0.0,"damage_taken":0.0,"cards_obtained":["Anger"]}],"is_beta":false,"boss_relics":[{"not_picked":["Snecko Eye","Ectoplasm"],"picked":"Sozu"}],"items_purged_floors":[28],"is_endless":false,"potions_floor_spawned":[2,8,16,21],"killed_by":"Slavers","ascension_level":19}