{"gold_per_floor":[119,119,44,55,68,68,102,112,112,126,139,139,165,184,184,256,256,270,270,270,270,242,242],"floor_reached":23,"playtime":1609,"items_purged":[],"score":347,"play_id":"0fed2361-566e-44ee-a13e-f137b9b0dcb9","local_time":"20190407132820","is_ascension_mode":true,"campfire_choices":[{"data":"Survivor","floor":6.0,"key":"SMITH"},{"floor":15.0,"key":"REST"}],"neow_cost":"NONE","seed_source_timestamp":138064801670397,"circlet_count":0,"master_deck":["AscendersBane","Defend_G","Defend_G","Defend_G","Defend_G","Defend_G","Strike_G","Survivor+1","Neutralize","Flying Knee","Well Laid Plans","Blur+1","Footwork","Acrobatics+1","Blade Dance+1","Backflip+1","Glass Knife","Backstab","Blade Dance+1","Doppelganger+1","Escape Plan+1","Flying Knee","Burst+1","Riddle With Holes+1"],"special_seed":0,"relics":["Ring of the Snake","Toxic Egg 2","Sundial","Matryoshka","Odd Mushroom","Black Star","Nilry\u0027s Codex"],"potions_floor_usage":[],"damage_taken":[{"damage":0.0,"enemies":"Small Slimes","floor":1.0,"turns":6.0},{"damage":2.0,"enemies":"Jaw Worm","floor":4.0,"turns":7.0},{"damage":1.0,"enemies":"2 Louse","floor":5.0,"turns":4.0},{"damage":39.0,"enemies":"Gremlin Nob","floor":7.0,"turns":7.0},{"damage":0.0,"enemies":"Blue Slaver","floor":8.0,"turns":6.0},{"damage":0.0,"enemies":"Large Slime","floor":10.0,"turns":11.0},{"damage":5.0,"enemies":"Gremlin Gang","floor":11.0,"turns":5.0},{"damage":2.0,"enemies":"The Mushroom Lair","floor":13.0,"turns":5.0},{"damage":3.0,"enemies":"3 Louse","floor":14.0,"turns":3.0},{"damage":5.0,"enemies":"The Guardian","floor":16.0,"turns":18.0},{"damage":0.0,"enemies":"Chosen","floor":18.0,"turns":6.0},{"damage":14.0,"enemies":"Colosseum Slavers","floor":21.0,"turns":4.0},{"damage":14.0,"enemies":"2 Thieves","floor":22.0,"turns":5.0},{"damage":14,"enemies":"Book of Stabbing","floor":23,"turns":2}],"seed_played":"3316820390349831562","potions_obtained":[{"floor":5.0,"key":"Dexterity Potion"},{"floor":10.0,"key":"Weak Potion"},{"floor":11.0,"key":"Swift Potion"},{"floor":13.0,"key":"Weak Potion"},{"floor":14.0,"key":"LiquidBronze"},{"floor":16.0,"key":"FearPotion"}],"is_trial":false,"path_per_floor":["M","?","?","M","M","R","E","M","T","M","M","?","?","M","R","B",null,"M","?","?","?","M","E"],"character_chosen":"THE_SILENT","items_purchased":[],"campfire_rested":1,"item_purchase_floors":[],"current_hp_per_floor":[65,60,60,58,57,57,18,18,18,18,13,13,11,8,29,24,60,60,39,39,25,11,0],"gold":242,"neow_bonus":"TEN_PERCENT_HP_BONUS","is_prod":false,"is_daily":false,"chose_seed":false,"campfire_upgraded":1,"win_rate":0,"timestamp":1554668900,"path_taken":["M","?","?","M","M","R","E","M","T","M","M","?","?","M","R","BOSS","M","?","?","?","M","E"],"build_version":"2019-01-23","purchased_purges":0,"victory":false,"max_hp_per_floor":[72,72,72,72,72,72,72,72,72,72,72,72,72,72,72,72,72,72,72,72,72,72,72],"card_choices":[{"not_picked":["PiercingWail","All Out Attack"],"picked":"Flying Knee","floor":1.0},{"not_picked":["Bane","Heel Hook"],"picked":"Well Laid Plans","floor":4.0},{"not_picked":["Caltrops","Acrobatics+1"],"picked":"Blur+1","floor":5.0},{"not_picked":["Dodge and Roll+1","Underhanded Strike"],"picked":"Footwork","floor":7.0},{"not_picked":["Poisoned Stab","Underhanded Strike"],"picked":"Acrobatics+1","floor":8.0},{"not_picked":["Flying Knee","Dodge and Roll+1"],"picked":"Blade Dance+1","floor":10.0},{"not_picked":["Finisher","Acrobatics+1"],"picked":"Backflip+1","floor":11.0},{"not_picked":["Underhanded Strike","Accuracy"],"picked":"Backstab","floor":13.0},{"not_picked":["Reflex+1","Underhanded Strike"],"picked":"Blade Dance+1","floor":14.0},{"not_picked":["Night Terror+1","Unload"],"picked":"Doppelganger+1","floor":16.0},{"not_picked":["Sucker Punch","Setup+1"],"picked":"Escape Plan+1","floor":18.0},{"not_picked":["Underhanded Strike","Noxious Fumes"],"picked":"Riddle With Holes+1","floor":22.0}],"player_experience":689918,"relics_obtained":[{"floor":7.0,"key":"Sundial"},{"floor":9.0,"key":"Matryoshka"},{"floor":13.0,"key":"Odd Mushroom"},{"floor":19.0,"key":"Nilry\u0027s Codex"}],"event_choices":[{"damage_healed":0.0,"max_hp_gain":0.0,"max_hp_loss":0.0,"gold_gain":0.0,"event_name":"Scrap Ooze","player_choice":"Success","floor":2.0,"gold_loss":0.0,"damage_taken":5.0,"relics_obtained":["Toxic Egg 2"]},{"cards_removed":["Strike_G"],"damage_healed":0.0,"max_hp_gain":0.0,"max_hp_loss":0.0,"gold_gain":0.0,"event_name":"The Cleric","player_choice":"Card Removal","floor":3.0,"gold_loss":75.0,"damage_taken":0.0},{"damage_healed":0.0,"max_hp_gain":0.0,"max_hp_loss":0.0,"gold_gain":0.0,"cards_transformed":["Strike_G"],"event_name":"Living Wall","player_choice":"Change","floor":12.0,"gold_loss":0.0,"damage_taken":0.0,"cards_obtained":["Glass Knife"]},{"damage_healed":0.0,"max_hp_gain":0.0,"max_hp_loss":0.0,"gold_gain":0.0,"event_name":"Mushrooms","player_choice":"Fought Mushrooms","floor":13.0,"gold_loss":0.0,"damage_taken":0.0},{"damage_healed":0.0,"max_hp_gain":0.0,"max_hp_loss":0.0,"gold_gain":0.0,"event_name":"Cursed Tome","player_choice":"Obtained Book","floor":19.0,"gold_loss":0.0,"damage_taken":21.0},{"damage_healed":0.0,"max_hp_gain":0.0,"max_hp_loss":0.0,"gold_gain":0.0,"cards_transformed":["Strike_G","Strike_G"],"event_name":"Drug Dealer","player_choice":"Became Test Subject","floor":20.0,"gold_loss":0.0,"damage_taken":0.0,"cards_obtained":["Flying Knee","Burst"]},{"damage_healed":0.0,"max_hp_gain":0.0,"max_hp_loss":0.0,"gold_gain":0.0,"event_name":"Colosseum","player_choice":"Fight","floor":21.0,"gold_loss":0.0,"damage_taken":0.0},{"damage_healed":0.0,"max_hp_gain":0.0,"max_hp_loss":0.0,"gold_gain":0.0,"event_name":"Colosseum","player_choice":"Fled From Nobs","floor":21.0,"gold_loss":0.0,"damage_taken":0.0}],"is_beta":false,"boss_relics":[{"not_picked":["Ring of the Serpent","Empty Cage"],"picked":"Black Star"}],"items_purged_floors":[],"is_endless":false,"potions_floor_spawned":[5,10,11,13,14,16,18],"killed_by":"Book of Stabbing","ascension_level":16}