{"gold_per_floor":[118,118,134,154,104,104,139,139,139,139,163,177,50,80,92,205,267,298,322,352,364,376,98,109,128,128,148,148,7,7,26,26,26],"floor_reached":33,"playtime":1883,"items_purged":["Strike_G","Defend_G"],"score":359,"play_id":"700c3005-c10a-4694-82bc-eb5ad002ab38","local_time":"20190419165402","is_ascension_mode":true,"campfire_choices":[{"data":"Noxious Fumes","floor":6,"key":"SMITH"},{"data":"Tactician","floor":8,"key":"SMITH"},{"floor":10,"key":"REST"},{"floor":15,"key":"REST"},{"floor":28,"key":"REST"},{"data":"Tools of the Trade","floor":30,"key":"SMITH"},{"floor":32,"key":"REST"}],"neow_cost":"NONE","seed_source_timestamp":24077344185350,"circlet_count":0,"master_deck":["Defend_G","Defend_G","Defend_G","Strike_G+1","Strike_G","Survivor","Neutralize","Deflect","Noxious Fumes+1","Expertise","Tactician+1","Deadly Poison","Malaise","Catalyst","Dagger Throw","Crippling Poison","Ghostly","Ghostly","Ghostly","Ghostly","Ghostly","Footwork","Escape Plan+1","Reflex","Grand Finale","Tools of the Trade+1","Quick Slash+1"],"special_seed":0,"relics":["Empty Cage","Shuriken","Matryoshka","Strawberry","Ornamental Fan","Odd Mushroom","MawBank","Tiny House","Vajra","Smiling Mask","Boot"],"potions_floor_usage":[12,14,16,25],"damage_taken":[{"damage":0,"enemies":"2 Louse","floor":1,"turns":3},{"damage":1,"enemies":"Small Slimes","floor":3,"turns":4},{"damage":3,"enemies":"Jaw Worm","floor":4,"turns":5},{"damage":13,"enemies":"3 Sentries","floor":7,"turns":8},{"damage":6,"enemies":"The Mushroom Lair","floor":11,"turns":5},{"damage":7,"enemies":"Large Slime","floor":12,"turns":7},{"damage":22,"enemies":"Lagavulin","floor":14,"turns":7},{"damage":23,"enemies":"The Guardian","floor":16,"turns":9},{"damage":24,"enemies":"Spheric Guardian","floor":18,"turns":6},{"damage":5,"enemies":"Shell Parasite","floor":19,"turns":5},{"damage":25,"enemies":"Chosen and Byrds","floor":20,"turns":8},{"damage":10,"enemies":"Snake Plant","floor":24,"turns":7},{"damage":4,"enemies":"Cultist and Chosen","floor":25,"turns":9},{"damage":6,"enemies":"3 Cultists","floor":27,"turns":7},{"damage":18,"enemies":"Chosen and Byrds","floor":31,"turns":10},{"damage":15,"enemies":"Champ","floor":33,"turns":7}],"seed_played":"-1884278998966230618","potions_obtained":[{"floor":1,"key":"Energy Potion"},{"floor":12,"key":"AttackPotion"},{"floor":16,"key":"Explosive Potion"},{"floor":17,"key":"Ancient Potion"},{"floor":18,"key":"Dexterity Potion"},{"floor":20,"key":"Energy Potion"},{"floor":31,"key":"FearPotion"}],"is_trial":false,"path_per_floor":["M","?","M","M","?","R","E","R","T","R","?","M","$","E","R","B",null,"M","M","M","?","?","$","M","M","T","M","R","$","R","M","R","B"],"character_chosen":"THE_SILENT","items_purchased":["Dexterity Potion","Footwork","Vajra","Tools of the Trade"],"campfire_rested":4,"item_purchase_floors":[13,23,23,29],"current_hp_per_floor":[63,38,37,34,34,34,21,21,28,51,45,38,38,16,39,16,67,43,38,13,13,41,41,31,27,27,21,33,33,33,15,27,12],"gold":26,"neow_bonus":"BOSS_RELIC","is_prod":false,"is_daily":false,"chose_seed":false,"campfire_upgraded":3,"win_rate":0,"timestamp":1555660442,"path_taken":["M","?","M","M","?","R","E","R","T","R","?","M","$","E","R","BOSS","M","M","M","?","?","$","M","M","T","M","R","$","R","M","R","BOSS"],"build_version":"2019-01-23","purchased_purges":2,"victory":false,"max_hp_per_floor":[70,70,70,70,70,70,70,70,77,77,77,77,77,77,77,77,82,82,82,82,41,41,41,41,41,41,41,41,41,41,41,41,41],"card_choices":[{"not_picked":["Heel Hook","Bane"],"picked":"Deflect","floor":1},{"not_picked":["Setup","Blade Dance"],"picked":"Noxious Fumes","floor":3},{"not_picked":["Deflect","Blur"],"picked":"Expertise","floor":4},{"not_picked":["Storm of Steel","Dodge and Roll"],"picked":"Tactician","floor":7},{"not_picked":["Infinite Blades","Outmaneuver"],"picked":"Deadly Poison","floor":11},{"not_picked":["Dodge and Roll","Cloak And Dagger","Setup"],"picked":"SKIP","floor":12},{"not_picked":["Dodge and Roll","Cloak And Dagger","Setup"],"picked":"SKIP","floor":12},{"not_picked":["Dagger Throw","Dagger Spray","Dodge and Roll"],"picked":"SKIP","floor":14},{"not_picked":["Bullet Time","A Thousand Cuts"],"picked":"Malaise","floor":16},{"not_picked":["Quick Slash","Infinite Blades"],"picked":"Catalyst","floor":18},{"not_picked":["Endless Agony","Bane"],"picked":"Dagger Throw","floor":19},{"not_picked":["Bane","Dagger Spray"],"picked":"Crippling Poison","floor":20},{"not_picked":["Deadly Poison","Poisoned Stab+1"],"picked":"Escape Plan+1","floor":24},{"not_picked":["Bouncing Flask","Deflect"],"picked":"Reflex","floor":25},{"not_picked":["All Out Attack","Dagger Throw+1"],"picked":"Grand Finale","floor":27},{"not_picked":["Terror","Dodge and Roll"],"picked":"Quick Slash+1","floor":31}],"player_experience":638988,"relics_obtained":[{"floor":7,"key":"Matryoshka"},{"floor":9,"key":"Strawberry"},{"floor":9,"key":"Ornamental Fan"},{"floor":11,"key":"Odd Mushroom"},{"floor":14,"key":"MawBank"},{"floor":26,"key":"Smiling Mask"},{"floor":26,"key":"Boot"}],"event_choices":[{"damage_healed":0,"gold_gain":0,"player_choice":"Success","damage_taken":25,"relics_obtained":["Shuriken"],"max_hp_gain":0,"max_hp_loss":0,"event_name":"Scrap Ooze","floor":2,"gold_loss":0},{"cards_removed":["Strike_G"],"damage_healed":0,"gold_gain":0,"player_choice":"Card Removal","damage_taken":0,"max_hp_gain":0,"max_hp_loss":0,"event_name":"The Cleric","floor":5,"gold_loss":50},{"damage_healed":0,"gold_gain":0,"player_choice":"Fought Mushrooms","damage_taken":0,"max_hp_gain":0,"max_hp_loss":0,"event_name":"Mushrooms","floor":11,"gold_loss":0},{"damage_healed":0,"gold_gain":0,"player_choice":"Became a Ghost","damage_taken":0,"max_hp_gain":0,"max_hp_loss":41,"event_name":"Ghosts","floor":21,"gold_loss":0,"cards_obtained":["Ghostly","Ghostly","Ghostly","Ghostly","Ghostly"]},{"damage_healed":28,"gold_gain":0,"player_choice":"Full Heal","damage_taken":0,"max_hp_gain":0,"max_hp_loss":0,"event_name":"Wheel of Change","floor":22,"gold_loss":0}],"is_beta":false,"boss_relics":[{"not_picked":["Snecko Eye","HoveringKite"],"picked":"Tiny House"}],"items_purged_floors":[13,23],"is_endless":false,"potions_floor_spawned":[1,12,16,18,20,24,31],"killed_by":"Champ","ascension_level":6}