{"gold_per_floor":[14,24,24,99,118,118,150,168,168,202,202,202,237,250,250,250],"floor_reached":16,"playtime":787,"items_purged":[],"score":144,"play_id":"655766ec-d906-4f18-b7bd-0b7f83887756","local_time":"20181205214642","is_ascension_mode":true,"campfire_choices":[{"floor":6,"key":"REST"},{"floor":11,"key":"REST"},{"floor":15,"key":"REST"}],"neow_cost":"NO_GOLD","seed_source_timestamp":1489900763399582,"circlet_count":0,"master_deck":["Strike_R","Strike_R","Strike_R","Defend_R","Defend_R","Defend_R","Bash","Clash","Twin Strike","Second Wind","Havoc","Fiend Fire+1","Havoc"],"relics":["Burning Blood","Dead Branch","Darkstone Periapt","Pear","Dodecahedron"],"potions_floor_usage":[16,16],"damage_taken":[{"damage":16,"enemies":"Jaw Worm","floor":1,"turns":4},{"damage":7,"enemies":"Small Slimes","floor":2,"turns":4},{"damage":6,"enemies":"Cultist","floor":5,"turns":3},{"damage":38,"enemies":"Gremlin Nob","floor":7,"turns":5},{"damage":9,"enemies":"Red Slaver","floor":8,"turns":2},{"damage":23,"enemies":"Lagavulin","floor":10,"turns":3},{"damage":5,"enemies":"Gremlin Nob","floor":13,"turns":3},{"damage":12,"enemies":"2 Fungi Beasts","floor":14,"turns":2},{"damage":90,"enemies":"Hexaghost","floor":16,"turns":10}],"seed_played":"-858796547842653447","potions_obtained":[{"floor":2,"key":"Explosive Potion"},{"floor":10,"key":"Fire Potion"}],"is_trial":false,"path_per_floor":["M","M","?","?","M","R","E","M","T","E","R","?","E","M","R","B"],"character_chosen":"IRONCLAD","items_purchased":[],"campfire_rested":3,"item_purchase_floors":[],"current_hp_per_floor":[70,69,69,58,58,80,48,45,45,38,65,65,66,60,87,0],"gold":250,"neow_bonus":"REMOVE_TWO","is_prod":false,"is_daily":false,"chose_seed":false,"campfire_upgraded":0,"win_rate":0,"timestamp":1544064402,"path_taken":["M","M","?","?","M","R","E","M","T","E","R","?","E","?","R","BOSS"],"build_version":"2018-11-15","purchased_purges":0,"victory":false,"max_hp_per_floor":[80,80,80,80,80,80,80,80,80,90,90,90,90,90,90,90],"card_choices":[{"not_picked":["Anger","Perfected Strike"],"picked":"Clash","floor":1},{"not_picked":["Bloodletting","Armaments"],"picked":"Twin Strike","floor":2},{"not_picked":["Armaments","Thunderclap"],"picked":"Havoc","floor":5},{"not_picked":["Entrench","Reaper"],"picked":"Fiend Fire","floor":7},{"not_picked":["Metallicize","Body Slam"],"picked":"Havoc","floor":8},{"not_picked":["Reckless Charge","Dropkick","Body Slam"],"picked":"SKIP","floor":10},{"not_picked":["Wild Strike","Body Slam","Shrug It Off"],"picked":"SKIP","floor":13},{"not_picked":["True Grit","Sword Boomerang","Wild Strike"],"picked":"SKIP","floor":14}],"player_experience":172535,"relics_obtained":[{"floor":7,"key":"Dead Branch"},{"floor":9,"key":"Darkstone Periapt"},{"floor":10,"key":"Pear"},{"floor":13,"key":"Dodecahedron"}],"event_choices":[{"damage_healed":0,"gold_gain":0,"cards_transformed":["Strike_R"],"player_choice":"Change","damage_taken":0,"max_hp_gain":0,"max_hp_loss":0,"event_name":"Living Wall","floor":3,"gold_loss":0,"cards_obtained":["Second Wind"]},{"damage_healed":0,"gold_gain":75,"player_choice":"Gather Gold","damage_taken":11,"max_hp_gain":0,"max_hp_loss":0,"event_name":"World of Goop","floor":4,"gold_loss":0},{"damage_healed":0,"gold_gain":0,"player_choice":"Upgraded","damage_taken":0,"max_hp_gain":0,"max_hp_loss":0,"event_name":"Upgrade Shrine","floor":12,"gold_loss":0,"cards_upgraded":["Fiend Fire"]}],"is_beta":false,"boss_relics":[],"items_purged_floors":[],"is_endless":false,"potions_floor_spawned":[2,10],"killed_by":"Hexaghost","ascension_level":4}