{"gold_per_floor":[111,40,40,56,66,91,110,140,167,181,146,158,6,25,25,123,123,136,149,149,37,53,53,71,71,71,86,86,47,47,74,86,200,212,238,260,272,2,302,302,312,312,339,339,339,353,353,353],"floor_reached":48,"playtime":3144,"items_purged":["Strike_G"],"score":604,"play_id":"068802c2-c568-4090-a003-2b71a5a41c1f","local_time":"20181221221824","is_ascension_mode":true,"campfire_choices":[{"floor":15,"key":"REST"},{"floor":23,"key":"REST"},{"floor":25,"key":"REST"},{"floor":28,"key":"REST"},{"floor":30,"key":"REST"},{"floor":32,"key":"REST"},{"floor":40,"key":"REST"},{"floor":42,"key":"REST"},{"floor":44,"key":"REST"},{"floor":47,"key":"REST"}],"neow_cost":"NONE","seed_source_timestamp":1050737649328455,"circlet_count":0,"master_deck":["Defend_G","Defend_G","Defend_G","Defend_G","Defend_G","Strike_G","Strike_G","Strike_G","Strike_G","Survivor","Neutralize","Terror","Backstab","Crippling Poison","Cloak And Dagger","Unload","Quick Slash","Infinite Blades","Storm of Steel","Cloak And Dagger","Backstab","Envenom","Blade Dance","Footwork","Flying Knee+1","Eviscerate+1","Setup","Well Laid Plans+1","After Image","Injury","Writhe","Doubt","Backflip+1","Prepared+1","Accuracy","Accuracy","Malaise"],"relics":["Ring of the Snake","Lantern","Anchor","Bag of Preparation","Pen Nib","Lizard Tail","PreservedInsect","Sundial","MawBank","Calling Bell","Ancient Tea Set","Meat on the Bone","Shovel","Medical Kit","Orichalcum"],"potions_floor_usage":[8,16,24,33,33,41,48],"damage_taken":[{"damage":12,"enemies":"Jaw Worm","floor":1,"turns":5},{"damage":0,"enemies":"2 Louse","floor":4,"turns":2},{"damage":0,"enemies":"Cultist","floor":5,"turns":3},{"damage":18,"enemies":"3 Sentries","floor":6,"turns":14},{"damage":4,"enemies":"2 Fungi Beasts","floor":7,"turns":2},{"damage":12,"enemies":"Lagavulin","floor":8,"turns":5},{"damage":0,"enemies":"Gremlin Gang","floor":10,"turns":3},{"damage":0,"enemies":"Exordium Thugs","floor":12,"turns":3},{"damage":0,"enemies":"2 Fungi Beasts","floor":14,"turns":2},{"damage":31,"enemies":"Hexaghost","floor":16,"turns":6},{"damage":6,"enemies":"3 Byrds","floor":18,"turns":4},{"damage":19,"enemies":"2 Thieves","floor":19,"turns":4},{"damage":13,"enemies":"Snake Plant","floor":22,"turns":3},{"damage":46,"enemies":"Centurion and Healer","floor":24,"turns":5},{"damage":51,"enemies":"Sentry and Sphere","floor":27,"turns":8},{"damage":23,"enemies":"Book of Stabbing","floor":31,"turns":5},{"damage":61,"enemies":"Champ","floor":33,"turns":10},{"damage":34,"enemies":"3 Shapes","floor":35,"turns":8},{"damage":0,"enemies":"Orb Walker","floor":36,"turns":3},{"damage":63,"enemies":"Writhing Mass","floor":41,"turns":7},{"damage":44,"enemies":"4 Shapes","floor":46,"turns":6},{"damage":59,"enemies":"Transient","floor":48,"turns":3}],"seed_played":"-2763619583669100317","potions_obtained":[{"floor":4,"key":"EssenceOfSteel"},{"floor":8,"key":"AttackPotion"},{"floor":10,"key":"FearPotion"},{"floor":12,"key":"PowerPotion"},{"floor":16,"key":"SkillPotion"},{"floor":22,"key":"Ancient Potion"},{"floor":24,"key":"Strength Potion"},{"floor":31,"key":"PowerPotion"},{"floor":33,"key":"Strength Potion"},{"floor":36,"key":"SkillPotion"},{"floor":41,"key":"Swift Potion"}],"is_trial":false,"path_per_floor":["M","$","?","M","M","E","M","E","T","M","?","M","$","M","R","B",null,"M","M","?","$","M","R","M","R","T","M","R","$","R","E","R","B",null,"M","M","?","$","?","R","M","R","T","R","?","M","R","M"],"character_chosen":"THE_SILENT","items_purchased":["Backstab","Pen Nib","Footwork","Setup","Accuracy","Medical Kit"],"campfire_rested":10,"item_purchase_floors":[2,13,21,29,38,38],"current_hp_per_floor":[65,65,65,65,65,47,43,31,31,31,50,50,50,50,73,42,77,71,52,52,52,39,62,16,39,39,30,53,53,76,53,76,15,77,43,43,43,43,43,66,15,38,38,61,61,29,52,0],"gold":353,"neow_bonus":"TEN_PERCENT_HP_BONUS","is_prod":false,"is_daily":false,"chose_seed":false,"campfire_upgraded":0,"win_rate":0,"timestamp":1545448704,"path_taken":["M","$","?","M","M","E","M","E","T","M","?","M","?","M","R","BOSS","M","?","?","$","M","R","?","R","T","M","R","?","R","E","R","BOSS","M","M","?","$","?","R","?","R","T","R","?","M","R","?"],"build_version":"2018-12-20","purchased_purges":1,"victory":false,"max_hp_per_floor":[77,77,77,77,77,77,77,77,77,77,77,77,77,77,77,77,77,77,77,77,77,77,77,77,77,77,77,77,77,77,77,77,77,77,77,77,77,77,77,77,77,77,77,77,77,77,77,77],"card_choices":[{"not_picked":["Sucker Punch","Backflip"],"picked":"Terror","floor":1},{"not_picked":["Skewer","Expertise"],"picked":"Crippling Poison","floor":4},{"not_picked":["Endless Agony","Well Laid Plans"],"picked":"Cloak And Dagger","floor":5},{"not_picked":["Flying Knee","Tactician"],"picked":"Unload","floor":6},{"not_picked":["Slice","Underhanded Strike"],"picked":"Quick Slash","floor":7},{"not_picked":["Distraction","Dodge and Roll"],"picked":"Infinite Blades","floor":8},{"not_picked":["Dodge and Roll","Deadly Poison"],"picked":"Storm of Steel","floor":10},{"not_picked":["Blade Dance","Flying Knee"],"picked":"Cloak And Dagger","floor":12},{"not_picked":["Outmaneuver","Finisher"],"picked":"Backstab","floor":14},{"not_picked":["Wraith Form v2","Adrenaline"],"picked":"Envenom","floor":16},{"not_picked":["Deflect","Eviscerate+1","Deadly Poison"],"picked":"SKIP","floor":18},{"not_picked":["Prepared","Flying Knee"],"picked":"Blade Dance","floor":19},{"not_picked":["Heel Hook","Underhanded Strike"],"picked":"Flying Knee+1","floor":22},{"not_picked":["Underhanded Strike","Quick Slash"],"picked":"Eviscerate+1","floor":24},{"not_picked":["Cloak And Dagger+1","Night Terror","Dagger Spray"],"picked":"SKIP","floor":27},{"not_picked":["Masterful Stab+1","Riddle With Holes"],"picked":"Well Laid Plans+1","floor":31},{"not_picked":["Doppelganger","Grand Finale"],"picked":"After Image","floor":33},{"not_picked":["Dagger Throw+1","Acrobatics+1"],"picked":"Backflip+1","floor":35},{"not_picked":["Blade Dance","Slice"],"picked":"Prepared+1","floor":36},{"not_picked":["PiercingWail","Calculated Gamble+1"],"picked":"Accuracy","floor":41},{"not_picked":["Slice+1","Bouncing Flask","Flying Knee+1"],"picked":"SKIP","floor":46}],"player_experience":184745,"relics_obtained":[{"floor":6,"key":"Lantern"},{"floor":8,"key":"Anchor"},{"floor":9,"key":"Bag of Preparation"},{"floor":26,"key":"Sundial"},{"floor":31,"key":"MawBank"},{"floor":34,"key":"Ancient Tea Set"},{"floor":34,"key":"Meat on the Bone"},{"floor":34,"key":"Shovel"},{"floor":43,"key":"Orichalcum"}],"event_choices":[{"damage_healed":0,"gold_gain":0,"player_choice":"Ignored","damage_taken":0,"max_hp_gain":0,"max_hp_loss":0,"event_name":"Liars Game","floor":3,"gold_loss":0},{"damage_healed":19,"gold_gain":0,"player_choice":"Healed","damage_taken":0,"max_hp_gain":0,"max_hp_loss":0,"event_name":"The Cleric","floor":11,"gold_loss":35},{"damage_healed":0,"gold_gain":0,"player_choice":"Gave Potion","damage_taken":0,"relics_obtained":["PreservedInsect"],"max_hp_gain":0,"max_hp_loss":0,"event_name":"WeMeetAgain","floor":20,"gold_loss":0},{"damage_healed":0,"gold_gain":0,"player_choice":"Ignored","damage_taken":0,"max_hp_gain":0,"max_hp_loss":0,"event_name":"Mysterious Sphere","floor":37,"gold_loss":0},{"damage_healed":0,"gold_gain":300,"player_choice":"Gold","damage_taken":0,"max_hp_gain":0,"max_hp_loss":0,"event_name":"Wheel of Change","floor":39,"gold_loss":0},{"damage_healed":0,"gold_gain":0,"player_choice":"1 cards matched","damage_taken":0,"max_hp_gain":0,"max_hp_loss":0,"event_name":"Match and Keep!","floor":45,"gold_loss":0,"cards_obtained":["Malaise"]}],"is_beta":false,"boss_relics":[{"not_picked":["Ring of the Serpent","Tiny House"],"picked":"Lizard Tail"},{"not_picked":["Orrery","HoveringKite"],"picked":"Calling Bell"}],"items_purged_floors":[21],"is_endless":false,"potions_floor_spawned":[4,8,10,12,14,16,22,24,27,31,33,36,41],"killed_by":"Transient","ascension_level":4}