{"gold_per_floor":[111,111,111,123,49,49,49,84,175,206,252,275,48,103,103,205,205,217,162,188,188,199,234,234,253,253,271,271,285,318,335,335,431,431,445,445,445,461,461,489,489,499,499,530,530,559,585,598,598,598],"floor_reached":51,"playtime":2611,"items_purged":[],"score":884,"play_id":"f23e8d0e-2df2-4e29-85a1-59d6137efc8c","local_time":"20181018185855","is_ascension_mode":true,"campfire_choices":[{"data":"Defragment","floor":6,"key":"SMITH"},{"floor":15,"key":"REST"},{"floor":24,"key":"REST"},{"floor":28,"key":"REST"},{"floor":32,"key":"REST"},{"floor":41,"key":"REST"},{"floor":45,"key":"REST"},{"data":"Thunder Strike","floor":49,"key":"SMITH"}],"neow_cost":"TEN_PERCENT_HP_LOSS","seed_source_timestamp":72394727346889,"circlet_count":0,"master_deck":["Strike_B","Defend_B","Defend_B","Defend_B","Zap+1","Dualcast","Electrodynamics","Hello World","Reprogram","Defragment+1","Electrodynamics","Leap+1","Reinforced Body","Steam","Steam+1","Multi-Cast","Storm+1","FTL","Melter","Double Energy+1","Ball Lightning+1","BootSequence","Static Discharge","Stack+1","Loop+1","Auto Shields","Heatsinks","Thunder Strike+1","Beam Cell","Hello World+1","Steam+1","Static Discharge+1","Chaos+1","Ball Lightning+1"],"relics":["Cracked Core","MawBank","Shuriken","Cables","Meat on the Bone","Ornamental Fan","Lizard Tail","Tiny Chest","War Paint","Dream Catcher","FossilizedHelix","Regal Pillow","Inserter","Strawberry","Art of War","PreservedInsect","Gremlin Horn","Omamori"],"potions_floor_usage":[16,16,27,40,46,50,50],"damage_taken":[{"damage":7,"enemies":"Small Slimes","floor":1,"turns":3},{"damage":2,"enemies":"Jaw Worm","floor":4,"turns":3},{"damage":18,"enemies":"3 Sentries","floor":8,"turns":3},{"damage":0,"enemies":"Cultist","floor":10,"turns":3},{"damage":12,"enemies":"Lagavulin","floor":11,"turns":5},{"damage":3,"enemies":"Exordium Wildlife","floor":12,"turns":2},{"damage":20,"enemies":"Gremlin Nob","floor":14,"turns":4},{"damage":11,"enemies":"Hexaghost","floor":16,"turns":8},{"damage":5,"enemies":"Spheric Guardian","floor":18,"turns":4},{"damage":12,"enemies":"3 Byrds","floor":22,"turns":3},{"damage":16,"enemies":"Slavers","floor":23,"turns":3},{"damage":25,"enemies":"Shelled Parasite and Fungi","floor":25,"turns":3},{"damage":10,"enemies":"Cultist and Chosen","floor":27,"turns":4},{"damage":2,"enemies":"3 Cultists","floor":29,"turns":4},{"damage":27,"enemies":"Gremlin Leader","floor":30,"turns":4},{"damage":12,"enemies":"Chosen and Byrds","floor":31,"turns":4},{"damage":42,"enemies":"Automaton","floor":33,"turns":8},{"damage":1,"enemies":"Orb Walker","floor":35,"turns":3},{"damage":15,"enemies":"3 Darklings","floor":38,"turns":5},{"damage":34,"enemies":"2 Orb Walkers","floor":40,"turns":4},{"damage":11,"enemies":"Sphere and 2 Shapes","floor":42,"turns":3},{"damage":31,"enemies":"Giant Head","floor":44,"turns":6},{"damage":0,"enemies":"Nemesis","floor":46,"turns":5},{"damage":0,"enemies":"Transient","floor":48,"turns":5},{"damage":58,"enemies":"Donu and Deca","floor":50,"turns":6}],"seed_played":"-8469416433035325865","potions_obtained":[{"floor":8,"key":"AttackPotion"},{"floor":12,"key":"Poison Potion"},{"floor":14,"key":"Fire Potion"},{"floor":14,"key":"Block Potion"},{"floor":16,"key":"Fire Potion"},{"floor":23,"key":"LiquidBronze"},{"floor":33,"key":"Ancient Potion"},{"floor":38,"key":"Block Potion"},{"floor":48,"key":"LiquidBronze"}],"is_trial":false,"path_per_floor":["M","?","?","M","$","R","?","E","T","M","E","M","$","?","R","B",null,"M","?","T","?","M","E","R","M","T","M","R","M","E","M","R","B",null,"M","?","?","M","?","E","R","M","T","E","R","E","T","M","R","B"],"character_chosen":"DEFECT","items_purchased":["Electrodynamics","Meat on the Bone"],"campfire_rested":6,"item_purchase_floors":[5,13],"current_hp_per_floor":[61,61,61,59,59,59,59,41,41,41,29,26,26,18,38,39,68,63,63,63,63,51,35,55,42,42,44,64,62,35,35,68,38,68,67,67,67,52,52,37,74,63,63,44,75,75,75,75,75,29],"gold":598,"neow_bonus":"THREE_RARE_CARDS","is_prod":false,"is_daily":false,"chose_seed":false,"campfire_upgraded":2,"win_rate":0,"timestamp":1539903535,"path_taken":["M","?","?","M","?","R","?","E","T","M","E","M","$","?","R","BOSS","M","?","?","?","M","E","R","M","T","M","R","M","E","M","R","BOSS","M","?","?","M","?","E","R","M","T","E","R","E","?","M","R","BOSS"],"build_version":"2018-10-11","purchased_purges":0,"victory":true,"max_hp_per_floor":[68,68,68,68,68,68,68,68,68,68,68,68,68,68,68,68,68,68,68,68,68,68,68,68,68,68,68,68,68,68,68,68,68,68,68,68,68,68,68,75,75,75,75,75,75,75,75,75,75,75],"card_choices":[{"not_picked":["Rainbow","Core Surge"],"picked":"Electrodynamics","floor":0},{"not_picked":["Leap","Conserve Battery"],"picked":"Hello World","floor":1},{"not_picked":["Self Repair","Cold Snap"],"picked":"Defragment","floor":4},{"not_picked":["Recycle","Darkness"],"picked":"Leap","floor":8},{"not_picked":["Gash","Rebound","Hologram"],"picked":"SKIP","floor":10},{"not_picked":["Chill","All For One"],"picked":"Reinforced Body","floor":11},{"not_picked":["Coolheaded","Conserve Battery"],"picked":"Steam","floor":12},{"not_picked":["Hologram","Rip and Tear"],"picked":"Steam","floor":14},{"not_picked":["Biased Cognition","All For One"],"picked":"Multi-Cast","floor":16},{"not_picked":["FTL","Hologram"],"picked":"Storm","floor":18},{"not_picked":["Ball Lightning+1","Aggregate"],"picked":"Double Energy","floor":22},{"not_picked":["Amplify","Blizzard"],"picked":"Ball Lightning+1","floor":23},{"not_picked":["Rebound","Steam Power"],"picked":"BootSequence","floor":24},{"not_picked":["BootSequence+1","Storm+1"],"picked":"Static Discharge","floor":25},{"not_picked":["Compile Driver","Reboot"],"picked":"Stack+1","floor":27},{"not_picked":["Cold Snap+1","Conserve Battery"],"picked":"Loop+1","floor":28},{"not_picked":["Barrage","Beam Cell"],"picked":"Auto Shields","floor":29},{"not_picked":["Compile Driver","Streamline","Multi-Cast"],"picked":"SKIP","floor":30},{"not_picked":["Stack+1","Barrage","Go for the Eyes"],"picked":"SKIP","floor":31},{"not_picked":["Rebound","Beam Cell"],"picked":"Heatsinks","floor":32},{"not_picked":["Seek","Multi-Cast"],"picked":"Thunder Strike","floor":33},{"not_picked":["Conserve Battery","Self Repair"],"picked":"Beam Cell","floor":35},{"not_picked":["Reprogram+1","Redo"],"picked":"Hello World+1","floor":38},{"not_picked":["Hologram","Undo+1"],"picked":"Steam+1","floor":40},{"not_picked":["Undo+1","Conserve Battery+1"],"picked":"Static Discharge+1","floor":41},{"not_picked":["Chill+1","Seek","Stack"],"picked":"SKIP","floor":42},{"not_picked":["Go for the Eyes+1","Redo+1"],"picked":"Chaos+1","floor":44},{"not_picked":["Rip and Tear","Hello World+1"],"picked":"Ball Lightning+1","floor":46},{"not_picked":["Chill+1","Glacier","Scrape"],"picked":"SKIP","floor":48}],"player_experience":138130,"relics_obtained":[{"floor":8,"key":"MawBank"},{"floor":9,"key":"Shuriken"},{"floor":11,"key":"Cables"},{"floor":14,"key":"Ornamental Fan"},{"floor":20,"key":"War Paint"},{"floor":23,"key":"Dream Catcher"},{"floor":26,"key":"FossilizedHelix"},{"floor":30,"key":"Regal Pillow"},{"floor":40,"key":"Strawberry"},{"floor":43,"key":"Art of War"},{"floor":44,"key":"PreservedInsect"},{"floor":46,"key":"Gremlin Horn"},{"floor":47,"key":"Omamori"}],"event_choices":[{"event_name":"Living Wall","player_choice":"Change","floor":2,"damage_taken":0},{"event_name":"Golden Wing","player_choice":"Ignored","floor":3,"damage_taken":0},{"event_name":"Upgrade Shrine","player_choice":"Upgraded","floor":7,"damage_taken":0},{"event_name":"Dead Adventurer","player_choice":"Searched \u00271\u0027 times","floor":14,"damage_taken":0},{"event_name":"Addict","player_choice":"Obtained Relic","floor":19,"damage_taken":0},{"event_name":"Drug Dealer","player_choice":"Became Test Subject","floor":21,"damage_taken":0},{"event_name":"Upgrade Shrine","player_choice":"Upgraded","floor":36,"damage_taken":0},{"event_name":"Accursed Blacksmith","player_choice":"Forge","floor":37,"damage_taken":0},{"event_name":"Falling","player_choice":"Removed Skill","floor":39,"damage_taken":0}],"is_beta":false,"boss_relics":[{"not_picked":["Coffee Dripper","Tiny House"],"picked":"Lizard Tail"},{"not_picked":["Black Star","Astrolabe"],"picked":"Inserter"}],"items_purged_floors":[],"is_endless":false,"potions_floor_spawned":[8,12,14,14,16,23,25,33,38,48],"ascension_level":2}