{"gold_per_floor":[114,131,146,146,146,177,195,145,171,171,4,14,26,56,56,156,156,167,181,33,33,87,87,122,137,137,137,152,152,171,171,171,272,272,289,289,289,67,82,82,96,96,96,124,124,138,7,21,21,21],"floor_reached":51,"playtime":2952,"items_purged":[],"score":859,"play_id":"733c35dd-c8be-460a-b163-296b382a8088","local_time":"20181012190537","is_ascension_mode":true,"campfire_choices":[{"floor":10,"key":"REST"},{"floor":15,"key":"REST"},{"data":"Infernal Blade","floor":23,"key":"SMITH"},{"floor":27,"key":"REST"},{"data":"Armaments","floor":29,"key":"SMITH"},{"floor":32,"key":"REST"},{"data":"Combust","floor":40,"key":"SMITH"},{"data":"Limit Break","floor":45,"key":"SMITH"},{"floor":49,"key":"REST"}],"neow_cost":"NONE","seed_source_timestamp":690403250066702,"circlet_count":0,"master_deck":["Strike_R","Strike_R+1","Strike_R+1","Strike_R","Defend_R","Defend_R","Defend_R","Defend_R","Bash","Headbutt","Iron Wave","Fire Breathing","Metallicize","Shrug It Off","Inflame","Twin Strike","Infernal Blade+1","Warcry","Armaments+1","Flame Barrier","Double Tap","Heavy Blade","Flame Barrier+1","Parasite","Inflame+1","Flex","Anger+1","Cleave","Fire Breathing+1","Heavy Blade","Intimidate+1","Limit Break+1","Rage","Heavy Blade+1","Headbutt+1","Combust+1","Disarm","Twin Strike+1","Heavy Blade","Rage+1","Writhe","Regret","Impervious+1","Battle Trance+1","Infernal Blade+1","Ghostly Armor+1","Armaments+1"],"relics":["Burning Blood","Centennial Puzzle","Bag of Preparation","Vajra","Pantograph","Cursed Key","Happy Flower","Orichalcum","Prayer Wheel","Ornamental Fan","Eternal Feather","Du-Vu Doll","PreservedInsect","Toxic Egg 2","Ice Cream"],"potions_floor_usage":[14,16,19,24,33,33,33,46,46,50,50,50],"damage_taken":[{"damage":3,"enemies":"2 Louse","floor":1,"turns":3},{"damage":1,"enemies":"Cultist","floor":2,"turns":4},{"damage":9,"enemies":"Jaw Worm","floor":3,"turns":3},{"damage":45,"enemies":"3 Sentries","floor":6,"turns":7},{"damage":2,"enemies":"2 Fungi Beasts","floor":7,"turns":4},{"damage":3,"enemies":"Looter","floor":12,"turns":2},{"damage":2,"enemies":"3 Louse","floor":13,"turns":4},{"damage":21,"enemies":"Lagavulin","floor":14,"turns":5},{"damage":41,"enemies":"The Guardian","floor":16,"turns":12},{"damage":0,"enemies":"Chosen","floor":18,"turns":4},{"damage":18,"enemies":"Shell Parasite","floor":19,"turns":4},{"damage":1,"enemies":"Colosseum Slavers","floor":21,"turns":5},{"damage":23,"enemies":"Book of Stabbing","floor":24,"turns":7},{"damage":30,"enemies":"Snake Plant","floor":25,"turns":3},{"damage":10,"enemies":"Shelled Parasite and Fungi","floor":28,"turns":4},{"damage":10,"enemies":"Sentry and Sphere","floor":30,"turns":4},{"damage":44,"enemies":"Collector","floor":33,"turns":9},{"damage":2,"enemies":"Orb Walker","floor":35,"turns":2},{"damage":24,"enemies":"Mind Bloom Boss Battle","floor":37,"turns":6},{"damage":13,"enemies":"3 Shapes","floor":39,"turns":2},{"damage":15,"enemies":"Sphere and 2 Shapes","floor":41,"turns":4},{"damage":14,"enemies":"2 Orb Walkers","floor":44,"turns":3},{"damage":43,"enemies":"Transient","floor":46,"turns":5},{"damage":12,"enemies":"Spire Growth","floor":48,"turns":4},{"damage":61,"enemies":"Awakened One","floor":50,"turns":8}],"seed_played":"-8987206242233036988","potions_obtained":[{"floor":1,"key":"Swift Potion"},{"floor":3,"key":"Poison Potion"},{"floor":12,"key":"Strength Potion"},{"floor":14,"key":"BloodPotion"},{"floor":18,"key":"BloodPotion"},{"floor":19,"key":"Dexterity Potion"},{"floor":25,"key":"EssenceOfSteel"},{"floor":33,"key":"Fire Potion"},{"floor":35,"key":"SteroidPotion"},{"floor":41,"key":"Ancient Potion"},{"floor":44,"key":"Weak Potion"},{"floor":48,"key":"FearPotion"}],"is_trial":false,"path_per_floor":["M","M","M","?","?","E","M","?","T","R","$","M","M","E","R","B",null,"M","M","$","?","T","R","E","M","T","R","M","R","M","?","R","B",null,"M","?","?","$","M","R","M","?","T","E","R","M","$","M","R","B"],"character_chosen":"IRONCLAD","items_purchased":["Inflame","Twin Strike","Infernal Blade","Happy Flower","Combust","PreservedInsect","Infernal Blade+1","FearPotion"],"campfire_rested":5,"item_purchase_floors":[11,11,11,20,38,38,47,47],"current_hp_per_floor":[88,88,85,67,60,21,25,25,25,51,51,54,58,43,69,53,88,88,84,84,88,88,88,79,55,55,81,77,77,73,73,88,50,88,88,88,70,70,63,84,75,88,88,80,88,51,51,45,88,33],"gold":21,"neow_bonus":"TEN_PERCENT_HP_BONUS","is_prod":false,"is_daily":false,"chose_seed":false,"campfire_upgraded":4,"win_rate":0,"timestamp":1539385537,"path_taken":["M","M","M","?","?","E","M","?","T","R","?","M","M","E","R","BOSS","M","M","$","?","?","R","E","M","T","R","M","R","M","?","R","BOSS","M","?","?","?","?","R","M","?","T","E","R","M","?","M","R","BOSS"],"build_version":"2018-10-11","purchased_purges":0,"victory":true,"max_hp_per_floor":[88,88,88,88,88,88,88,88,88,88,88,88,88,88,88,88,88,88,88,88,88,88,88,88,88,88,88,88,88,88,88,88,88,88,88,88,88,88,88,88,88,88,88,88,88,88,88,88,88,88],"card_choices":[{"not_picked":["Carnage","Dual Wield"],"picked":"Headbutt","floor":1},{"not_picked":["Perfected Strike","Anger"],"picked":"Iron Wave","floor":2},{"not_picked":["Infernal Blade","Clash"],"picked":"Fire Breathing","floor":3},{"not_picked":["Evolve","Pommel Strike"],"picked":"Metallicize","floor":6},{"not_picked":["Flex","Infernal Blade"],"picked":"Shrug It Off","floor":7},{"not_picked":["Sword Boomerang","Sever Soul"],"picked":"Warcry","floor":12},{"not_picked":["Flex","Feel No Pain"],"picked":"Armaments","floor":13},{"not_picked":["Perfected Strike","Clash"],"picked":"Flame Barrier","floor":14},{"not_picked":["Bludgeon","Exhume"],"picked":"Double Tap","floor":16},{"not_picked":["Headbutt","Iron Wave"],"picked":"Heavy Blade","floor":18},{"not_picked":["Pommel Strike","Barricade"],"picked":"Flame Barrier+1","floor":19},{"not_picked":["Wild Strike","Thunderclap"],"picked":"Inflame+1","floor":24},{"not_picked":["Bloodletting","Body Slam"],"picked":"Flex","floor":25},{"not_picked":["Flex","Headbutt"],"picked":"Anger+1","floor":25},{"not_picked":["Sword Boomerang","Anger"],"picked":"Cleave","floor":28},{"not_picked":["Burning Pact","Second Wind"],"picked":"Fire Breathing+1","floor":28},{"not_picked":["Rupture","Cleave"],"picked":"Heavy Blade","floor":30},{"not_picked":["Warcry","Body Slam"],"picked":"Intimidate+1","floor":30},{"not_picked":["Immolate","Dark Embrace"],"picked":"Limit Break","floor":33},{"not_picked":["Flex","Hemokinesis"],"picked":"Rage","floor":35},{"not_picked":["Power Through+1","Corruption"],"picked":"Heavy Blade+1","floor":35},{"not_picked":["Anger","Second Wind"],"picked":"Headbutt+1","floor":37},{"not_picked":["True Grit","Anger+1"],"picked":"Disarm","floor":39},{"not_picked":["Flex","Armaments"],"picked":"Twin Strike+1","floor":39},{"not_picked":["Shrug It Off","Combust+1"],"picked":"Heavy Blade","floor":41},{"not_picked":["Thunderclap","Cleave+1"],"picked":"Rage+1","floor":41},{"not_picked":["Body Slam","Shrug It Off+1"],"picked":"Impervious+1","floor":44},{"not_picked":["Perfected Strike+1","Clothesline+1"],"picked":"Battle Trance+1","floor":46},{"not_picked":["Hemokinesis","Combust","Flex+1"],"picked":"SKIP","floor":46},{"not_picked":["Cleave+1","Searing Blow"],"picked":"Ghostly Armor+1","floor":48},{"not_picked":["Heavy Blade+1","Ghostly Armor+1"],"picked":"Armaments+1","floor":48}],"player_experience":128269,"relics_obtained":[{"floor":6,"key":"Bag of Preparation"},{"floor":9,"key":"Vajra"},{"floor":14,"key":"Pantograph"},{"floor":22,"key":"Orichalcum"},{"floor":24,"key":"Prayer Wheel"},{"floor":26,"key":"Ornamental Fan"},{"floor":37,"key":"Du-Vu Doll"},{"floor":43,"key":"Toxic Egg 2"},{"floor":44,"key":"Ice Cream"}],"event_choices":[{"event_name":"Shining Light","player_choice":"Entered Light","floor":4,"damage_taken":0},{"event_name":"Scrap Ooze","player_choice":"success","floor":5,"damage_taken":7},{"event_name":"The Cleric","player_choice":"Card Removal","floor":8,"damage_taken":0},{"event_name":"Colosseum","player_choice":"Fight","floor":21,"damage_taken":0},{"event_name":"Colosseum","player_choice":"Fled From Nobs","floor":21,"damage_taken":0},{"event_name":"Vampires","player_choice":"Ignored","floor":31,"damage_taken":0},{"event_name":"Purifier","player_choice":"One Purge","floor":36,"damage_taken":0},{"event_name":"MindBloom","player_choice":"Fight","floor":37,"damage_taken":0},{"event_name":"Winding Halls","player_choice":"Writhe","floor":42,"damage_taken":0}],"is_beta":false,"boss_relics":[{"not_picked":["Runic Dome","Black Star"],"picked":"Cursed Key"},{"not_picked":["Black Blood","Pandora\u0027s Box"],"picked":"Eternal Feather"}],"items_purged_floors":[],"is_endless":false,"potions_floor_spawned":[1,3,12,14,18,19,25,33,35,41,44,48],"ascension_level":3}