{"gold_per_floor":[113,28,28,28,44,44,72,72,117,117,192,48,66,92,92,195,195,213,173,173,193,208,208,225,59,59,76,87,120,139,139],"floor_reached":31,"playtime":1973,"items_purged":[],"score":305,"play_id":"019c71a2-2ffe-42af-b6c6-639904d87fdc","local_time":"20181010202919","is_ascension_mode":true,"campfire_choices":[{"data":"Cloak And Dagger","floor":6.0,"key":"SMITH"},{"data":"Blade Dance","floor":8.0,"key":"SMITH"},{"data":"Survivor","floor":10.0,"key":"SMITH"},{"floor":15.0,"key":"REST"},{"floor":23.0,"key":"REST"}],"neow_cost":"NONE","seed_source_timestamp":0,"circlet_count":0,"master_deck":["Defend_G","Defend_G","Defend_G","Defend_G","Defend_G","Strike_G+1","Strike_G","Strike_G","Strike_G","Survivor+1","Neutralize+1","Dagger Spray+1","Cloak And Dagger+1","Infinite Blades","Cloak And Dagger+1","Blade Dance+1","Backflip","Outmaneuver","After Image","Prepared","Underhanded Strike+1","Cloak And Dagger+1","Tactician","Quick Slash","Quick Slash","Accuracy","Blade Dance+1","Sucker Punch"],"special_seed":0,"relics":["Ring of the Snake","NeowsBlessing","Dodecahedron","Whetstone","Omamori","Peace Pipe","HoveringKite","Mummified Hand","Bronze Scales","Blue Candle","Strawberry"],"potions_floor_usage":[30,30,30,31],"damage_taken":[{"damage":0.0,"enemies":"2 Louse","floor":1.0,"turns":1.0},{"damage":0.0,"enemies":"Jaw Worm","floor":5.0,"turns":1.0},{"damage":0.0,"enemies":"Lagavulin","floor":7.0,"turns":1.0},{"damage":0.0,"enemies":"Cultist","floor":13.0,"turns":3.0},{"damage":20.0,"enemies":"Gremlin Nob","floor":14.0,"turns":4.0},{"damage":40.0,"enemies":"Hexaghost","floor":16.0,"turns":13.0},{"damage":0.0,"enemies":"3 Byrds","floor":18.0,"turns":4.0},{"damage":0.0,"enemies":"Spheric Guardian","floor":21.0,"turns":4.0},{"damage":24.0,"enemies":"Chosen and Byrds","floor":22.0,"turns":9.0},{"damage":6.0,"enemies":"3 Cultists","floor":24.0,"turns":6.0},{"damage":11.0,"enemies":"Shelled Parasite and Fungi","floor":27.0,"turns":5.0},{"damage":5.0,"enemies":"Cultist and Chosen","floor":28.0,"turns":5.0},{"damage":10.0,"enemies":"Gremlin Leader","floor":29.0,"turns":7.0},{"damage":5,"enemies":"Snake Plant","floor":30,"turns":3},{"damage":40,"enemies":"Slavers","floor":31,"turns":3}],"seed_played":"6661970906030818534","potions_obtained":[{"floor":7.0,"key":"Fire Potion"},{"floor":13.0,"key":"AttackPotion"},{"floor":18.0,"key":"Swift Potion"},{"floor":22.0,"key":"Fire Potion"},{"floor":24.0,"key":"GamblersBrew"},{"floor":29,"key":"Explosive Potion"},{"floor":30,"key":"SneckoOil"}],"is_trial":false,"path_per_floor":["M","$","?","?","M","R","E","R","T","R","?","$","M","E","R","B",null,"M","?","T","M","M","R","M","$","T","M","M","E","M"],"character_chosen":"THE_SILENT","items_purchased":["Cloak And Dagger","Infinite Blades","Omamori","Quick Slash","Bronze Scales"],"campfire_rested":2,"item_purchase_floors":[2,2,12,25,25],"current_hp_per_floor":[70,70,70,70,70,70,70,70,70,70,59,59,59,39,60,20,70,70,70,70,70,46,67,61,61,61,50,45,42,37,0],"gold":139,"neow_bonus":"THREE_ENEMY_KILL","is_prod":false,"is_daily":false,"chose_seed":false,"campfire_upgraded":3,"win_rate":0,"timestamp":1539217759,"path_taken":["M","$","?","?","M","R","E","R","T","R","?","$","?","E","R","BOSS","M","?","?","M","?","R","M","$","T","?","?","E","M","E"],"build_version":"2018-10-04v2","purchased_purges":0,"victory":false,"max_hp_per_floor":[70,70,70,70,70,70,70,70,70,70,70,70,70,70,70,70,70,70,70,70,70,70,70,70,70,70,70,70,77,77,77],"card_choices":[{"not_picked":["Deflect","Heel Hook"],"picked":"Dagger Spray","floor":1.0},{"not_picked":["Outmaneuver","Flying Knee"],"picked":"Cloak And Dagger","floor":5.0},{"not_picked":["All Out Attack","Tactician"],"picked":"Blade Dance","floor":7.0},{"not_picked":["Dodge and Roll","Dash"],"picked":"Backflip","floor":13.0},{"not_picked":["Bane","Predator"],"picked":"Outmaneuver","floor":14.0},{"not_picked":["Envenom","Storm of Steel"],"picked":"After Image","floor":16.0},{"not_picked":["Poisoned Stab","Dash"],"picked":"Prepared","floor":18.0},{"not_picked":["Bane","Prepared"],"picked":"Underhanded Strike+1","floor":21.0},{"not_picked":["Dagger Throw","Dodge and Roll"],"picked":"Cloak And Dagger+1","floor":22.0},{"not_picked":["Footwork","Outmaneuver+1"],"picked":"Tactician","floor":24.0},{"not_picked":["Prepared","Adrenaline"],"picked":"Quick Slash","floor":27.0},{"not_picked":["Underhanded Strike","PiercingWail"],"picked":"Accuracy","floor":28.0},{"not_picked":["Outmaneuver","Backflip"],"picked":"Blade Dance+1","floor":29},{"not_picked":["Choke","Dagger Spray+1"],"picked":"Sucker Punch","floor":30}],"player_experience":118636,"relics_obtained":[{"floor":7.0,"key":"Dodecahedron"},{"floor":9.0,"key":"Whetstone"},{"floor":14.0,"key":"Peace Pipe"},{"floor":20.0,"key":"Mummified Hand"},{"floor":26.0,"key":"Blue Candle"},{"floor":29,"key":"Strawberry"}],"event_choices":[{"event_name":"Living Wall","player_choice":"Grow","floor":3.0,"damage_taken":0.0},{"event_name":"Purifier","player_choice":"One Purge","floor":4.0,"damage_taken":0.0},{"event_name":"World of Goop","player_choice":"Gather Gold","floor":11.0,"damage_taken":0.0},{"event_name":"Designer","player_choice":"Upgrade Card","floor":19.0,"damage_taken":0.0}],"is_beta":false,"boss_relics":[{"not_picked":["Empty Cage","Velvet Choker"],"picked":"HoveringKite"}],"items_purged_floors":[],"is_endless":false,"potions_floor_spawned":[7,13,18,22,24,29,30],"killed_by":"Slavers","ascension_level":1}