{"gold_per_floor":[112,126,126,126,126,157,157,188,215,238,36,36,36,52,52,182,182,195,195,195,195,214,214,230,230,230,266,291,326,360,378,378,499,499,524,524,524,593,815,815,836,185,185,212,212,212,227,38,38,38],"floor_reached":51,"playtime":2797,"items_purged":["Parasite"],"score":821,"play_id":"61b63771-fc81-4b6d-8223-d39a97349585","local_time":"20181010211637","is_ascension_mode":true,"campfire_choices":[{"data":"Survivor","floor":7,"key":"SMITH"},{"data":"Crippling Poison","floor":13,"key":"SMITH"},{"data":"Crippling Poison","floor":15,"key":"SMITH"},{"data":"Glass Knife","floor":23,"key":"SMITH"},{"data":"Bane","floor":25,"key":"SMITH"},{"floor":32,"key":"REST"},{"data":"1","floor":40,"key":"LIFT"},{"data":"2","floor":46,"key":"LIFT"},{"data":"3","floor":49,"key":"LIFT"}],"neow_cost":"NONE","seed_source_timestamp":525616856478882,"circlet_count":0,"master_deck":["Defend_G+1","Defend_G+1","Defend_G+1","Defend_G+1","Defend_G+1","Strike_G+1","Strike_G+1","Strike_G+1","Strike_G+1","Survivor+1","Neutralize+1","Crippling Poison+1","Cloak And Dagger+1","Glass Knife+1","Heel Hook+1","Crippling Poison+1","Bane+1","Crippling Poison+1","A Thousand Cuts+1","Deadly Poison+1","Caltrops+1","Deflect+1","Deflect+1","Bane+1","PiercingWail+1","Escape Plan+1","Backflip+1","Burst+1","Clumsy","Terror+1","Magnetism+1","PiercingWail+1","Blade Dance+1","Catalyst+1","Accuracy+1","Backstab+1","Dramatic Entrance+1","Backstab+1","Leg Sweep"],"relics":["Ring of the Snake","NeowsBlessing","Golden Idol","Juzu Bracelet","Frozen Egg 2","Lantern","Lee\u0027s Waffle","Eternal Feather","Pear","Ninja Scroll","Letter Opener","Bottled Lightning","Red Mask","Calling Bell","Girya","Mercury Hourglass","Orichalcum","Spirit Poop","Incense Burner","Dead Branch","StoneCalendar","PreservedInsect","Mark of the Bloom","Snake Skull"],"potions_floor_usage":[8,16,16,18,30,30,33,33,50,50,50],"damage_taken":[{"damage":0,"enemies":"Small Slimes","floor":1,"turns":1},{"damage":0,"enemies":"Cultist","floor":2,"turns":1},{"damage":0,"enemies":"Gremlin Nob","floor":6,"turns":1},{"damage":6,"enemies":"Lagavulin","floor":8,"turns":8},{"damage":0,"enemies":"Jaw Worm","floor":10,"turns":3},{"damage":0,"enemies":"2 Fungi Beasts","floor":14,"turns":2},{"damage":80,"enemies":"Slime Boss","floor":16,"turns":21},{"damage":16,"enemies":"Spheric Guardian","floor":18,"turns":6},{"damage":10,"enemies":"2 Thieves","floor":22,"turns":4},{"damage":16,"enemies":"Cultist and Chosen","floor":24,"turns":6},{"damage":8,"enemies":"Gremlin Leader","floor":27,"turns":4},{"damage":6,"enemies":"Snake Plant","floor":28,"turns":3},{"damage":30,"enemies":"Book of Stabbing","floor":29,"turns":4},{"damage":0,"enemies":"Masked Bandits","floor":30,"turns":2},{"damage":8,"enemies":"Centurion and Healer","floor":31,"turns":3},{"damage":28,"enemies":"Champ","floor":33,"turns":14},{"damage":2,"enemies":"3 Shapes","floor":35,"turns":3},{"damage":20,"enemies":"Mysterious Sphere","floor":38,"turns":4},{"damage":0,"enemies":"3 Darklings","floor":41,"turns":2},{"damage":7,"enemies":"4 Shapes","floor":47,"turns":3},{"damage":64,"enemies":"Time Eater","floor":50,"turns":10}],"seed_played":"3964616324345536460","potions_obtained":[{"floor":2,"key":"AttackPotion"},{"floor":6,"key":"PowerPotion"},{"floor":14,"key":"GhostInAJar"},{"floor":16,"key":"Block Potion"},{"floor":22,"key":"Ancient Potion"},{"floor":29,"key":"Explosive Potion"},{"floor":30,"key":"EssenceOfSteel"},{"floor":31,"key":"Dexterity Potion"},{"floor":33,"key":"Dexterity Potion"},{"floor":38,"key":"Poison Potion"},{"floor":41,"key":"Swift Potion"}],"is_trial":false,"path_per_floor":["M","M","?","?","?","E","R","E","T","M","$","?","R","M","R","B",null,"M","?","?","?","M","R","M","R","T","E","M","E","?","M","R","B",null,"M","?","?","?","?","R","M","$","T","T","?","R","M","$","R","B"],"character_chosen":"THE_SILENT","items_purchased":["Lee\u0027s Waffle","Catalyst","Dead Branch","Accuracy+1","Backstab","Dramatic Entrance","Snake Skull","Leg Sweep"],"campfire_rested":1,"item_purchase_floors":[11,42,42,42,42,42,48,48],"current_hp_per_floor":[70,70,70,53,53,53,53,47,47,47,77,82,82,82,82,2,82,66,66,66,76,66,78,62,74,74,66,60,30,30,22,64,36,92,90,90,90,70,70,88,88,88,88,88,88,88,81,81,81,17],"gold":38,"neow_bonus":"THREE_ENEMY_KILL","is_prod":false,"is_daily":false,"chose_seed":false,"campfire_upgraded":5,"win_rate":0,"timestamp":1539220597,"path_taken":["M","M","?","?","?","E","R","E","T","M","?","?","R","M","R","BOSS","M","?","?","?","M","R","M","R","T","E","M","E","?","M","R","BOSS","M","?","?","?","?","R","M","?","T","?","?","R","M","$","R","BOSS"],"build_version":"2018-10-04v2","purchased_purges":1,"victory":true,"max_hp_per_floor":[70,70,70,70,70,70,70,70,70,70,77,82,82,82,82,82,82,82,82,82,92,92,92,92,92,92,92,92,92,92,92,92,92,92,92,92,92,92,92,92,92,89,89,89,89,89,89,89,89,89],"card_choices":[{"not_picked":["Deflect","Blade Dance"],"picked":"Crippling Poison","floor":1},{"not_picked":["Underhanded Strike","Acrobatics"],"picked":"Cloak And Dagger","floor":2},{"not_picked":["Storm of Steel","Dagger Throw"],"picked":"Heel Hook","floor":6},{"not_picked":["Dagger Throw","Underhanded Strike"],"picked":"Crippling Poison","floor":8},{"not_picked":["Finisher","Endless Agony"],"picked":"Bane","floor":10},{"not_picked":["Poisoned Stab","Terror"],"picked":"Crippling Poison","floor":14},{"not_picked":["Adrenaline","Tools of the Trade+1"],"picked":"A Thousand Cuts+1","floor":16},{"not_picked":["Flechettes","Dodge and Roll+1"],"picked":"Deadly Poison","floor":18},{"not_picked":["Acrobatics","Riddle With Holes+1"],"picked":"Deflect+1","floor":22},{"not_picked":["Sucker Punch","Expertise"],"picked":"Deflect","floor":24},{"not_picked":["Footwork+1","Sucker Punch"],"picked":"Bane+1","floor":27},{"not_picked":["Flechettes","Wraith Form v2+1"],"picked":"PiercingWail+1","floor":28},{"not_picked":["Slice","Riddle With Holes","Crippling Poison"],"picked":"SKIP","floor":29},{"not_picked":["PiercingWail+1","Leg Sweep"],"picked":"Escape Plan","floor":30},{"not_picked":["Bane","Blade Dance"],"picked":"Backflip","floor":31},{"not_picked":["Night Terror","Storm of Steel"],"picked":"Burst","floor":33},{"not_picked":["Heel Hook","Flying Knee"],"picked":"Terror+1","floor":35},{"not_picked":["Secret Technique","Good Instincts"],"picked":"Magnetism+1","floor":37},{"not_picked":["Dagger Spray","Crippling Poison+1"],"picked":"PiercingWail","floor":38},{"not_picked":["Slice+1","Backflip"],"picked":"Blade Dance+1","floor":41},{"not_picked":["All Out Attack","Doppelganger"],"picked":"Backstab+1","floor":47}],"player_experience":120609,"relics_obtained":[{"floor":6,"key":"Juzu Bracelet"},{"floor":8,"key":"Frozen Egg 2"},{"floor":9,"key":"Lantern"},{"floor":26,"key":"Ninja Scroll"},{"floor":27,"key":"Letter Opener"},{"floor":29,"key":"Bottled Lightning"},{"floor":30,"key":"Red Mask"},{"floor":34,"key":"Girya"},{"floor":34,"key":"Mercury Hourglass"},{"floor":34,"key":"Orichalcum"},{"floor":38,"key":"Incense Burner"},{"floor":43,"key":"StoneCalendar"},{"floor":44,"key":"PreservedInsect"}],"event_choices":[{"event_name":"Transmorgrifier","player_choice":"Transform","floor":3,"damage_taken":0},{"event_name":"Golden Idol","player_choice":"Take Damage","floor":4,"damage_taken":0},{"event_name":"Upgrade Shrine","player_choice":"Upgraded","floor":5,"damage_taken":0},{"event_name":"Big Fish","player_choice":"Donut","floor":12,"damage_taken":0},{"event_name":"The Library","player_choice":"Read","floor":19,"damage_taken":0},{"event_name":"Vampires","player_choice":"Ignored","floor":20,"damage_taken":0},{"event_name":"The Mausoleum","player_choice":"Yes","floor":21,"damage_taken":0},{"event_name":"Masked Bandits","player_choice":"Fought Bandits","floor":30,"damage_taken":0},{"event_name":"Bonfire Elementals","player_choice":"CURSE","floor":36,"damage_taken":0},{"event_name":"SensoryStone","player_choice":"Memory 1","floor":37,"damage_taken":0},{"event_name":"Mysterious Sphere","player_choice":"Fight","floor":38,"damage_taken":0},{"event_name":"Tomb of Lord Red Mask","player_choice":"Wore Mask","floor":39,"damage_taken":0},{"event_name":"MindBloom","player_choice":"Upgrade","floor":45,"damage_taken":0}],"is_beta":false,"boss_relics":[{"not_picked":["Runic Dome","Philosopher\u0027s Stone"],"picked":"Eternal Feather"},{"not_picked":["Lizard Tail","Snecko Eye"],"picked":"Calling Bell"}],"items_purged_floors":[42],"is_endless":false,"potions_floor_spawned":[2,6,14,16,22,29,30,31,33,38,41,47],"ascension_level":1}