{"gold_per_floor":[117,117,132,64,81,113,113,144,221,221,241,270,270,286,286,390,390,409,428,32,32,99,99,99,149,174,174,205,219,219,233,233,233],"floor_reached":33,"playtime":2192,"items_purged":[],"score":342,"play_id":"c993a2bb-24c0-4c50-aa7b-f752ed389b5d","local_time":"20181130174008","is_ascension_mode":true,"campfire_choices":[{"floor":7,"key":"REST"},{"floor":10,"key":"REST"},{"floor":13,"key":"REST"},{"floor":15,"key":"REST"},{"floor":23,"key":"REST"},{"data":"Bouncing Flask","floor":24,"key":"SMITH"},{"data":"Footwork","floor":27,"key":"SMITH"},{"floor":30,"key":"REST"},{"data":"Noxious Fumes","floor":32,"key":"SMITH"}],"neow_cost":"NONE","seed_source_timestamp":1041679598698612,"circlet_count":0,"master_deck":["Defend_G","Defend_G","Defend_G","Defend_G","Defend_G","Strike_G","Strike_G","Strike_G","Strike_G","Strike_G","Survivor","Neutralize","Bouncing Flask+1","Predator","Footwork","PiercingWail","Noxious Fumes+1","Dagger Throw","Sucker Punch","Well Laid Plans","Burst","Escape Plan","Prepared+1","HandOfGreed","Footwork+1","Deadly Poison+1","Tactician"],"relics":["Ring of the Snake","NeowsBlessing","WingedGreaves","Ancient Tea Set","Pantograph","Mummified Hand","Eternal Feather","Snake Skull","SsserpentHead","Pen Nib","Omamori"],"potions_floor_usage":[6,6,16,22,28,33,33,33],"damage_taken":[{"damage":0,"enemies":"2 Louse","floor":1,"turns":1},{"damage":0,"enemies":"Cultist","floor":3,"turns":1},{"damage":0,"enemies":"Jaw Worm","floor":5,"turns":1},{"damage":21,"enemies":"Gremlin Nob","floor":6,"turns":4},{"damage":21,"enemies":"3 Sentries","floor":8,"turns":6},{"damage":25,"enemies":"Gremlin Gang","floor":11,"turns":5},{"damage":23,"enemies":"Lagavulin","floor":12,"turns":7},{"damage":1,"enemies":"Exordium Wildlife","floor":14,"turns":3},{"damage":27,"enemies":"Slime Boss","floor":16,"turns":11},{"damage":7,"enemies":"Chosen","floor":18,"turns":4},{"damage":30,"enemies":"Spheric Guardian","floor":19,"turns":7},{"damage":14,"enemies":"Snake Plant","floor":22,"turns":5},{"damage":16,"enemies":"Book of Stabbing","floor":28,"turns":5},{"damage":13,"enemies":"Centurion and Healer","floor":29,"turns":7},{"damage":6,"enemies":"Snecko","floor":31,"turns":5},{"damage":83,"enemies":"Automaton","floor":33,"turns":6}],"seed_played":"7234405268873834074","potions_obtained":[{"floor":2,"key":"AttackPotion"},{"floor":2,"key":"FairyPotion"},{"floor":2,"key":"Ancient Potion"},{"floor":5,"key":"AttackPotion"},{"floor":11,"key":"LiquidBronze"},{"floor":14,"key":"Fire Potion"},{"floor":22,"key":"LiquidBronze"},{"floor":29,"key":"FearPotion"}],"is_trial":false,"path_per_floor":["M","?","M","$","M","E","R","E","T","R","M","E","R","M","R","B",null,"M","M","$","?","M","R","R","?","T","R","E","M","R","M","R","B"],"character_chosen":"THE_SILENT","items_purchased":["Footwork","HandOfGreed","Snake Skull","Fire Potion"],"campfire_rested":6,"item_purchase_floors":[4,20,20,20],"current_hp_per_floor":[70,70,70,70,70,49,70,49,49,70,45,22,43,42,63,43,70,63,33,33,33,19,55,70,70,70,70,54,41,70,64,70,0],"gold":233,"neow_bonus":"THREE_ENEMY_KILL","is_prod":false,"is_daily":false,"chose_seed":false,"campfire_upgraded":3,"win_rate":0,"timestamp":1543617608,"path_taken":["M","?","?","$","?","E","R","E","T","R","M","E","R","M","R","BOSS","M","M","$","?","?","R","R","?","T","R","E","M","R","M","R","BOSS"],"build_version":"2018-11-15","purchased_purges":0,"victory":false,"max_hp_per_floor":[70,70,70,70,70,70,70,70,70,70,70,70,70,70,70,70,70,70,70,70,70,70,70,70,70,70,70,70,70,70,70,70,70],"card_choices":[{"not_picked":["Slice","Underhanded Strike"],"picked":"Bouncing Flask","floor":1},{"not_picked":["Deflect","Underhanded Strike"],"picked":"Predator","floor":3},{"not_picked":["Slice","Dagger Spray"],"picked":"PiercingWail","floor":5},{"not_picked":["Doppelganger","Bane"],"picked":"Noxious Fumes","floor":6},{"not_picked":["Blade Dance","Outmaneuver"],"picked":"Dagger Throw","floor":8},{"not_picked":["Skewer","Bouncing Flask"],"picked":"Sucker Punch","floor":11},{"not_picked":["Dash","Poisoned Stab"],"picked":"Well Laid Plans","floor":12},{"not_picked":["Acrobatics","Dodge and Roll","Deflect"],"picked":"SKIP","floor":14},{"not_picked":["Phantasmal Killer","Doppelganger"],"picked":"Burst","floor":16},{"not_picked":["Bane","Quick Slash"],"picked":"Escape Plan","floor":18},{"not_picked":["Deadly Poison+1","Outmaneuver"],"picked":"Prepared+1","floor":19},{"not_picked":["Reflex","Backflip"],"picked":"Footwork","floor":22},{"not_picked":["Cloak And Dagger","Accuracy","Dodge and Roll"],"picked":"SKIP","floor":28},{"not_picked":["PiercingWail","Prepared"],"picked":"Deadly Poison+1","floor":29},{"not_picked":["Poisoned Stab","Terror"],"picked":"Tactician","floor":31}],"player_experience":162771,"relics_obtained":[{"floor":6,"key":"WingedGreaves"},{"floor":8,"key":"Ancient Tea Set"},{"floor":9,"key":"Pantograph"},{"floor":12,"key":"Mummified Hand"},{"floor":26,"key":"Pen Nib"},{"floor":28,"key":"Omamori"}],"event_choices":[{"damage_healed":0,"gold_gain":0,"player_choice":"Got Potions","damage_taken":0,"max_hp_gain":0,"max_hp_loss":0,"event_name":"Lab","floor":2,"gold_loss":0},{"damage_healed":0,"gold_gain":0,"player_choice":"Trade","damage_taken":0,"relics_obtained":["SsserpentHead"],"max_hp_gain":0,"max_hp_loss":0,"event_name":"FaceTrader","floor":21,"gold_loss":0},{"damage_healed":0,"gold_gain":0,"player_choice":"Ignored","damage_taken":0,"max_hp_gain":0,"max_hp_loss":0,"event_name":"Vampires","floor":25,"gold_loss":0}],"is_beta":false,"boss_relics":[{"not_picked":["Sozu","Philosopher\u0027s Stone"],"picked":"Eternal Feather"}],"items_purged_floors":[],"is_endless":false,"potions_floor_spawned":[3,5,11,14,22,29,31],"killed_by":"Automaton","ascension_level":4}