{"gold_per_floor":[115,115,134,148,168,168,193,193,220,185,185,213,230,243,243,315,315,328,328,343,268,278,278,278,278,278,292,327,152,165,190,190,266,266,278,333,333,333,333,333,368,19,19,34,64,75,75,92,92,92],"floor_reached":51,"playtime":3999,"items_purged":[],"score":1434,"play_id":"3fd14cc5-d552-48b7-ab58-933827eeeb09","local_time":"20190408174256","is_ascension_mode":true,"campfire_choices":[{"data":"Zap","floor":6.0,"key":"SMITH"},{"data":"Defragment","floor":8.0,"key":"SMITH"},{"data":"Dualcast","floor":15.0,"key":"SMITH"},{"data":"Finesse","floor":23.0,"key":"SMITH"},{"data":"Leap","floor":25.0,"key":"SMITH"},{"data":"Double Energy","floor":32.0,"key":"SMITH"},{"data":"Rainbow","floor":40.0,"key":"SMITH"},{"data":"Capacitor","floor":49,"key":"SMITH"}],"neow_cost":"NONE","seed_source_timestamp":0,"circlet_count":0,"master_deck":["AscendersBane","Defend_B","Defend_B","Defend_B","Zap+1","Dualcast+1","Finesse+1","Hologram+1","Auto Shields","Leap+1","Defragment+1","Capacitor+1","Ball Lightning","Sunder","Seek","Coolheaded+1","Bite","Bite","Bite","Bite","Bite","Glacier","Master of Strategy","Double Energy+1","Rainbow+1","Leap","Conserve Battery+1","Madness","Madness"],"special_seed":0,"relics":["Cracked Core","Art of War","Bag of Marbles","Pocketwatch","Bronze Scales","Coffee Dripper","Ancient Tea Set","Lantern","Cables","Runic Pyramid","Unceasing Top","Thread and Needle","Lee\u0027s Waffle","Happy Flower","Blue Candle","Potion Belt"],"potions_floor_usage":[45,45],"damage_taken":[{"damage":5.0,"enemies":"Jaw Worm","floor":1.0,"turns":3.0},{"damage":1.0,"enemies":"Small Slimes","floor":3.0,"turns":3.0},{"damage":6.0,"enemies":"2 Louse","floor":4.0,"turns":2.0},{"damage":0.0,"enemies":"Large Slime","floor":5.0,"turns":5.0},{"damage":19.0,"enemies":"3 Sentries","floor":7.0,"turns":10.0},{"damage":0.0,"enemies":"Lagavulin","floor":12.0,"turns":6.0},{"damage":0.0,"enemies":"Exordium Wildlife","floor":13.0,"turns":3.0},{"damage":0.0,"enemies":"2 Fungi Beasts","floor":14.0,"turns":2.0},{"damage":0.0,"enemies":"The Guardian","floor":16.0,"turns":11.0},{"damage":2.0,"enemies":"3 Byrds","floor":18.0,"turns":2.0},{"damage":0.0,"enemies":"Shell Parasite","floor":20.0,"turns":7.0},{"damage":19.0,"enemies":"Snake Plant","floor":22.0,"turns":2.0},{"damage":0.0,"enemies":"Cultist and Chosen","floor":27.0,"turns":5.0},{"damage":22.0,"enemies":"Book of Stabbing","floor":28.0,"turns":6.0},{"damage":1.0,"enemies":"3 Cultists","floor":30.0,"turns":8.0},{"damage":15.0,"enemies":"Gremlin Leader","floor":31.0,"turns":8.0},{"damage":37.0,"enemies":"Automaton","floor":33.0,"turns":15.0},{"damage":15.0,"enemies":"3 Shapes","floor":35.0,"turns":4.0},{"damage":15.0,"enemies":"2 Orb Walkers","floor":36.0,"turns":6.0},{"damage":0.0,"enemies":"Nemesis","floor":41.0,"turns":7.0},{"damage":7.0,"enemies":"3 Darklings","floor":44.0,"turns":5.0},{"damage":56,"enemies":"Giant Head","floor":45,"turns":13},{"damage":1,"enemies":"Writhing Mass","floor":46,"turns":7},{"damage":0,"enemies":"4 Shapes","floor":48,"turns":7},{"damage":22,"enemies":"Time Eater","floor":50,"turns":15}],"seed_played":"4494862506075842508","potions_obtained":[{"floor":1.0,"key":"Energy Potion"},{"floor":5.0,"key":"FearPotion"},{"floor":12.0,"key":"AttackPotion"},{"floor":16.0,"key":"AttackPotion"},{"floor":27.0,"key":"SpeedPotion"},{"floor":28.0,"key":"SteroidPotion"},{"floor":30.0,"key":"PowerPotion"},{"floor":33.0,"key":"Poison Potion"},{"floor":35.0,"key":"Regen Potion"},{"floor":41.0,"key":"Poison Potion"},{"floor":45,"key":"SpeedPotion"}],"is_trial":false,"path_per_floor":["M","?","M","M","M","R","E","R","T","?","T","E","M","M","R","B",null,"M","?","M","?","M","R","?","R","T","M","E","$","M","E","R","B",null,"M","?","$","?","?","R","E","$","T","M","E","M","?","M","R","B",null],"character_chosen":"DEFECT","items_purchased":["Master of Strategy","Lee\u0027s Waffle","Happy Flower"],"campfire_rested":0,"item_purchase_floors":[29,42,42],"current_hp_per_floor":[59,59,58,52,52,52,33,33,33,50,50,50,50,50,50,50,66,64,49,49,49,32,32,42,42,42,49,35,35,49,38,38,39,47,40,39,39,39,39,39,49,56,56,56,21,42,32,46,46,43],"gold":92,"neow_bonus":"RANDOM_COLORLESS","is_prod":false,"is_daily":false,"chose_seed":false,"campfire_upgraded":8,"win_rate":0,"timestamp":1554770576,"path_taken":["M","?","M","M","M","R","E","R","T","?","?","E","M","M","R","BOSS","M","?","M","?","M","R","?","R","T","?","E","$","M","E","R","BOSS","M","?","$","?","?","R","E","$","T","M","E","M","?","M","R","BOSS"],"build_version":"2019-01-23","purchased_purges":0,"victory":true,"max_hp_per_floor":[71,71,71,71,71,71,71,71,71,71,71,71,71,71,71,71,71,71,49,49,49,49,49,49,49,49,49,49,49,49,49,49,49,49,49,49,49,49,49,49,49,56,56,56,56,56,56,56,56,56],"card_choices":[{"not_picked":["Consume","Streamline"],"picked":"Hologram","floor":1.0},{"not_picked":["Double Energy","Storm"],"picked":"Auto Shields","floor":3.0},{"not_picked":["Auto Shields","Tempest","Hologram"],"picked":"SKIP","floor":4.0},{"not_picked":["Beam Cell","Melter"],"picked":"Leap","floor":5.0},{"not_picked":["Rebound","Streamline"],"picked":"Defragment","floor":7.0},{"not_picked":["Leap","Aggregate"],"picked":"Capacitor","floor":12.0},{"not_picked":["Gash","Lockon"],"picked":"Ball Lightning","floor":13.0},{"not_picked":["Hologram","Gash"],"picked":"Sunder","floor":14.0},{"not_picked":["Multi-Cast","Meteor Strike"],"picked":"Seek","floor":16.0},{"not_picked":["White Noise","Static Discharge"],"picked":"Coolheaded+1","floor":18.0},{"not_picked":["Consume","Rebound","Force Field"],"picked":"SKIP","floor":20.0},{"not_picked":["Gash","Ball Lightning","Sweeping Beam"],"picked":"SKIP","floor":22.0},{"not_picked":["Compile Driver","Stack"],"picked":"Go for the Eyes","floor":27.0},{"not_picked":["Consume","Go for the Eyes"],"picked":"Glacier","floor":28.0},{"not_picked":["Storm","Genetic Algorithm","Stack+1"],"picked":"SKIP","floor":30.0},{"not_picked":["Conserve Battery","Sweeping Beam"],"picked":"Double Energy","floor":31.0},{"not_picked":["Thunder Strike","Amplify"],"picked":"Rainbow","floor":33.0},{"not_picked":["Sweeping Beam","Genetic Algorithm+1"],"picked":"Leap","floor":35.0},{"not_picked":["Leap","Self Repair"],"picked":"Conserve Battery+1","floor":36.0},{"not_picked":["Sweeping Beam","Tempest","Reprogram"],"picked":"SKIP","floor":41.0},{"not_picked":["Coolheaded","Leap","Turbo"],"picked":"SKIP","floor":44.0},{"not_picked":["Turbo","Barrage","Thunder Strike"],"picked":"SKIP","floor":45},{"not_picked":["Cold Snap","Barrage","Aggregate"],"picked":"SKIP","floor":46},{"not_picked":["Turbo","Gash+1","Coolheaded"],"picked":"SKIP","floor":48}],"player_experience":695033,"relics_obtained":[{"floor":7.0,"key":"Art of War"},{"floor":9.0,"key":"Bag of Marbles"},{"floor":11.0,"key":"Pocketwatch"},{"floor":12.0,"key":"Bronze Scales"},{"floor":26.0,"key":"Ancient Tea Set"},{"floor":28.0,"key":"Lantern"},{"floor":31.0,"key":"Cables"},{"floor":36.0,"key":"Unceasing Top"},{"floor":41.0,"key":"Thread and Needle"},{"floor":43.0,"key":"Blue Candle"},{"floor":45,"key":"Potion Belt"}],"event_choices":[{"damage_healed":0.0,"max_hp_gain":0.0,"max_hp_loss":0.0,"gold_gain":0.0,"event_name":"Living Wall","player_choice":"Grow","floor":2.0,"gold_loss":0.0,"damage_taken":0.0,"cards_upgraded":["Hologram"]},{"damage_healed":17.0,"max_hp_gain":0.0,"max_hp_loss":0.0,"gold_gain":0.0,"event_name":"The Cleric","player_choice":"Healed","floor":10.0,"gold_loss":35.0,"damage_taken":0.0},{"damage_healed":0.0,"max_hp_gain":0.0,"max_hp_loss":22.0,"gold_gain":0.0,"event_name":"Vampires","player_choice":"Became a vampire","floor":19.0,"gold_loss":0.0,"damage_taken":0.0,"cards_obtained":["Bite","Bite","Bite","Bite","Bite"]},{"cards_removed":["Defend_B"],"damage_healed":0.0,"max_hp_gain":0.0,"max_hp_loss":0.0,"gold_gain":0.0,"event_name":"Beggar","player_choice":"Gave Gold","floor":21.0,"gold_loss":75.0,"damage_taken":0.0},{"damage_healed":10.0,"max_hp_gain":0.0,"max_hp_loss":0.0,"gold_gain":0.0,"event_name":"The Library","player_choice":"Heal","floor":24.0,"gold_loss":0.0,"damage_taken":0.0},{"damage_healed":0.0,"max_hp_gain":0.0,"max_hp_loss":0.0,"gold_gain":0.0,"event_name":"Mysterious Sphere","player_choice":"Fight","floor":36.0,"gold_loss":0.0,"damage_taken":0.0},{"damage_healed":0.0,"max_hp_gain":0.0,"max_hp_loss":0.0,"gold_gain":0.0,"event_name":"Tomb of Lord Red Mask","player_choice":"Ignored","floor":38.0,"gold_loss":0.0,"damage_taken":0.0},{"cards_removed":["Go for the Eyes"],"damage_healed":0.0,"max_hp_gain":0.0,"max_hp_loss":0.0,"gold_gain":0.0,"event_name":"Falling","player_choice":"Removed Attack","floor":39.0,"gold_loss":0.0,"damage_taken":0.0},{"damage_healed":0,"gold_gain":0,"player_choice":"Embrace Madness","damage_taken":10,"max_hp_gain":0,"max_hp_loss":0,"event_name":"Winding Halls","floor":47,"gold_loss":0,"cards_obtained":["Madness","Madness"]}],"is_beta":false,"boss_relics":[{"not_picked":["Philosopher\u0027s Stone","Pandora\u0027s Box"],"picked":"Coffee Dripper"},{"not_picked":["Astrolabe","Fusion Hammer"],"picked":"Runic Pyramid"}],"items_purged_floors":[],"is_endless":false,"potions_floor_spawned":[1,5,7,12,16,27,28,30,33,35,41,45],"ascension_level":15}