{"gold_per_floor":[113,124,144,144,167,167,202,202,202,202,202,225,225,249,249,342,342,361,243,261,261,276,276,309,309,309,309,328,341,360,360],"floor_reached":31,"playtime":1013,"items_purged":["Strike_R"],"score":505,"play_id":"2c8c1b60-51c1-4842-bf6f-0f11617326e5","local_time":"20190414210659","is_ascension_mode":true,"campfire_choices":[{"data":"Bash","floor":6.0,"key":"SMITH"},{"data":"Flame Barrier","floor":8.0,"key":"SMITH"},{"floor":11.0,"key":"REST"},{"data":"Inflame","floor":13.0,"key":"SMITH"},{"data":"Disarm","floor":15.0,"key":"SMITH"},{"floor":23.0,"key":"REST"},{"floor":25.0,"key":"REST"},{"data":"Power Through","floor":27.0,"key":"SMITH"}],"neow_cost":"NONE","seed_source_timestamp":0,"circlet_count":0,"master_deck":["AscendersBane","Strike_R","Strike_R","Strike_R","Strike_R","Defend_R","Defend_R","Defend_R","Defend_R","Bash+1","Sword Boomerang","Inflame+1","Anger","Flame Barrier+1","Disarm+1","Dark Embrace+1","Pommel Strike","Battle Trance","Evolve+1","Power Through+1","Armaments","Cleave"],"special_seed":0,"relics":["Burning Blood","Golden Idol","Frozen Egg 2","Matryoshka","Kunai","Sozu","Question Card","Lantern","Ornamental Fan"],"potions_floor_usage":[],"damage_taken":[{"damage":14.0,"enemies":"Jaw Worm","floor":1.0,"turns":4.0},{"damage":5.0,"enemies":"Small Slimes","floor":2.0,"turns":4.0},{"damage":10.0,"enemies":"2 Louse","floor":3.0,"turns":3.0},{"damage":11.0,"enemies":"Blue Slaver","floor":5.0,"turns":3.0},{"damage":8.0,"enemies":"Gremlin Nob","floor":7.0,"turns":3.0},{"damage":10.0,"enemies":"Looter","floor":12.0,"turns":3.0},{"damage":21.0,"enemies":"Exordium Thugs","floor":14.0,"turns":5.0},{"damage":9.0,"enemies":"Hexaghost","floor":16.0,"turns":9.0},{"damage":0.0,"enemies":"3 Byrds","floor":18.0,"turns":3.0},{"damage":17.0,"enemies":"Spheric Guardian","floor":20.0,"turns":4.0},{"damage":27.0,"enemies":"Colosseum Slavers","floor":21.0,"turns":4.0},{"damage":18.0,"enemies":"Centurion and Healer","floor":22.0,"turns":7.0},{"damage":32.0,"enemies":"Book of Stabbing","floor":24.0,"turns":6.0},{"damage":7.0,"enemies":"Snake Plant","floor":28.0,"turns":6.0},{"damage":17.0,"enemies":"3 Cultists","floor":29.0,"turns":6.0},{"damage":20.0,"enemies":"Shelled Parasite and Fungi","floor":30.0,"turns":6.0},{"damage":0,"enemies":"Snake Plant","floor":31,"turns":1}],"seed_played":"-2987197152595273417","potions_obtained":[{"floor":0.0,"key":"Fire Potion"},{"floor":0.0,"key":"Strength Potion"},{"floor":0.0,"key":"Swift Potion"},{"floor":5.0,"key":"Dexterity Potion"},{"floor":7.0,"key":"SteroidPotion"}],"is_trial":false,"path_per_floor":["M","M","M","?","M","R","E","R","T","?","R","M","R","M","R","B",null,"M","$","M","?","M","R","E","R","T","R","M","M","M","M"],"character_chosen":"IRONCLAD","items_purchased":["Battle Trance"],"campfire_rested":3,"item_purchase_floors":[19],"current_hp_per_floor":[60,61,57,31,26,26,24,24,24,13,35,31,31,16,16,13,60,66,66,55,34,22,44,18,40,40,40,39,28,14,14],"gold":360,"neow_bonus":"THREE_SMALL_POTIONS","is_prod":false,"is_daily":false,"chose_seed":false,"campfire_upgraded":5,"win_rate":0,"timestamp":1555301219,"path_taken":["M","M","M","?","M","R","E","R","T","?","R","M","R","M","R","BOSS","M","$","M","?","M","R","E","R","T","R","M","M","M","M"],"build_version":"2019-01-23","purchased_purges":1,"victory":false,"max_hp_per_floor":[75,75,75,75,75,75,75,75,75,75,75,75,75,75,75,75,75,75,75,75,75,75,75,75,75,75,75,75,75,75,75],"card_choices":[{"not_picked":["Pummel","Shockwave"],"picked":"Sword Boomerang","floor":1.0},{"not_picked":["Anger","Twin Strike"],"picked":"Inflame","floor":2.0},{"not_picked":["Perfected Strike","Reckless Charge"],"picked":"Anger","floor":3.0},{"not_picked":["Anger","Heavy Blade","Fire Breathing"],"picked":"SKIP","floor":5.0},{"not_picked":["Intimidate","Dual Wield"],"picked":"Flame Barrier","floor":7.0},{"not_picked":["Clash","Warcry","Sword Boomerang"],"picked":"SKIP","floor":12.0},{"not_picked":["Armaments","Wild Strike"],"picked":"Disarm","floor":14.0},{"not_picked":["Immolate","Brutality+1"],"picked":"Dark Embrace+1","floor":16.0},{"not_picked":["Havoc","Cleave"],"picked":"Pommel Strike","floor":18.0},{"not_picked":["Whirlwind","Clash","Body Slam"],"picked":"SKIP","floor":20.0},{"not_picked":["Infernal Blade","Sword Boomerang"],"picked":"Evolve+1","floor":22.0},{"not_picked":["Offering","Sever Soul+1"],"picked":"Power Through","floor":24.0},{"not_picked":["Perfected Strike","Warcry","Twin Strike","Body Slam"],"picked":"SKIP","floor":28.0},{"not_picked":["Pommel Strike","Seeing Red","Heavy Blade"],"picked":"Armaments","floor":29.0},{"not_picked":["Warcry","Uppercut","Wild Strike"],"picked":"Cleave","floor":30.0}],"player_experience":559080,"relics_obtained":[{"floor":7.0,"key":"Frozen Egg 2"},{"floor":9.0,"key":"Matryoshka"},{"floor":24.0,"key":"Question Card"},{"floor":26.0,"key":"Lantern"},{"floor":26.0,"key":"Ornamental Fan"}],"event_choices":[{"damage_healed":0.0,"max_hp_gain":0.0,"max_hp_loss":0.0,"gold_gain":0.0,"event_name":"Golden Idol","player_choice":"Take Damage","floor":4.0,"gold_loss":0.0,"damage_taken":26.0,"relics_obtained":["Golden Idol"]},{"damage_healed":0.0,"max_hp_gain":0.0,"max_hp_loss":0.0,"gold_gain":0.0,"event_name":"Scrap Ooze","player_choice":"Success","floor":10.0,"gold_loss":0.0,"damage_taken":11.0,"relics_obtained":["Kunai"]},{"damage_healed":0.0,"max_hp_gain":0.0,"max_hp_loss":0.0,"gold_gain":0.0,"event_name":"Colosseum","player_choice":"Fight","floor":21.0,"gold_loss":0.0,"damage_taken":0.0},{"damage_healed":0.0,"max_hp_gain":0.0,"max_hp_loss":0.0,"gold_gain":0.0,"event_name":"Colosseum","player_choice":"Fled From Nobs","floor":21.0,"gold_loss":0.0,"damage_taken":0.0}],"is_beta":false,"boss_relics":[{"not_picked":["Runic Pyramid","Busted Crown"],"picked":"Sozu"}],"items_purged_floors":[19],"is_endless":false,"potions_floor_spawned":[2,5,7,14,18,22,29],"killed_by":"Snake Plant","ascension_level":19}