{"gold_per_floor":[116,133,133,38,61,61,86,86,86,119,119,119,136,136,136,238,238,258,277,1,1,13,47,47,63,110,110,124,5,332,343,343,343],"floor_reached":33,"playtime":1864,"items_purged":[],"score":352,"play_id":"8fc1bb26-8543-4994-9239-3bc35656908e","local_time":"20181129213507","is_ascension_mode":true,"campfire_choices":[{"data":"Hello World","floor":6,"key":"SMITH"},{"floor":8,"key":"REST"},{"floor":12,"key":"REST"},{"floor":15,"key":"REST"},{"floor":24,"key":"REST"},{"floor":27,"key":"REST"},{"floor":32,"key":"REST"}],"neow_cost":"NONE","seed_source_timestamp":969706204930436,"circlet_count":0,"master_deck":["Strike_B","Strike_B","Strike_B","Defend_B+1","Defend_B","Defend_B","Zap","Dualcast","Conserve Battery","Hello World+1","Steam","Melter+1","Leap","Creative AI","Cold Snap+1","Rip and Tear+1","Self Repair","Sweeping Beam+1","Force Field+1","Leap","Auto Shields+1","Static Discharge","Multi-Cast","Heatsinks"],"relics":["Cracked Core","Vajra","Ice Cream","Darkstone Periapt","Molten Egg 2","Mummified Hand","Empty Cage","Lee\u0027s Waffle","Question Card","Bag of Marbles","Blood Vial","Old Coin"],"potions_floor_usage":[19,25,30,30],"damage_taken":[{"damage":4,"enemies":"Small Slimes","floor":1,"turns":3},{"damage":6,"enemies":"Cultist","floor":2,"turns":4},{"damage":33,"enemies":"Gremlin Nob","floor":7,"turns":4},{"damage":22,"enemies":"Lagavulin","floor":10,"turns":6},{"damage":0,"enemies":"2 Louse","floor":13,"turns":2},{"damage":10,"enemies":"Slime Boss","floor":16,"turns":9},{"damage":12,"enemies":"Chosen","floor":18,"turns":5},{"damage":17,"enemies":"3 Byrds","floor":19,"turns":4},{"damage":31,"enemies":"Centurion and Healer","floor":22,"turns":7},{"damage":52,"enemies":"Slavers","floor":23,"turns":5},{"damage":35,"enemies":"Snake Plant","floor":25,"turns":4},{"damage":23,"enemies":"3 Cultists","floor":28,"turns":5},{"damage":25,"enemies":"Book of Stabbing","floor":30,"turns":6},{"damage":9,"enemies":"Centurion and Healer","floor":31,"turns":4},{"damage":57,"enemies":"Collector","floor":33,"turns":7}],"seed_played":"-5033511159400847412","potions_obtained":[{"floor":7,"key":"SteroidPotion"},{"floor":10,"key":"Fire Potion"},{"floor":16,"key":"Dexterity Potion"},{"floor":18,"key":"Swift Potion"},{"floor":25,"key":"GamblersBrew"},{"floor":28,"key":"Swift Potion"}],"is_trial":false,"path_per_floor":["M","M","?","$","T","R","E","R","T","E","?","R","M","T","R","B",null,"M","M","$","?","M","E","R","M","T","R","M","$","E","M","R","B"],"character_chosen":"DEFECT","items_purchased":["Hello World","Steam","Self Repair","Lee\u0027s Waffle","Static Discharge","SkillPotion"],"campfire_rested":6,"item_purchase_floors":[4,4,20,20,29,29],"current_hp_per_floor":[78,72,82,82,82,82,49,73,73,51,35,59,59,59,82,72,82,70,53,89,89,65,20,46,18,18,44,30,30,14,7,33,0],"gold":343,"neow_bonus":"TEN_PERCENT_HP_BONUS","is_prod":false,"is_daily":false,"chose_seed":false,"campfire_upgraded":1,"win_rate":0,"timestamp":1543545307,"path_taken":["M","M","?","$","?","R","E","R","T","E","?","R","M","?","R","BOSS","M","M","$","?","?","E","R","M","T","R","M","$","E","M","R","BOSS"],"build_version":"2018-11-15","purchased_purges":0,"victory":false,"max_hp_per_floor":[82,82,82,82,82,82,82,82,82,82,82,82,82,82,82,82,82,82,82,89,89,89,89,89,89,89,89,89,89,89,89,89,89],"card_choices":[{"not_picked":["Sweeping Beam","Cold Snap"],"picked":"Darkness","floor":1},{"not_picked":["Stack","Leap"],"picked":"Conserve Battery","floor":2},{"not_picked":["Hologram","Gash"],"picked":"Melter","floor":7},{"not_picked":["Barrage","Go for the Eyes","Coolheaded"],"picked":"SKIP","floor":10},{"not_picked":["Conserve Battery","Beam Cell+1"],"picked":"Leap","floor":13},{"not_picked":["All For One+1","Machine Learning"],"picked":"Creative AI","floor":16},{"not_picked":["Conserve Battery","Blizzard+1"],"picked":"Cold Snap+1","floor":18},{"not_picked":["Chill","Steam Power"],"picked":"Rip and Tear+1","floor":19},{"not_picked":["Doom and Gloom+1","Turbo","Rip and Tear+1"],"picked":"Sweeping Beam+1","floor":22},{"not_picked":["Steam","Redo","Streamline+1"],"picked":"Force Field+1","floor":23},{"not_picked":["Barrage+1","Ball Lightning+1","Reprogram+1"],"picked":"Leap","floor":25},{"not_picked":["Scrape+1","Coolheaded","Hello World"],"picked":"Auto Shields+1","floor":28},{"not_picked":["Double Energy","Cold Snap+1","Melter+1"],"picked":"Multi-Cast","floor":30},{"not_picked":["Chaos","Turbo","Cold Snap+1"],"picked":"Heatsinks","floor":31}],"player_experience":160907,"relics_obtained":[{"floor":5,"key":"Vajra"},{"floor":7,"key":"Ice Cream"},{"floor":9,"key":"Darkstone Periapt"},{"floor":10,"key":"Molten Egg 2"},{"floor":14,"key":"Mummified Hand"},{"floor":23,"key":"Bag of Marbles"},{"floor":26,"key":"Blood Vial"},{"floor":30,"key":"Old Coin"}],"event_choices":[{"cards_removed":["Darkness"],"damage_healed":10,"gold_gain":0,"player_choice":"Offered Uncommon","damage_taken":0,"max_hp_gain":0,"max_hp_loss":0,"event_name":"Bonfire Elementals","floor":3,"gold_loss":0},{"damage_healed":0,"gold_gain":0,"player_choice":"Entered Light","damage_taken":16,"max_hp_gain":0,"max_hp_loss":0,"event_name":"Shining Light","floor":11,"gold_loss":0,"cards_upgraded":["Defend_B","Melter"]},{"damage_healed":0,"gold_gain":0,"player_choice":"Gave Potion","damage_taken":0,"relics_obtained":["Question Card"],"max_hp_gain":0,"max_hp_loss":0,"event_name":"WeMeetAgain","floor":21,"gold_loss":0}],"is_beta":false,"boss_relics":[{"not_picked":["Snecko Eye","Coffee Dripper"],"picked":"Empty Cage"}],"items_purged_floors":[],"is_endless":false,"potions_floor_spawned":[7,10,16,18,25,28],"killed_by":"Collector","ascension_level":4}