{"gold_per_floor":[211,225,239,259,259,259,275,295,295,329,343,361,361,385,385,508,508,531,186,206,226,226,266,291,291],"floor_reached":25,"playtime":1698,"items_purged":[],"score":243,"play_id":"93b552fe-e5da-46e8-87d6-8c8d0dab588e","local_time":"20181007184011","is_ascension_mode":true,"campfire_choices":[{"floor":6,"key":"REST"},{"floor":13,"key":"REST"},{"floor":15,"key":"REST"}],"neow_cost":"NONE","seed_source_timestamp":0,"circlet_count":0,"master_deck":["Survivor","Neutralize","Noxious Fumes","Deadly Poison","Well Laid Plans","Well Laid Plans","Infinite Blades","Poisoned Stab","Bouncing Flask","Catalyst","Corpse Explosion","Tools of the Trade","Quick Slash","Underhanded Strike","Tactician","Deadly Poison","Distraction","Bane","Heel Hook","Poisoned Stab","Poisoned Stab","Distraction","Noxious Fumes","Deadly Poison","Sucker Punch","Backflip","Noxious Fumes"],"special_seed":0,"relics":["Ring of the Snake","Golden Idol","Oddly Smooth Stone","Mummified Hand","Pandora\u0027s Box","ClockworkSouvenir","Happy Flower","Lantern"],"potions_floor_usage":[7,8,10,24,25,25],"damage_taken":[{"damage":1.0,"enemies":"Cultist","floor":1.0,"turns":4.0},{"damage":1,"enemies":"2 Louse","floor":2,"turns":3},{"damage":0,"enemies":"Small Slimes","floor":3,"turns":3},{"damage":4,"enemies":"Blue Slaver","floor":4,"turns":4},{"damage":17,"enemies":"Gremlin Gang","floor":7,"turns":5},{"damage":12,"enemies":"Lots of Slimes","floor":8,"turns":4},{"damage":17,"enemies":"Gremlin Nob","floor":10,"turns":4},{"damage":5,"enemies":"Large Slime","floor":11,"turns":6},{"damage":1,"enemies":"Exordium Wildlife","floor":12,"turns":3},{"damage":0,"enemies":"3 Louse","floor":14,"turns":3},{"damage":24,"enemies":"Hexaghost","floor":16,"turns":6},{"damage":0,"enemies":"Chosen","floor":18,"turns":3},{"damage":0,"enemies":"3 Byrds","floor":20,"turns":2},{"damage":32,"enemies":"Centurion and Healer","floor":21,"turns":3},{"damage":52,"enemies":"Slavers","floor":23,"turns":4},{"damage":6,"enemies":"Snecko","floor":24,"turns":3},{"damage":6,"enemies":"Gremlin Leader","floor":25,"turns":2}],"seed_played":"-4341329249320915590","potions_obtained":[{"floor":1,"key":"Poison Potion"},{"floor":3,"key":"AttackPotion"},{"floor":7,"key":"Energy Potion"},{"floor":10,"key":"Poison Potion"},{"floor":12,"key":"Swift Potion"},{"floor":16,"key":"Explosive Potion"}],"is_trial":false,"path_per_floor":["M","M","M","M","?","R","M","M","T","E","M","M","R","M","R","B",null,"M","$","M","M","?","E","M"],"character_chosen":"THE_SILENT","items_purchased":["ClockworkSouvenir","Happy Flower"],"campfire_rested":3,"item_purchase_floors":[19,19],"current_hp_per_floor":[69,68,68,64,47,68,51,39,39,22,17,16,37,37,58,34,70,70,70,70,38,61,9,3,0],"gold":291,"neow_bonus":"HUNDRED_GOLD","is_prod":false,"is_daily":false,"chose_seed":false,"campfire_upgraded":0,"win_rate":0,"timestamp":1538952011,"path_taken":["M","M","?","M","?","R","M","?","T","E","?","M","R","?","R","BOSS","M","$","?","M","?","E","M","E"],"build_version":"2018-10-04v2","purchased_purges":0,"victory":false,"max_hp_per_floor":[70,70,70,70,70,70,70,70,70,70,70,70,70,70,70,70,70,70,70,70,70,70,70,70,70],"card_choices":[{"not_picked":["Blade Dance","Dagger Spray"],"picked":"Noxious Fumes","floor":1},{"not_picked":["Blade Dance","Dagger Throw"],"picked":"Deadly Poison","floor":2},{"not_picked":["Deadly Poison","Prepared"],"picked":"Well Laid Plans","floor":3},{"not_picked":["Choke","Quick Slash"],"picked":"Well Laid Plans","floor":4},{"not_picked":["Terror","Skewer"],"picked":"Infinite Blades","floor":7},{"not_picked":["Expertise","Choke"],"picked":"Poisoned Stab","floor":8},{"not_picked":["Riddle With Holes","Underhanded Strike","Flechettes"],"picked":"SKIP","floor":10},{"not_picked":["Doppelganger","Sucker Punch"],"picked":"Bouncing Flask","floor":11},{"not_picked":["Poisoned Stab","Cloak And Dagger"],"picked":"Catalyst","floor":12},{"not_picked":["Dagger Throw","Leg Sweep"],"picked":"Corpse Explosion","floor":14},{"not_picked":["Bullet Time","Adrenaline"],"picked":"Tools of the Trade","floor":16},{"not_picked":["Escape Plan","Slice"],"picked":"Noxious Fumes","floor":18},{"not_picked":["Blade Dance","Cloak And Dagger"],"picked":"Deadly Poison","floor":20},{"not_picked":["Dagger Spray","Slice+1"],"picked":"Sucker Punch","floor":21},{"not_picked":["Dagger Spray","Reflex"],"picked":"Backflip","floor":23},{"not_picked":["Acrobatics","Expertise"],"picked":"Noxious Fumes","floor":24}],"player_experience":108528,"relics_obtained":[{"floor":9,"key":"Oddly Smooth Stone"},{"floor":10,"key":"Mummified Hand"},{"floor":23,"key":"Lantern"}],"event_choices":[{"event_name":"Golden Idol","player_choice":"Take Damage","floor":5,"damage_taken":0},{"event_name":"The Library","player_choice":"Heal","floor":22,"damage_taken":0}],"is_beta":false,"boss_relics":[{"not_picked":["Ring of the Serpent","Orrery"],"picked":"Pandora\u0027s Box"}],"items_purged_floors":[],"is_endless":false,"potions_floor_spawned":[1,3,7,10,12,16,21,23],"killed_by":"Gremlin Leader","ascension_level":1}