{"gold_per_floor":[115,133,208,208,227,255,255,255,324,324,196,207,207,218,218,218],"floor_reached":16,"playtime":430,"items_purged":["Parasite"],"score":190,"play_id":"9b66b987-5de2-4ec3-92a0-eca66ebab145","local_time":"20190413141308","is_ascension_mode":true,"campfire_choices":[{"data":"Sword Boomerang","floor":8.0,"key":"SMITH"},{"data":"Bash","floor":10.0,"key":"SMITH"},{"data":"Clothesline","floor":13.0,"key":"SMITH"},{"data":"Shrug It Off","floor":15.0,"key":"SMITH"}],"neow_cost":"NONE","seed_source_timestamp":323969142232800,"circlet_count":0,"master_deck":["AscendersBane","Strike_R","Strike_R","Strike_R","Strike_R","Strike_R","Defend_R","Defend_R","Defend_R","Defend_R","Bash+1","Shrug It Off+1","Feel No Pain","Sword Boomerang+1","Clothesline+1"],"special_seed":0,"relics":["Burning Blood","Pen Nib","Regal Pillow","Meat on the Bone"],"potions_floor_usage":[],"damage_taken":[{"damage":4.0,"enemies":"Jaw Worm","floor":1.0,"turns":4.0},{"damage":2.0,"enemies":"2 Louse","floor":2.0,"turns":4.0},{"damage":7.0,"enemies":"Small Slimes","floor":5.0,"turns":4.0},{"damage":40.0,"enemies":"Lagavulin","floor":6.0,"turns":7.0},{"damage":27.0,"enemies":"Gremlin Gang","floor":12.0,"turns":8.0},{"damage":15.0,"enemies":"3 Louse","floor":14.0,"turns":3.0},{"damage":42,"enemies":"Slime Boss","floor":16,"turns":6}],"seed_played":"5652070556191380681","potions_obtained":[],"is_trial":false,"path_per_floor":["M","M","?","?","M","E","?","R","T","R","$","M","R","M","R","B"],"character_chosen":"IRONCLAD","items_purchased":["Clothesline"],"campfire_rested":0,"item_purchase_floors":[11],"current_hp_per_floor":[70,74,63,63,62,28,46,46,46,46,46,37,37,40,40,0],"gold":218,"neow_bonus":"RANDOM_COMMON_RELIC","is_prod":false,"is_daily":false,"chose_seed":false,"campfire_upgraded":4,"win_rate":0,"timestamp":1555189988,"path_taken":["M","M","?","?","M","E","?","R","T","R","$","M","R","M","R","BOSS"],"build_version":"2019-01-23","purchased_purges":1,"victory":false,"max_hp_per_floor":[75,75,75,75,75,75,75,75,75,75,72,72,72,72,72,72],"card_choices":[{"not_picked":["Twin Strike","Iron Wave"],"picked":"Shrug It Off","floor":1.0},{"not_picked":["Sever Soul","Headbutt"],"picked":"Feel No Pain","floor":2.0},{"not_picked":["Sever Soul","Armaments"],"picked":"Sword Boomerang","floor":5.0},{"not_picked":["Blood for Blood","Metallicize","Warcry"],"picked":"SKIP","floor":6.0},{"not_picked":["Fire Breathing","Clothesline","Headbutt"],"picked":"SKIP","floor":12.0},{"not_picked":["Armaments","Pommel Strike","Body Slam"],"picked":"SKIP","floor":14.0}],"player_experience":548436,"relics_obtained":[{"floor":6.0,"key":"Regal Pillow"},{"floor":9.0,"key":"Meat on the Bone"}],"event_choices":[{"damage_healed":0.0,"max_hp_gain":0.0,"max_hp_loss":0.0,"gold_gain":75.0,"event_name":"World of Goop","player_choice":"Gather Gold","floor":3.0,"gold_loss":0.0,"damage_taken":11.0},{"damage_healed":0.0,"max_hp_gain":0.0,"max_hp_loss":0.0,"gold_gain":0.0,"event_name":"Liars Game","player_choice":"Ignored","floor":4.0,"gold_loss":0.0,"damage_taken":0.0},{"damage_healed":18.0,"max_hp_gain":0.0,"max_hp_loss":0.0,"gold_gain":0.0,"event_name":"Mushrooms","player_choice":"Healed and dodged fight","floor":7.0,"gold_loss":0.0,"damage_taken":0.0,"cards_obtained":["Parasite"]}],"is_beta":false,"boss_relics":[],"items_purged_floors":[11],"is_endless":false,"potions_floor_spawned":[],"killed_by":"Slime Boss","ascension_level":18}