{"gold_per_floor":[117,292,292,12,37,37,78,78,78,78,26,46,67,83,83,202,202,223,223,139,50,69,102,102,112,138,150,50,60,78,95,95,198,198,216,231,231,231,248,248,248,280,280,297,297,311,330,341,341,341],"floor_reached":50,"playtime":2789,"items_purged":["Doubt","Strike_R"],"score":628,"play_id":"9e4d742d-3928-4ef8-b088-1160f5f022d0","local_time":"20190417133242","is_ascension_mode":true,"campfire_choices":[{"floor":6,"key":"REST"},{"data":"Limit Break","floor":8,"key":"SMITH"},{"floor":10,"key":"REST"},{"data":"Heavy Blade","floor":15,"key":"SMITH"},{"data":"Armaments","floor":24,"key":"SMITH"},{"floor":32,"key":"REST"},{"data":"Flex","floor":40,"key":"SMITH"},{"floor":49,"key":"REST"}],"neow_cost":"PERCENT_DAMAGE","seed_source_timestamp":274942081466479,"circlet_count":0,"master_deck":["Strike_R","Strike_R","Strike_R","Strike_R","Defend_R","Defend_R","Defend_R","Bash","Limit Break+1","Metallicize","Heavy Blade+1","Infernal Blade","Twin Strike","Dual Wield","Immolate","Heavy Blade+1","Trip","Flex+1","Armaments+1","Flex","Second Wind","Armaments+1","Fiend Fire","Disarm+1","Headbutt+1","Madness","Madness","Pommel Strike+1","Metallicize+1"],"relics":["Burning Blood","Bloody Idol","Sling","Happy Flower","Vajra","Kunai","Runic Pyramid","Meat on the Bone","Matryoshka","Regal Pillow","PreservedInsect","Busted Crown","Pear","Sundial","Boot"],"potions_floor_usage":[16,23,27,31,31,42,45,47,50,50,50],"damage_taken":[{"damage":0,"enemies":"2 Louse","floor":1,"turns":3},{"damage":30,"enemies":"3 Sentries","floor":7,"turns":8},{"damage":12,"enemies":"Jaw Worm","floor":12,"turns":2},{"damage":6,"enemies":"Cultist","floor":13,"turns":3},{"damage":7,"enemies":"2 Fungi Beasts","floor":14,"turns":3},{"damage":36,"enemies":"Hexaghost","floor":16,"turns":6},{"damage":7,"enemies":"Chosen","floor":18,"turns":4},{"damage":31,"enemies":"3 Byrds","floor":22,"turns":5},{"damage":21,"enemies":"Book of Stabbing","floor":23,"turns":3},{"damage":10,"enemies":"Snecko","floor":25,"turns":4},{"damage":38,"enemies":"3 Cultists","floor":27,"turns":5},{"damage":12,"enemies":"Snake Plant","floor":29,"turns":4},{"damage":13,"enemies":"Snecko","floor":30,"turns":4},{"damage":17,"enemies":"Centurion and Healer","floor":31,"turns":4},{"damage":9,"enemies":"Champ","floor":33,"turns":7},{"damage":12,"enemies":"3 Shapes","floor":35,"turns":4},{"damage":22,"enemies":"Orb Walker","floor":36,"turns":3},{"damage":41,"enemies":"Writhing Mass","floor":39,"turns":5},{"damage":34,"enemies":"Nemesis","floor":42,"turns":3},{"damage":29,"enemies":"Sphere and 2 Shapes","floor":44,"turns":5},{"damage":0,"enemies":"Jaw Worm Horde","floor":45,"turns":1},{"damage":8,"enemies":"Transient","floor":46,"turns":5},{"damage":35,"enemies":"Sphere and 2 Shapes","floor":47,"turns":3},{"damage":8,"enemies":"3 Darklings","floor":48,"turns":2},{"damage":92,"enemies":"Time Eater","floor":50,"turns":7}],"seed_played":"562591427015571800","potions_obtained":[{"floor":1,"key":"Energy Potion"},{"floor":12,"key":"PowerPotion"},{"floor":22,"key":"SpeedPotion"},{"floor":29,"key":"AttackPotion"},{"floor":30,"key":"Weak Potion"},{"floor":33,"key":"LiquidBronze"},{"floor":35,"key":"Energy Potion"},{"floor":44,"key":"SmokeBomb"},{"floor":46,"key":"Energy Potion"},{"floor":48,"key":"SneckoOil"}],"is_trial":false,"path_per_floor":["M","?","?","$","T","R","E","R","T","R","$","M","M","M","R","B",null,"M","?","?","$","M","E","R","M","T","M","$","M","M","M","R","B",null,"M","M","?","?","M","R","?","E","T","M","M","M","M","M","R","B"],"character_chosen":"IRONCLAD","items_purchased":["Sling","Block Potion","Trip"],"campfire_rested":4,"item_purchase_floors":[4,11,21],"current_hp_per_floor":[62,62,42,42,42,66,42,42,42,66,66,60,60,59,59,29,80,79,79,79,79,59,61,61,62,67,52,52,63,61,55,80,80,80,79,68,68,68,50,50,40,39,39,33,51,66,54,57,90,0],"gold":341,"neow_bonus":"THREE_RARE_CARDS","is_prod":false,"is_daily":false,"chose_seed":false,"campfire_upgraded":4,"win_rate":0,"timestamp":1555522362,"path_taken":["M","?","?","$","?","R","E","R","T","R","?","?","M","M","R","BOSS","M","?","?","$","M","E","R","M","T","M","$","?","M","?","R","BOSS","M","?","?","?","M","R","?","E","T","M","M","M","?","M","R","BOSS"],"build_version":"2019-01-23","purchased_purges":2,"victory":false,"max_hp_per_floor":[80,80,80,80,80,80,80,80,80,80,80,80,80,80,80,80,80,80,80,80,80,80,80,80,80,80,80,80,80,80,80,80,80,80,80,80,80,80,80,80,80,90,90,90,90,90,90,90,90,90],"card_choices":[{"not_picked":["Bludgeon","Barricade"],"picked":"Limit Break","floor":0},{"not_picked":["Anger","Pummel"],"picked":"Metallicize","floor":1},{"not_picked":["Armaments","Havoc"],"picked":"Heavy Blade","floor":7},{"not_picked":["Havoc","Body Slam"],"picked":"Infernal Blade","floor":12},{"not_picked":["Thunderclap","Havoc"],"picked":"Twin Strike","floor":13},{"not_picked":["Perfected Strike","Warcry"],"picked":"Dual Wield","floor":14},{"not_picked":["Dark Embrace","Juggernaut"],"picked":"Immolate","floor":16},{"not_picked":["Rupture","Iron Wave+1"],"picked":"Heavy Blade+1","floor":18},{"not_picked":["True Grit","Warcry"],"picked":"Flex","floor":22},{"not_picked":["Entrench","Perfected Strike+1"],"picked":"Armaments","floor":23},{"not_picked":["Carnage+1","Offering"],"picked":"Flex","floor":25},{"not_picked":["Clothesline+1","Body Slam"],"picked":"Second Wind","floor":27},{"not_picked":["Heavy Blade","Wild Strike","Shrug It Off"],"picked":"SKIP","floor":29},{"not_picked":["Blood for Blood","Ghostly Armor"],"picked":"Armaments+1","floor":30},{"not_picked":["Reckless Charge","Headbutt","Whirlwind"],"picked":"SKIP","floor":31},{"not_picked":["Immolate","Double Tap"],"picked":"Fiend Fire","floor":33},{"not_picked":[],"picked":"Disarm+1","floor":35},{"not_picked":[],"picked":"Headbutt+1","floor":36},{"not_picked":["Metallicize"],"picked":"SKIP","floor":39},{"not_picked":["Intimidate"],"picked":"SKIP","floor":42},{"not_picked":[],"picked":"Pommel Strike+1","floor":44},{"not_picked":[],"picked":"Metallicize+1","floor":46},{"not_picked":["Armaments"],"picked":"SKIP","floor":47},{"not_picked":["Flame Barrier+1"],"picked":"SKIP","floor":48}],"player_experience":197031,"relics_obtained":[{"floor":5,"key":"Happy Flower"},{"floor":7,"key":"Vajra"},{"floor":9,"key":"Kunai"},{"floor":23,"key":"Matryoshka"},{"floor":26,"key":"Regal Pillow"},{"floor":26,"key":"PreservedInsect"},{"floor":42,"key":"Pear"},{"floor":43,"key":"Sundial"},{"floor":43,"key":"Boot"}],"event_choices":[{"damage_healed":0,"gold_gain":175,"player_choice":"AGREE","damage_taken":0,"max_hp_gain":0,"max_hp_loss":0,"event_name":"Liars Game","floor":2,"gold_loss":0,"cards_obtained":["Doubt"]},{"damage_healed":0,"gold_gain":0,"player_choice":"Take Damage","damage_taken":20,"relics_obtained":["Golden Idol"],"max_hp_gain":0,"max_hp_loss":0,"event_name":"Golden Idol","floor":3,"gold_loss":0},{"damage_healed":0,"gold_gain":0,"player_choice":"Gave Idol","damage_taken":0,"relics_obtained":["Bloody Idol"],"max_hp_gain":0,"max_hp_loss":0,"event_name":"Forgotten Altar","floor":19,"relics_lost":["Golden Idol"],"gold_loss":0},{"damage_healed":0,"gold_gain":0,"player_choice":"Paid Gold","damage_taken":0,"relics_obtained":["Meat on the Bone"],"max_hp_gain":0,"max_hp_loss":0,"event_name":"WeMeetAgain","floor":20,"gold_loss":84},{"damage_healed":0,"gold_gain":0,"player_choice":"Memory 1","damage_taken":0,"max_hp_gain":0,"max_hp_loss":0,"event_name":"SensoryStone","floor":37,"gold_loss":0},{"cards_removed":["Defend_R"],"damage_healed":0,"gold_gain":0,"player_choice":"Removed Skill","damage_taken":0,"max_hp_gain":0,"max_hp_loss":0,"event_name":"Falling","floor":38,"gold_loss":0},{"damage_healed":0,"gold_gain":0,"player_choice":"Embrace Madness","damage_taken":10,"max_hp_gain":0,"max_hp_loss":0,"event_name":"Winding Halls","floor":41,"gold_loss":0,"cards_obtained":["Madness","Madness"]}],"is_beta":false,"boss_relics":[{"not_picked":["Tiny House","Runic Dome"],"picked":"Runic Pyramid"},{"not_picked":["Astrolabe","Empty Cage"],"picked":"Busted Crown"}],"items_purged_floors":[4,28],"is_endless":false,"potions_floor_spawned":[1,12,13,22,29,30,33,35,44,45,46,48],"killed_by":"Time Eater","ascension_level":4}