{"gold_per_floor":[109,123,141,151,171,171,204,204,277,309,309,102,127,195,195,267,267,278,295,295,295,363,363],"floor_reached":23,"playtime":930,"items_purged":[],"score":401,"play_id":"3f67ed91-20af-417e-8bd2-b60cf8d92f7e","local_time":"20190413143519","is_ascension_mode":true,"campfire_choices":[{"floor":6.0,"key":"REST"},{"data":"Bash","floor":8.0,"key":"SMITH"},{"data":"Rampage","floor":15.0,"key":"SMITH"}],"neow_cost":"NONE","seed_source_timestamp":324726332487700,"circlet_count":0,"master_deck":["AscendersBane","Strike_R","Strike_R","Strike_R","Strike_R","Defend_R","Defend_R","Defend_R","Defend_R","Bash+1","Disarm","Clothesline","Shrug It Off","Cleave","Fiend Fire","Rampage+1","Limit Break","True Grit+1","Flame Barrier"],"special_seed":0,"relics":["Burning Blood","Red Skull","Calipers","Dream Catcher","Black Star","SsserpentHead"],"potions_floor_usage":[22],"damage_taken":[{"damage":7.0,"enemies":"Cultist","floor":1.0,"turns":4.0},{"damage":2.0,"enemies":"Small Slimes","floor":2.0,"turns":5.0},{"damage":6.0,"enemies":"2 Louse","floor":3.0,"turns":2.0},{"damage":19.0,"enemies":"Gremlin Gang","floor":4.0,"turns":7.0},{"damage":34.0,"enemies":"Large Slime","floor":5.0,"turns":9.0},{"damage":9.0,"enemies":"3 Sentries","floor":7.0,"turns":11.0},{"damage":26.0,"enemies":"Lagavulin","floor":10.0,"turns":7.0},{"damage":7.0,"enemies":"3 Sentries","floor":13.0,"turns":4.0},{"damage":16,"enemies":"Hexaghost","floor":16,"turns":9},{"damage":26,"enemies":"Shell Parasite","floor":18,"turns":8},{"damage":15,"enemies":"Chosen","floor":19,"turns":7},{"damage":17,"enemies":"Snecko","floor":22,"turns":5},{"damage":0,"enemies":"Slavers","floor":23,"turns":1}],"seed_played":"-6692067519617101975","potions_obtained":[{"floor":1.0,"key":"EssenceOfSteel"},{"floor":4.0,"key":"EssenceOfSteel"},{"floor":7.0,"key":"FearPotion"},{"floor":10.0,"key":"GamblersBrew"},{"floor":18,"key":"SteroidPotion"}],"is_trial":false,"path_per_floor":["M","M","M","M","M","R","E","R","T","E","?","$","E","?","R","B",null,"M","M","?","$","M","E"],"character_chosen":"IRONCLAD","items_purchased":["Fire Potion","Fiend Fire"],"campfire_rested":1,"item_purchase_floors":[12,12],"current_hp_per_floor":[67,71,71,58,30,52,49,49,49,29,29,29,28,28,28,18,61,41,32,32,32,21,21],"gold":363,"neow_bonus":"REMOVE_CARD","is_prod":false,"is_daily":false,"chose_seed":false,"campfire_upgraded":2,"win_rate":0,"timestamp":1555191319,"path_taken":["M","M","?","M","?","R","E","R","T","E","?","$","E","?","R","BOSS","M","M","?","$","?","E"],"build_version":"2019-01-23","purchased_purges":0,"victory":false,"max_hp_per_floor":[75,75,75,75,75,75,75,75,75,75,75,75,75,75,75,75,75,75,75,75,75,75,75],"card_choices":[{"not_picked":["Thunderclap","Havoc"],"picked":"Disarm","floor":1.0},{"not_picked":["Infernal Blade","Rage"],"picked":"Clothesline","floor":2.0},{"not_picked":["Entrench","Perfected Strike"],"picked":"Shrug It Off","floor":3.0},{"not_picked":["Anger","Warcry"],"picked":"Cleave","floor":4.0},{"not_picked":["Flex","Corruption","Pummel"],"picked":"SKIP","floor":5.0},{"not_picked":["True Grit","Pummel","Dual Wield"],"picked":"SKIP","floor":7.0},{"not_picked":["Rage","Anger","Pommel Strike"],"picked":"SKIP","floor":10.0},{"not_picked":["Sword Boomerang","Hemokinesis"],"picked":"Rampage","floor":13.0},{"not_picked":["Demon Form","Double Tap"],"picked":"Limit Break","floor":16},{"not_picked":["Iron Wave","Shrug It Off"],"picked":"True Grit+1","floor":18},{"not_picked":["Bloodletting","Seeing Red"],"picked":"Flame Barrier","floor":19},{"not_picked":["Whirlwind","Twin Strike","Perfected Strike"],"picked":"SKIP","floor":22}],"player_experience":548866,"relics_obtained":[{"floor":7.0,"key":"Red Skull"},{"floor":10.0,"key":"Calipers"},{"floor":13.0,"key":"Dream Catcher"}],"event_choices":[{"damage_healed":0.0,"max_hp_gain":0.0,"max_hp_loss":0.0,"gold_gain":0.0,"event_name":"Shining Light","player_choice":"Ignored","floor":11.0,"gold_loss":0.0,"damage_taken":0.0},{"damage_healed":0.0,"max_hp_gain":0.0,"max_hp_loss":0.0,"gold_gain":68.0,"event_name":"Golden Wing","player_choice":"Gained Gold","floor":14.0,"gold_loss":0.0,"damage_taken":0.0},{"damage_healed":0,"gold_gain":0,"player_choice":"Trade","damage_taken":0,"relics_obtained":["SsserpentHead"],"max_hp_gain":0,"max_hp_loss":0,"event_name":"FaceTrader","floor":20,"gold_loss":0}],"is_beta":false,"boss_relics":[{"not_picked":["Busted Crown","Runic Pyramid"],"picked":"Black Star"}],"items_purged_floors":[],"is_endless":false,"potions_floor_spawned":[1,4,7,10,18],"killed_by":"Slavers","ascension_level":18}