{"gold_per_floor":[110,285,104,204,217,248,248,311,364,364,382,4,4,4,4,101,101,114,114,114,124,124,157,157,157,157,168,194,194,208,34,34,34],"floor_reached":33,"playtime":1678,"items_purged":["Doubt","Defend_R","Strike_R"],"score":347,"play_id":"c3254fda-2eff-41aa-88fd-0cf727f09eaa","local_time":"20181224204840","is_ascension_mode":true,"campfire_choices":[{"floor":7,"key":"REST"},{"floor":10,"key":"REST"},{"floor":13,"key":"REST"},{"data":"Rampage","floor":15,"key":"SMITH"},{"floor":32,"key":"REST"}],"neow_cost":"NONE","seed_source_timestamp":1306035366490064,"circlet_count":0,"master_deck":["Strike_R","Strike_R","Strike_R+1","Strike_R","Defend_R","Defend_R+1","Defend_R","Bash","Armaments","Twin Strike","Shrug It Off+1","Rampage+1","Ghostly Armor+1","Shrug It Off","Flex+1","Immolate+1","Body Slam+1","Blood for Blood+1","Inflame","Spot Weakness+1","Double Tap","Rampage+1"],"relics":["Burning Blood","Juzu Bracelet","Red Skull","Tiny Chest","War Paint","Molten Egg 2","Philosopher\u0027s Stone","Oddly Smooth Stone","Bag of Preparation","Ginger","Pocketwatch","Pear"],"potions_floor_usage":[6,23,33],"damage_taken":[{"damage":6,"enemies":"Cultist","floor":1,"turns":3},{"damage":7,"enemies":"Small Slimes","floor":5,"turns":3},{"damage":56,"enemies":"Lagavulin","floor":6,"turns":7},{"damage":20,"enemies":"Gremlin Nob","floor":8,"turns":4},{"damage":11,"enemies":"2 Louse","floor":11,"turns":3},{"damage":43,"enemies":"Hexaghost","floor":16,"turns":9},{"damage":0,"enemies":"Chosen","floor":18,"turns":4},{"damage":30,"enemies":"3 Byrds","floor":21,"turns":4},{"damage":10,"enemies":"Gremlin Leader","floor":23,"turns":6},{"damage":15,"enemies":"Colosseum Slavers","floor":25,"turns":5},{"damage":4,"enemies":"Snake Plant","floor":27,"turns":3},{"damage":32,"enemies":"Book of Stabbing","floor":28,"turns":5},{"damage":13,"enemies":"Cultist and Chosen","floor":30,"turns":4},{"damage":81,"enemies":"Collector","floor":33,"turns":5}],"seed_played":"-5011124388548482376","potions_obtained":[{"floor":16,"key":"Ancient Potion"},{"floor":18,"key":"Regen Potion"},{"floor":30,"key":"SneckoOil"}],"is_trial":false,"path_per_floor":["M","?","$","?","M","E","R","E","T","R","M","$","R","?","R","B",null,"M","?","$","M","?","E","?","?","T","M","E","T","M","$","R","B"],"character_chosen":"IRONCLAD","items_purchased":["Twin Strike","SkillPotion","Molten Egg 2","Flex","Strength Potion"],"campfire_rested":4,"item_purchase_floors":[3,3,12,12,31],"current_hp_per_floor":[80,80,80,80,79,29,53,39,39,63,58,58,80,64,64,27,80,80,80,80,56,56,66,66,57,57,59,33,43,36,36,63,0],"gold":34,"neow_bonus":"RANDOM_COMMON_RELIC","is_prod":false,"is_daily":false,"chose_seed":false,"campfire_upgraded":1,"win_rate":0,"timestamp":1545702520,"path_taken":["M","?","$","?","M","E","R","E","T","R","M","$","R","?","R","BOSS","M","?","$","M","?","E","?","?","T","M","E","?","M","$","R","BOSS"],"build_version":"2018-12-20","purchased_purges":3,"victory":false,"max_hp_per_floor":[80,80,80,80,80,80,80,80,80,80,80,80,80,80,80,80,80,80,80,80,80,80,80,80,80,80,80,80,90,90,90,90,90],"card_choices":[{"not_picked":["True Grit","Shockwave"],"picked":"Armaments","floor":1},{"not_picked":["Anger","Pommel Strike"],"picked":"Shrug It Off","floor":5},{"not_picked":["True Grit","Clothesline"],"picked":"Rampage","floor":6},{"not_picked":["Seeing Red","Pommel Strike"],"picked":"Ghostly Armor","floor":8},{"not_picked":["Feel No Pain","Sword Boomerang"],"picked":"Shrug It Off","floor":11},{"not_picked":["Feed+1","Offering"],"picked":"Immolate+1","floor":16},{"not_picked":["Twin Strike+1","Iron Wave+1"],"picked":"Body Slam+1","floor":18},{"not_picked":["Pommel Strike+1","Armaments","Combust+1"],"picked":"SKIP","floor":21},{"not_picked":["Second Wind","Body Slam+1"],"picked":"Blood for Blood+1","floor":23},{"not_picked":["Power Through+1","Havoc"],"picked":"Spot Weakness+1","floor":27},{"not_picked":["Cleave+1","Sentinel+1"],"picked":"Double Tap","floor":28},{"not_picked":["Wild Strike+1","Thunderclap+1"],"picked":"Rampage+1","floor":30}],"player_experience":187889,"relics_obtained":[{"floor":6,"key":"Red Skull"},{"floor":8,"key":"Tiny Chest"},{"floor":9,"key":"War Paint"},{"floor":23,"key":"Bag of Preparation"},{"floor":26,"key":"Ginger"},{"floor":28,"key":"Pocketwatch"},{"floor":29,"key":"Pear"}],"event_choices":[{"damage_healed":0,"gold_gain":175,"player_choice":"AGREE","damage_taken":0,"max_hp_gain":0,"max_hp_loss":0,"event_name":"Liars Game","floor":2,"gold_loss":0,"cards_obtained":["Doubt"]},{"damage_healed":0,"gold_gain":100,"player_choice":"Pray","damage_taken":0,"max_hp_gain":0,"max_hp_loss":0,"event_name":"Golden Shrine","floor":4,"gold_loss":0},{"damage_healed":0,"gold_gain":0,"player_choice":"Entered Light","damage_taken":16,"max_hp_gain":0,"max_hp_loss":0,"event_name":"Shining Light","floor":14,"gold_loss":0,"cards_upgraded":["Flex","Strike_R"]},{"damage_healed":0,"gold_gain":0,"player_choice":"Upgraded","damage_taken":0,"max_hp_gain":0,"max_hp_loss":0,"event_name":"Upgrade Shrine","floor":19,"gold_loss":0,"cards_upgraded":["Shrug It Off"]},{"damage_healed":0,"gold_gain":0,"player_choice":"Opened","damage_taken":0,"relics_obtained":["Oddly Smooth Stone"],"max_hp_gain":0,"max_hp_loss":0,"event_name":"The Mausoleum","floor":22,"gold_loss":0},{"damage_healed":0,"gold_gain":0,"player_choice":"Read","damage_taken":0,"max_hp_gain":0,"max_hp_loss":0,"event_name":"The Library","floor":24,"gold_loss":0,"cards_obtained":["Inflame"]},{"damage_healed":0,"gold_gain":0,"player_choice":"Fight","damage_taken":0,"max_hp_gain":0,"max_hp_loss":0,"event_name":"Colosseum","floor":25,"gold_loss":0},{"damage_healed":0,"gold_gain":0,"player_choice":"Fled From Nobs","damage_taken":0,"max_hp_gain":0,"max_hp_loss":0,"event_name":"Colosseum","floor":25,"gold_loss":0}],"is_beta":false,"boss_relics":[{"not_picked":["Lizard Tail","Runic Dome"],"picked":"Philosopher\u0027s Stone"}],"items_purged_floors":[3,12,31],"is_endless":false,"potions_floor_spawned":[16,18,30],"killed_by":"Collector","ascension_level":4}