{"gold_per_floor":[119,119,137,151,165,190,190,218,243,243,243,257,271,289,289,367,367,382,382,394,406,406,435,435,461,461,461,490,507,507,542,542,618,618,633,633,647,647,666,666,711,711,736,736,31,59,59,73,73,73],"floor_reached":51,"playtime":2671,"items_purged":["Writhe"],"score":1407,"play_id":"f62b4b97-eec4-4f3e-a2ad-a0af5d2fbb6e","local_time":"20190331033057","is_ascension_mode":true,"campfire_choices":[{"data":"Clothesline","floor":7.0,"key":"SMITH"},{"floor":10.0,"key":"REST"},{"data":"Flex","floor":15.0,"key":"SMITH"},{"floor":24.0,"key":"REST"},{"floor":30.0,"key":"REST"},{"floor":32.0,"key":"REST"},{"data":"Iron Wave","floor":40.0,"key":"SMITH"},{"data":"Immolate","floor":42.0,"key":"SMITH"},{"data":"Pommel Strike","floor":44.0,"key":"SMITH"},{"data":"Iron Wave","floor":47.0,"key":"SMITH"},{"floor":49.0,"key":"REST"}],"neow_cost":"NONE","seed_source_timestamp":126868921819859,"circlet_count":0,"master_deck":["AscendersBane","Strike_R","Strike_R","Strike_R","Strike_R","Strike_R","Defend_R","Defend_R","Defend_R","Defend_R","Bash+1","Clothesline+1","Headbutt","Flex+1","Headbutt","Offering+1","Flame Barrier+1","Offering+1","Flex+1","Ghostly Armor+1","True Grit+1","Exhume+1","Pommel Strike+1","Shrug It Off+1","RitualDagger","Iron Wave+1","Immolate+1","True Grit+1","Thinking Ahead+1","Master of Strategy+1","Master of Strategy+1","Shrug It Off+1","Anger+1","Rupture+1","Armaments+1","Blind+1","Iron Wave+1"],"special_seed":0,"relics":["Burning Blood","Toxic Egg 2","Blood Vial","Pen Nib","Sozu","Nilry\u0027s Codex","Regal Pillow","Mercury Hourglass","Ornamental Fan","Blue Candle","Anchor","Charon\u0027s Ashes","Philosopher\u0027s Stone","StoneCalendar","Vajra","Shuriken","Sling","Bottled Tornado"],"potions_floor_usage":[50,50],"damage_taken":[{"damage":0.0,"enemies":"2 Louse","floor":1.0,"turns":4.0},{"damage":6.0,"enemies":"Cultist","floor":3.0,"turns":3.0},{"damage":4.0,"enemies":"Jaw Worm","floor":4.0,"turns":3.0},{"damage":10.0,"enemies":"Red Slaver","floor":5.0,"turns":3.0},{"damage":18.0,"enemies":"Lagavulin","floor":6.0,"turns":8.0},{"damage":22.0,"enemies":"3 Sentries","floor":8.0,"turns":7.0},{"damage":0.0,"enemies":"2 Fungi Beasts","floor":12.0,"turns":4.0},{"damage":0.0,"enemies":"Large Slime","floor":13.0,"turns":3.0},{"damage":1.0,"enemies":"Looter","floor":14.0,"turns":4.0},{"damage":50.0,"enemies":"Hexaghost","floor":16.0,"turns":9.0},{"damage":13.0,"enemies":"3 Byrds","floor":18.0,"turns":5.0},{"damage":6.0,"enemies":"Shell Parasite","floor":20.0,"turns":4.0},{"damage":6.0,"enemies":"Snecko","floor":21.0,"turns":3.0},{"damage":16.0,"enemies":"Book of Stabbing","floor":23.0,"turns":4.0},{"damage":40.0,"enemies":"Gremlin Leader","floor":25.0,"turns":6.0},{"damage":27.0,"enemies":"Book of Stabbing","floor":28.0,"turns":4.0},{"damage":10.0,"enemies":"Centurion and Healer","floor":29.0,"turns":4.0},{"damage":42.0,"enemies":"Gremlin Leader","floor":31.0,"turns":5.0},{"damage":43.0,"enemies":"Collector","floor":33.0,"turns":5.0},{"damage":7.0,"enemies":"3 Shapes","floor":35.0,"turns":2.0},{"damage":11.0,"enemies":"3 Darklings","floor":37.0,"turns":3.0},{"damage":7.0,"enemies":"4 Shapes","floor":39.0,"turns":3.0},{"damage":7.0,"enemies":"2 Orb Walkers","floor":41.0,"turns":3.0},{"damage":12.0,"enemies":"Nemesis","floor":46.0,"turns":1.0},{"damage":12.0,"enemies":"Sphere and 2 Shapes","floor":48.0,"turns":2.0},{"damage":20,"enemies":"Donu and Deca","floor":50,"turns":5}],"seed_played":"-6801354010718950386","potions_obtained":[{"floor":2.0,"key":"PowerPotion"},{"floor":2.0,"key":"SkillPotion"},{"floor":4.0,"key":"Dexterity Potion"},{"floor":8.0,"key":"Regen Potion"},{"floor":12.0,"key":"SteroidPotion"},{"floor":13.0,"key":"Dexterity Potion"}],"is_trial":false,"path_per_floor":["M","?","M","M","M","E","R","E","T","R","?","M","M","M","R","B",null,"M","?","M","M","?","E","R","E","T","?","E","M","R","E","R","B",null,"M","?","M","?","M","R","?","R","T","R","$","E","R","M","R","B",null],"character_chosen":"IRONCLAD","items_purchased":["Armaments+1","Shuriken","Blind+1","Sling"],"campfire_rested":5,"item_purchase_floors":[45,45,45,45],"current_hp_per_floor":[74,74,74,75,71,59,59,43,43,65,65,73,75,75,75,31,64,59,38,40,42,36,28,65,33,33,33,14,12,49,15,52,17,61,62,52,49,49,50,50,51,51,51,51,51,47,47,43,75,70],"gold":73,"neow_bonus":"UPGRADE_CARD","is_prod":false,"is_daily":false,"chose_seed":false,"campfire_upgraded":6,"win_rate":0,"timestamp":1554028257,"path_taken":["M","?","M","?","M","E","R","E","T","R","?","M","M","?","R","BOSS","M","?","M","M","?","E","R","E","T","?","E","M","R","E","R","BOSS","M","?","M","?","M","R","?","R","T","R","$","E","R","M","R","BOSS"],"build_version":"2019-01-23","purchased_purges":1,"victory":true,"max_hp_per_floor":[75,75,75,75,75,75,75,75,75,75,75,75,75,75,75,75,75,75,75,75,75,75,75,75,75,75,75,75,75,75,75,75,75,75,75,75,75,75,75,75,75,75,75,75,75,75,75,75,75,75],"card_choices":[{"not_picked":["Thunderclap","Cleave"],"picked":"Clothesline","floor":1.0},{"not_picked":["Armaments","Clash"],"picked":"Headbutt","floor":3.0},{"not_picked":["Seeing Red","Evolve"],"picked":"Flex","floor":4.0},{"not_picked":["Flex","Seeing Red"],"picked":"Headbutt","floor":5.0},{"not_picked":["Rage","Ghostly Armor"],"picked":"Offering","floor":6.0},{"not_picked":["Body Slam","Clothesline"],"picked":"Flame Barrier+1","floor":8.0},{"not_picked":["Warcry+1","Feel No Pain"],"picked":"Flex+1","floor":12.0},{"not_picked":["Thunderclap","Rupture"],"picked":"Ghostly Armor+1","floor":13.0},{"not_picked":["Anger","Heavy Blade"],"picked":"True Grit+1","floor":14.0},{"not_picked":["Barricade","Feed"],"picked":"Exhume+1","floor":16.0},{"not_picked":["Perfected Strike","Dual Wield+1"],"picked":"Pommel Strike","floor":18.0},{"not_picked":["Anger","Sentinel+1"],"picked":"Shrug It Off+1","floor":20.0},{"not_picked":["Twin Strike","Searing Blow","Thunderclap+1"],"picked":"SKIP","floor":21.0},{"not_picked":["Flex+1","Sword Boomerang","Thunderclap"],"picked":"SKIP","floor":23.0},{"not_picked":["Bludgeon","Wild Strike","Thunderclap"],"picked":"SKIP","floor":25.0},{"not_picked":["Sever Soul","Searing Blow+1","Wild Strike"],"picked":"SKIP","floor":28.0},{"not_picked":["Pommel Strike","Dropkick+1"],"picked":"Iron Wave","floor":29.0},{"not_picked":["Clash","Combust"],"picked":"Immolate","floor":31.0},{"not_picked":["Barricade","Brutality"],"picked":"Demon Form","floor":33.0},{"not_picked":["Thunderclap+1","Perfected Strike"],"picked":"True Grit+1","floor":35.0},{"not_picked":["Mayhem","Purity+1"],"picked":"Thinking Ahead+1","floor":36.0},{"not_picked":["HandOfGreed","Swift Strike"],"picked":"Master of Strategy+1","floor":36.0},{"not_picked":["Panache","Discovery+1"],"picked":"Master of Strategy+1","floor":36.0},{"not_picked":["Shockwave+1","Warcry+1"],"picked":"Shrug It Off+1","floor":37.0},{"not_picked":["Flex+1","Twin Strike"],"picked":"Anger+1","floor":39.0},{"not_picked":["Perfected Strike","Warcry+1"],"picked":"Rupture+1","floor":41.0},{"not_picked":["Clothesline","Bludgeon"],"picked":"Iron Wave","floor":46.0},{"not_picked":["Armaments+1","Evolve","Second Wind+1"],"picked":"SKIP","floor":48.0}],"player_experience":676195,"relics_obtained":[{"floor":6.0,"key":"Toxic Egg 2"},{"floor":8.0,"key":"Blood Vial"},{"floor":9.0,"key":"Pen Nib"},{"floor":19.0,"key":"Nilry\u0027s Codex"},{"floor":23.0,"key":"Regal Pillow"},{"floor":25.0,"key":"Mercury Hourglass"},{"floor":26.0,"key":"Ornamental Fan"},{"floor":28.0,"key":"Anchor"},{"floor":31.0,"key":"Charon\u0027s Ashes"},{"floor":41.0,"key":"StoneCalendar"},{"floor":43.0,"key":"Vajra"},{"floor":46.0,"key":"Bottled Tornado"}],"event_choices":[{"damage_healed":0.0,"max_hp_gain":0.0,"max_hp_loss":0.0,"gold_gain":0.0,"event_name":"Lab","player_choice":"Got Potions","floor":2.0,"gold_loss":0.0,"damage_taken":0.0},{"damage_healed":0.0,"max_hp_gain":0.0,"max_hp_loss":0.0,"gold_gain":0.0,"event_name":"Match and Keep!","player_choice":"1 cards matched","floor":11.0,"gold_loss":0.0,"damage_taken":0.0,"cards_obtained":["Offering"]},{"damage_healed":0.0,"max_hp_gain":0.0,"max_hp_loss":0.0,"gold_gain":0.0,"event_name":"Cursed Tome","player_choice":"Obtained Book","floor":19.0,"gold_loss":0.0,"damage_taken":21.0},{"damage_healed":0.0,"max_hp_gain":0.0,"max_hp_loss":0.0,"gold_gain":0.0,"event_name":"Nest","player_choice":"Joined the Cult","floor":22.0,"gold_loss":0.0,"damage_taken":6.0,"cards_obtained":["RitualDagger"]},{"damage_healed":0.0,"max_hp_gain":0.0,"max_hp_loss":0.0,"gold_gain":0.0,"event_name":"The Mausoleum","player_choice":"Opened","floor":27.0,"gold_loss":0.0,"damage_taken":0.0,"relics_obtained":["Blue Candle"],"cards_obtained":["Writhe"]},{"damage_healed":0.0,"max_hp_gain":0.0,"max_hp_loss":0.0,"gold_gain":0.0,"event_name":"SensoryStone","player_choice":"Memory 3","floor":36.0,"gold_loss":0.0,"damage_taken":10.0},{"cards_removed":["Demon Form"],"damage_healed":0.0,"max_hp_gain":0.0,"max_hp_loss":0.0,"gold_gain":0.0,"event_name":"Falling","player_choice":"Removed Power","floor":38.0,"gold_loss":0.0,"damage_taken":0.0},{"damage_healed":0.0,"max_hp_gain":0.0,"max_hp_loss":0.0,"gold_gain":0.0,"event_name":"Mysterious Sphere","player_choice":"Fight","floor":41.0,"gold_loss":0.0,"damage_taken":0.0}],"is_beta":false,"boss_relics":[{"not_picked":["White Beast Statue","Black Blood"],"picked":"Sozu"},{"not_picked":["Runic Cube","Astrolabe"],"picked":"Philosopher\u0027s Stone"}],"items_purged_floors":[45],"is_endless":false,"potions_floor_spawned":[4,8,12,13,14,16,20,21,25,29,37,46],"ascension_level":16}