{"gold_per_floor":[114,39,54,64,139,171,171,201,201,201,201,225,225,266,266,389,389,402,425,449,374,424,424,443,443,443,483,483,521,539,564,564,695,695,720,720,741,64,64,64],"floor_reached":40,"playtime":2214,"items_purged":["Strike_G","Defend_G"],"score":635,"play_id":"0f0db636-53f1-4578-88e8-e1b8f30e62b3","local_time":"20190419174550","is_ascension_mode":true,"campfire_choices":[{"floor":7.0,"key":"REST"},{"floor":10.0,"key":"REST"},{"floor":15.0,"key":"REST"},{"floor":23.0,"key":"REST"},{"floor":25,"key":"REST"},{"floor":28,"key":"REST"},{"floor":32,"key":"REST"}],"neow_cost":"NONE","seed_source_timestamp":26779483464310,"circlet_count":0,"master_deck":["Defend_G","Survivor","Neutralize","Concentrate+1","Deadly Poison","Corpse Explosion","Prepared","PiercingWail","Flying Knee","Burst","Backflip","Noxious Fumes+1","PiercingWail","Backflip+1","Backflip+1","Reflex","Footwork+1","Die Die Die","Riddle With Holes+1","Infinite Blades+1","Outmaneuver+1","Well Laid Plans+1","Backflip+1","Acrobatics","Escape Plan","Madness","Madness"],"special_seed":0,"relics":["Ring of the Snake","Bag of Marbles","Boot","The Specimen","Frozen Egg 2","Golden Idol","Bronze Scales","Empty Cage","Snake Skull","Omamori","Vajra","Astrolabe","Regal Pillow","Tough Bandages"],"potions_floor_usage":[27],"damage_taken":[{"damage":4.0,"enemies":"Small Slimes","floor":1.0,"turns":4.0},{"damage":0.0,"enemies":"2 Louse","floor":3.0,"turns":4.0},{"damage":0.0,"enemies":"Cultist","floor":4.0,"turns":4.0},{"damage":31.0,"enemies":"Gremlin Nob","floor":6.0,"turns":6.0},{"damage":37.0,"enemies":"Lagavulin","floor":8.0,"turns":6.0},{"damage":0.0,"enemies":"Blue Slaver","floor":12.0,"turns":4.0},{"damage":8.0,"enemies":"3 Sentries","floor":14.0,"turns":4.0},{"damage":14.0,"enemies":"The Guardian","floor":16.0,"turns":12.0},{"damage":20.0,"enemies":"Chosen","floor":18.0,"turns":5.0},{"damage":1.0,"enemies":"3 Byrds","floor":19.0,"turns":2.0},{"damage":14.0,"enemies":"Snake Plant","floor":20.0,"turns":4.0},{"damage":23,"enemies":"Centurion and Healer","floor":24,"turns":6},{"damage":15,"enemies":"Gremlin Leader","floor":27,"turns":6},{"damage":17,"enemies":"Slavers","floor":29,"turns":3},{"damage":2,"enemies":"Snecko","floor":30,"turns":6},{"damage":0,"enemies":"Chosen and Byrds","floor":31,"turns":4},{"damage":16,"enemies":"Automaton","floor":33,"turns":8},{"damage":4,"enemies":"3 Shapes","floor":35,"turns":5},{"damage":5,"enemies":"3 Darklings","floor":37,"turns":3},{"damage":39,"enemies":"Reptomancer","floor":40,"turns":4}],"seed_played":"-1465905562335502532","potions_obtained":[{"floor":3.0,"key":"Strength Potion"},{"floor":4.0,"key":"Weak Potion"},{"floor":8.0,"key":"AttackPotion"},{"floor":18.0,"key":"Weak Potion"},{"floor":19.0,"key":"SneckoOil"},{"floor":29,"key":"FearPotion"},{"floor":35,"key":"EssenceOfSteel"},{"floor":37,"key":"GhostInAJar"}],"is_trial":false,"path_per_floor":["M","$","M","M","?","E","R","E","T","R","?","M","?","E","R","B",null,"M","M","M","?","?","R","M","R","T","E","R","E","M","M","R","B",null,"M","?","M","$","?","E"],"character_chosen":"THE_SILENT","items_purchased":["Regal Pillow","Acrobatics","Tough Bandages","Dexterity Potion","Escape Plan"],"campfire_rested":7,"item_purchase_floors":[38,38,38,38,38],"current_hp_per_floor":[59,59,59,59,48,17,38,1,1,22,22,22,22,14,33,19,54,34,33,19,19,19,38,15,34,34,19,38,21,19,19,38,22,54,50,50,45,45,37,0],"gold":64,"neow_bonus":"RANDOM_COMMON_RELIC","is_prod":false,"is_daily":false,"chose_seed":false,"campfire_upgraded":0,"win_rate":0,"timestamp":1555663550,"path_taken":["M","$","M","M","?","E","R","E","T","R","?","M","?","E","R","BOSS","M","M","?","?","?","R","M","R","T","E","R","E","?","?","R","BOSS","M","?","?","$","?","E"],"build_version":"2019-01-23","purchased_purges":2,"victory":false,"max_hp_per_floor":[70,70,70,70,70,70,70,70,70,70,65,65,65,65,65,65,65,65,65,65,65,65,65,65,65,65,65,65,65,65,65,65,65,65,65,65,65,65,65,65],"card_choices":[{"not_picked":["Underhanded Strike","Sucker Punch","Quick Slash"],"picked":"SKIP","floor":1.0},{"not_picked":["Deflect","Expertise"],"picked":"Concentrate","floor":3.0},{"not_picked":["Blade Dance","Masterful Stab"],"picked":"Deadly Poison","floor":4.0},{"not_picked":["PiercingWail","Flying Knee"],"picked":"Corpse Explosion","floor":6.0},{"not_picked":["Dagger Throw","Accuracy"],"picked":"Prepared","floor":8.0},{"not_picked":["Dodge and Roll","Endless Agony"],"picked":"PiercingWail","floor":12.0},{"not_picked":["Deflect","Poisoned Stab"],"picked":"Flying Knee","floor":14.0},{"not_picked":["Envenom+1","Bullet Time"],"picked":"Burst","floor":16.0},{"not_picked":["Dagger Spray","Cloak And Dagger"],"picked":"Backflip","floor":18.0},{"not_picked":["Finisher","Underhanded Strike"],"picked":"Noxious Fumes+1","floor":19.0},{"not_picked":["Deflect","Riddle With Holes"],"picked":"PiercingWail","floor":20.0},{"not_picked":["Masterful Stab+1","Eviscerate","PiercingWail"],"picked":"SKIP","floor":24},{"not_picked":["Bullet Time","Underhanded Strike"],"picked":"Backflip+1","floor":27},{"not_picked":["Outmaneuver","Wraith Form v2+1"],"picked":"Backflip+1","floor":29},{"not_picked":["Deadly Poison","Blade Dance"],"picked":"Reflex","floor":30},{"not_picked":["Blade Dance","PiercingWail"],"picked":"Footwork+1","floor":31},{"not_picked":["Storm of Steel","Corpse Explosion"],"picked":"Die Die Die","floor":33},{"not_picked":["Backflip+1","Deadly Poison+1"],"picked":"Well Laid Plans+1","floor":35},{"not_picked":["Slice+1","Poisoned Stab+1"],"picked":"Backflip+1","floor":37}],"player_experience":640871,"relics_obtained":[{"floor":6.0,"key":"Boot"},{"floor":8.0,"key":"The Specimen"},{"floor":9.0,"key":"Frozen Egg 2"},{"floor":14.0,"key":"Bronze Scales"},{"floor":26,"key":"Snake Skull"},{"floor":27,"key":"Omamori"},{"floor":29,"key":"Vajra"}],"event_choices":[{"damage_healed":0.0,"max_hp_gain":0.0,"max_hp_loss":0.0,"gold_gain":75.0,"event_name":"World of Goop","player_choice":"Gather Gold","floor":5.0,"gold_loss":0.0,"damage_taken":11.0},{"damage_healed":0.0,"max_hp_gain":0.0,"max_hp_loss":5.0,"gold_gain":0.0,"event_name":"Golden Idol","player_choice":"Lose Max HP","floor":11.0,"gold_loss":0.0,"damage_taken":0.0,"relics_obtained":["Golden Idol"]},{"cards_removed":["Strike_G"],"damage_healed":0.0,"max_hp_gain":0.0,"max_hp_loss":0.0,"gold_gain":0.0,"event_name":"Bonfire Elementals","player_choice":"Offered Basic","floor":13.0,"gold_loss":0.0,"damage_taken":0.0},{"cards_removed":["Strike_G"],"damage_healed":0.0,"max_hp_gain":0.0,"max_hp_loss":0.0,"gold_gain":0.0,"event_name":"Beggar","player_choice":"Gave Gold","floor":21.0,"gold_loss":75.0,"damage_taken":0.0},{"damage_healed":0.0,"max_hp_gain":0.0,"max_hp_loss":0.0,"gold_gain":100.0,"event_name":"The Joust","player_choice":"Bet on Murderer","floor":22.0,"gold_loss":50.0,"damage_taken":0.0},{"damage_healed":0,"gold_gain":0,"player_choice":"Upgraded","damage_taken":0,"max_hp_gain":0,"max_hp_loss":0,"event_name":"Upgrade Shrine","floor":36,"gold_loss":0,"cards_upgraded":["Concentrate"]},{"damage_healed":0,"gold_gain":0,"player_choice":"Embrace Madness","damage_taken":8,"max_hp_gain":0,"max_hp_loss":0,"event_name":"Winding Halls","floor":39,"gold_loss":0,"cards_obtained":["Madness","Madness"]}],"is_beta":false,"boss_relics":[{"not_picked":["WristBlade","White Beast Statue"],"picked":"Empty Cage"},{"not_picked":["Fusion Hammer","Tiny House"],"picked":"Astrolabe"}],"items_purged_floors":[2,38],"is_endless":false,"potions_floor_spawned":[3,4,8,18,19,29,35,37],"killed_by":"Reptomancer","ascension_level":6}