{"gold_per_floor":[11,11,21,21,39,70,82,108,120,146,158,199,211,239,251,361,373,401,513,539,566,578,590,613,625,637,122,122,154,154,167,167,167],"floor_reached":33,"playtime":2139,"items_purged":["Defend_R"],"score":382,"play_id":"b6e798fb-1f6d-4cfe-a60d-62eff0bdd8f9","local_time":"20190410220503","is_ascension_mode":true,"campfire_choices":[{"floor":7.0,"key":"REST"},{"floor":13.0,"key":"REST"},{"floor":15.0,"key":"REST"},{"floor":23,"key":"REST"},{"floor":25,"key":"REST"},{"floor":32,"key":"REST"}],"neow_cost":"NO_GOLD","seed_source_timestamp":0,"circlet_count":0,"master_deck":["Strike_R","Strike_R","Strike_R","Strike_R","Defend_R","Defend_R","Defend_R","Bash","Headbutt","Headbutt","Clothesline","Battle Trance","Shrug It Off","Double Tap","Heavy Blade","Berserk","Thunderclap","Headbutt+1","Enlightenment","Seeing Red","Warcry"],"special_seed":0,"relics":["Black Blood","FaceOfCleric","MawBank","Red Skull","Meat on the Bone","Gambling Chip","Paper Frog","Bottled Flame","Enchiridion","Lantern"],"potions_floor_usage":[18,21,21,24,24,29,33,33],"damage_taken":[{"damage":7.0,"enemies":"Jaw Worm","floor":1.0,"turns":3.0},{"damage":6.0,"enemies":"Cultist","floor":3.0,"turns":3.0},{"damage":6.0,"enemies":"2 Louse","floor":5.0,"turns":2.0},{"damage":45.0,"enemies":"Lagavulin","floor":6.0,"turns":6.0},{"damage":29.0,"enemies":"Exordium Thugs","floor":8.0,"turns":6.0},{"damage":14.0,"enemies":"Red Slaver","floor":10.0,"turns":5.0},{"damage":32.0,"enemies":"3 Sentries","floor":12.0,"turns":7.0},{"damage":28.0,"enemies":"Lots of Slimes","floor":14.0,"turns":4.0},{"damage":76.0,"enemies":"Hexaghost","floor":16.0,"turns":9.0},{"damage":41,"enemies":"2 Thieves","floor":18,"turns":4},{"damage":36,"enemies":"Spheric Guardian","floor":20,"turns":5},{"damage":54,"enemies":"3 Cultists","floor":21,"turns":5},{"damage":45,"enemies":"Sentry and Sphere","floor":24,"turns":6},{"damage":7,"enemies":"Gremlin Leader","floor":29,"turns":6},{"damage":24,"enemies":"Colosseum Slavers","floor":30,"turns":3},{"damage":24,"enemies":"Chosen and Byrds","floor":31,"turns":4},{"damage":112,"enemies":"Automaton","floor":33,"turns":10}],"seed_played":"-993137468590629238","potions_obtained":[{"floor":3.0,"key":"GamblersBrew"},{"floor":6.0,"key":"Energy Potion"},{"floor":14.0,"key":"GamblersBrew"},{"floor":20,"key":"SteroidPotion"},{"floor":21,"key":"Weak Potion"},{"floor":29,"key":"SpeedPotion"}],"is_trial":false,"path_per_floor":["M","?","M","?","M","E","R","M","T","M","$","E","R","M","R","B",null,"M","?","M","M","T","R","M","R","T","$","?","E","?","M","R","B"],"character_chosen":"IRONCLAD","items_purchased":["Bottled Flame","Fire Potion","Fire Potion","Enlightenment"],"campfire_rested":6,"item_purchase_floors":[27,27,27,27],"current_hp_per_floor":[95,95,96,96,97,59,88,66,66,59,59,34,64,55,85,28,104,74,74,61,30,30,62,40,72,72,72,56,72,71,70,103,0],"gold":167,"neow_bonus":"TWENTY_PERCENT_HP_BONUS","is_prod":false,"is_daily":false,"chose_seed":false,"campfire_upgraded":0,"win_rate":0,"timestamp":1554948303,"path_taken":["M","?","?","?","M","E","R","M","T","M","?","E","R","M","R","BOSS","M","?","M","?","?","R","?","R","T","$","?","E","?","M","R","BOSS"],"build_version":"2019-01-23","purchased_purges":1,"victory":false,"max_hp_per_floor":[96,96,97,97,98,99,99,100,100,101,101,102,102,103,103,104,104,105,105,106,107,107,107,108,108,108,108,108,109,110,111,111,111],"card_choices":[{"not_picked":["Body Slam","Anger"],"picked":"Headbutt","floor":1.0},{"not_picked":["Fire Breathing","Entrench"],"picked":"Headbutt","floor":3.0},{"not_picked":["Combust","Body Slam"],"picked":"Clothesline","floor":5.0},{"not_picked":["Sever Soul","Clash"],"picked":"Battle Trance","floor":6.0},{"not_picked":["Wild Strike","Corruption"],"picked":"Shrug It Off","floor":8.0},{"not_picked":["Dropkick","Reckless Charge","Sentinel"],"picked":"SKIP","floor":10.0},{"not_picked":["Havoc","Warcry"],"picked":"Double Tap","floor":12.0},{"not_picked":["Havoc","Clash"],"picked":"Heavy Blade","floor":14.0},{"not_picked":["Brutality","Impervious"],"picked":"Berserk","floor":16.0},{"not_picked":["Warcry","Sword Boomerang","True Grit"],"picked":"SKIP","floor":18},{"not_picked":["Carnage","Sword Boomerang"],"picked":"Thunderclap","floor":20},{"not_picked":["Heavy Blade","Whirlwind","Bloodletting"],"picked":"SKIP","floor":21},{"not_picked":["Heavy Blade","Clothesline+1"],"picked":"Headbutt+1","floor":24},{"not_picked":["Shrug It Off","Whirlwind"],"picked":"Seeing Red","floor":29},{"not_picked":["Thunderclap","Wild Strike"],"picked":"Warcry","floor":31}],"player_experience":192398,"relics_obtained":[{"floor":6.0,"key":"MawBank"},{"floor":9.0,"key":"Red Skull"},{"floor":12.0,"key":"Meat on the Bone"},{"floor":22,"key":"Gambling Chip"},{"floor":26,"key":"Paper Frog"},{"floor":28,"key":"Enchiridion"},{"floor":29,"key":"Lantern"}],"event_choices":[{"damage_healed":0.0,"max_hp_gain":0.0,"max_hp_loss":0.0,"gold_gain":0.0,"event_name":"FaceTrader","player_choice":"Trade","floor":2.0,"gold_loss":0.0,"damage_taken":0.0,"relics_obtained":["FaceOfCleric"]},{"cards_removed":["Strike_R"],"damage_healed":0.0,"max_hp_gain":0.0,"max_hp_loss":0.0,"gold_gain":0.0,"event_name":"Purifier","player_choice":"Purged","floor":4.0,"gold_loss":0.0,"damage_taken":0.0},{"damage_healed":0,"gold_gain":100,"player_choice":"Pray","damage_taken":0,"max_hp_gain":0,"max_hp_loss":0,"event_name":"Golden Shrine","floor":19,"gold_loss":0},{"damage_healed":0,"gold_gain":0,"player_choice":"Obtained Book","damage_taken":16,"max_hp_gain":0,"max_hp_loss":0,"event_name":"Cursed Tome","floor":28,"gold_loss":0},{"damage_healed":0,"gold_gain":0,"player_choice":"Fight","damage_taken":0,"max_hp_gain":0,"max_hp_loss":0,"event_name":"Colosseum","floor":30,"gold_loss":0},{"damage_healed":0,"gold_gain":0,"player_choice":"Fled From Nobs","damage_taken":0,"max_hp_gain":0,"max_hp_loss":0,"event_name":"Colosseum","floor":30,"gold_loss":0}],"is_beta":false,"boss_relics":[{"not_picked":["Runic Dome","Tiny House"],"picked":"Black Blood"}],"items_purged_floors":[27],"is_endless":false,"potions_floor_spawned":[3,6,14,20,21,29,30],"killed_by":"Automaton","ascension_level":4}