{"gold_per_floor":[109,109,109,109,40,81,81,105,129,129,170,188,11,11,11,131,131,150,173,173,173,194,194,194,49,76,90,190,190,208,219,219,324,324,339,18,0,53,70,70,70,70,143,143,58,85,85,85,85,85],"floor_reached":50,"playtime":2348,"items_purged":["Sunder"],"score":553,"play_id":"8e0d6f03-fec7-4382-a991-c642e913020f","local_time":"20181007223432","is_ascension_mode":true,"campfire_choices":[{"data":"Capacitor","floor":7,"key":"SMITH"},{"data":"Storm","floor":10,"key":"SMITH"},{"floor":15,"key":"REST"},{"floor":23,"key":"REST"},{"floor":29,"key":"REST"},{"floor":32,"key":"REST"},{"floor":40,"key":"REST"},{"floor":42,"key":"REST"},{"floor":49,"key":"REST"}],"neow_cost":"NONE","seed_source_timestamp":271531875392747,"circlet_count":0,"master_deck":["Strike_B+1","Strike_B+1","Strike_B+1","Defend_B+1","Defend_B+1","Defend_B+1","Defend_B+1","Zap","Dualcast","Melter","Capacitor+1","Storm+1","Steam","Rainbow","Self Repair","Electrodynamics","Chaos+1","Blizzard","Doom and Gloom","Defragment","White Noise","Go for the Eyes","Machine Learning","Echo Form","Steam+1","Capacitor+1","Coolheaded","Writhe","Stack","Capacitor+1","Impatience"],"relics":["FrozenCore","NeowsBlessing","Bloody Idol","MawBank","Kunai","Potion Belt","Juzu Bracelet","MutagenicStrength","Pen Nib","Philosopher\u0027s Stone","Mummified Hand","Red Mask","Prayer Wheel","Mercury Hourglass","Frozen Egg 2"],"potions_floor_usage":[13,16,30,30,33,41,41,46,46,50],"damage_taken":[{"damage":0,"enemies":"2 Louse","floor":1,"turns":1},{"damage":0,"enemies":"3 Sentries","floor":6,"turns":1},{"damage":0,"enemies":"Small Slimes","floor":8,"turns":1},{"damage":18,"enemies":"Lagavulin","floor":11,"turns":6},{"damage":1,"enemies":"Jaw Worm","floor":12,"turns":4},{"damage":62,"enemies":"Hexaghost","floor":16,"turns":12},{"damage":29,"enemies":"2 Thieves","floor":18,"turns":4},{"damage":27,"enemies":"3 Byrds","floor":19,"turns":4},{"damage":32,"enemies":"Snake Plant","floor":22,"turns":5},{"damage":6,"enemies":"Sentry and Sphere","floor":27,"turns":3},{"damage":9,"enemies":"Chosen and Byrds","floor":30,"turns":4},{"damage":19,"enemies":"Snake Plant","floor":31,"turns":4},{"damage":61,"enemies":"Champ","floor":33,"turns":9},{"damage":48,"enemies":"3 Darklings","floor":35,"turns":3},{"damage":28,"enemies":"Mysterious Sphere","floor":38,"turns":3},{"damage":0,"enemies":"Orb Walker","floor":39,"turns":3},{"damage":45,"enemies":"Nemesis","floor":41,"turns":5},{"damage":61,"enemies":"2 Orb Walkers","floor":46,"turns":5},{"damage":72,"enemies":"Time Eater","floor":50,"turns":10}],"seed_played":"-8846590534486700882","potions_obtained":[{"floor":6,"key":"SteroidPotion"},{"floor":11,"key":"Swift Potion"},{"floor":16,"key":"Explosive Potion"},{"floor":18,"key":"Swift Potion"},{"floor":22,"key":"SkillPotion"},{"floor":27,"key":"SteroidPotion"},{"floor":33,"key":"SmokeBomb"},{"floor":38,"key":"Ancient Potion"},{"floor":46,"key":"Ancient Potion"}],"is_trial":false,"path_per_floor":["M","?","?","?","$","E","R","M","T","R","E","M","$","$","R","B",null,"M","M","?","?","M","R","?","$","T","M","?","R","M","M","R","B",null,"M","$","?","?","M","R","E","R","T","?","$","E","?","?","R"],"character_chosen":"DEFECT","items_purchased":["Capacitor","Self Repair","Fruit Juice","Defragment","White Noise","Mummified Hand","Lockon","Stack"],"campfire_rested":7,"item_purchase_floors":[5,13,13,25,25,36,45,45],"current_hp_per_floor":[75,57,57,54,54,54,54,54,54,54,36,35,40,40,64,9,80,58,38,38,38,13,37,37,37,42,41,46,70,73,59,80,31,80,44,44,44,28,40,64,33,57,62,80,80,31,31,31,55,0],"gold":85,"neow_bonus":"THREE_ENEMY_KILL","is_prod":false,"is_daily":false,"chose_seed":false,"campfire_upgraded":2,"win_rate":0,"timestamp":1538966072,"path_taken":["M","?","?","?","?","E","R","M","T","R","E","M","?","$","R","BOSS","M","M","?","?","M","R","?","$","T","M","?","R","M","M","R","BOSS","M","$","?","?","M","R","E","R","T","?","$","E","?","?","R","BOSS"],"build_version":"2018-10-04v2","purchased_purges":1,"victory":false,"max_hp_per_floor":[75,75,75,75,75,75,75,75,75,75,75,75,80,80,80,80,80,80,80,80,80,80,80,80,80,80,80,80,80,80,80,80,80,80,80,80,80,80,80,80,80,80,80,80,80,80,80,80,80,80],"card_choices":[{"not_picked":["Turbo","Scrape"],"picked":"Melter","floor":1},{"not_picked":["Barrage","Hologram"],"picked":"Storm","floor":6},{"not_picked":["Redo","Double Energy"],"picked":"Steam","floor":8},{"not_picked":["Capacitor","Heatsinks"],"picked":"Rainbow","floor":11},{"not_picked":["Compile Driver","Sweeping Beam"],"picked":"Sunder","floor":12},{"not_picked":["Multi-Cast","All For One"],"picked":"Electrodynamics","floor":16},{"not_picked":["FTL","Beam Cell"],"picked":"Chaos+1","floor":18},{"not_picked":["Go for the Eyes","Turbo"],"picked":"Blizzard","floor":19},{"not_picked":["Compile Driver","Cold Snap"],"picked":"Doom and Gloom","floor":22},{"not_picked":["Stack","Streamline"],"picked":"Go for the Eyes","floor":27},{"not_picked":["Turbo","Genetic Algorithm","Go for the Eyes"],"picked":"SKIP","floor":30},{"not_picked":["Sunder","Hologram"],"picked":"Machine Learning","floor":31},{"not_picked":["Meteor Strike","Seek"],"picked":"Echo Form","floor":33},{"not_picked":["Beam Cell+1","Turbo","Genetic Algorithm"],"picked":"SKIP","floor":35},{"not_picked":["Scrape","Compile Driver+1"],"picked":"Steam+1","floor":38},{"not_picked":["Hologram+1","Aggregate"],"picked":"Capacitor+1","floor":39},{"not_picked":["Hologram+1","Streamline+1"],"picked":"Coolheaded","floor":39},{"not_picked":["Compile Driver","Leap"],"picked":"Capacitor+1","floor":46},{"not_picked":["Blind","Jack Of All Trades"],"picked":"Impatience","floor":47}],"player_experience":110226,"relics_obtained":[{"floor":6,"key":"Kunai"},{"floor":9,"key":"Potion Belt"},{"floor":11,"key":"Juzu Bracelet"},{"floor":26,"key":"Pen Nib"},{"floor":38,"key":"Prayer Wheel"},{"floor":43,"key":"Mercury Hourglass"},{"floor":46,"key":"Frozen Egg 2"}],"event_choices":[{"event_name":"Golden Idol","player_choice":"Take Damage","floor":2,"damage_taken":0},{"event_name":"Living Wall","player_choice":"Forget","floor":3,"damage_taken":0},{"event_name":"Scrap Ooze","player_choice":"success","floor":4,"damage_taken":3},{"event_name":"Back to Basics","player_choice":"Simplicity","floor":20,"damage_taken":0},{"event_name":"Drug Dealer","player_choice":"Inject Mutagens","floor":21,"damage_taken":0},{"event_name":"Forgotten Altar","player_choice":"Gave Idol","floor":24,"damage_taken":0},{"event_name":"Golden Shrine","player_choice":"Pray","floor":28,"damage_taken":0},{"event_name":"Tomb of Lord Red Mask","player_choice":"Paid","floor":37,"damage_taken":0},{"event_name":"Mysterious Sphere","player_choice":"Fight","floor":38,"damage_taken":0},{"event_name":"Winding Halls","player_choice":"Writhe","floor":44,"damage_taken":0},{"event_name":"SensoryStone","player_choice":"Memory 1","floor":47,"damage_taken":0},{"event_name":"Falling","player_choice":"Removed Attack","floor":48,"damage_taken":0}],"is_beta":false,"boss_relics":[{"not_picked":["Cursed Key","Velvet Choker"],"picked":"FrozenCore"},{"not_picked":["Nuclear Battery","Tiny House"],"picked":"Philosopher\u0027s Stone"}],"items_purged_floors":[36],"is_endless":false,"potions_floor_spawned":[6,11,16,18,22,27,33,38,41,46],"killed_by":"Time Eater","ascension_level":1}