{"gold_per_floor":[109,129,129,143,168,168,236,236,236,236,260,283,283,302,302,432,432,453,453,469,469,469],"floor_reached":22,"playtime":1614,"items_purged":[],"score":214,"play_id":"95618ae3-f192-4adf-9586-ff29e5c97bd8","local_time":"20190419001823","is_ascension_mode":true,"campfire_choices":[{"data":"Havoc","floor":6,"key":"SMITH"},{"floor":13,"key":"REST"},{"floor":15,"key":"REST"}],"neow_cost":"NONE","seed_source_timestamp":401263976601633,"circlet_count":0,"master_deck":["Strike_R","Strike_R","Strike_R","Strike_R","Strike_R","Defend_R","Defend_R","Defend_R","Defend_R","Bash+1","Havoc+1","Shrug It Off","Clothesline","Disarm","Spot Weakness","Exhume","Headbutt","Warcry"],"relics":["Burning Blood","Bloody Idol","Pantograph","Bottled Flame","Black Star"],"potions_floor_usage":[14,20],"damage_taken":[{"damage":6,"enemies":"Cultist","floor":1,"turns":3},{"damage":9,"enemies":"Jaw Worm","floor":2,"turns":3},{"damage":5,"enemies":"Small Slimes","floor":4,"turns":4},{"damage":4,"enemies":"2 Fungi Beasts","floor":5,"turns":4},{"damage":26,"enemies":"Gremlin Nob","floor":7,"turns":4},{"damage":36,"enemies":"Gremlin Gang","floor":11,"turns":6},{"damage":3,"enemies":"Blue Slaver","floor":12,"turns":3},{"damage":29,"enemies":"Large Slime","floor":14,"turns":7},{"damage":80,"enemies":"Slime Boss","floor":16,"turns":13},{"damage":57,"enemies":"3 Byrds","floor":18,"turns":10},{"damage":30,"enemies":"Shell Parasite","floor":20,"turns":6},{"damage":31,"enemies":"Sentry and Sphere","floor":22,"turns":3}],"seed_played":"7531619668781789887","potions_obtained":[{"floor":1,"key":"Regen Potion"},{"floor":5,"key":"EssenceOfSteel"},{"floor":10,"key":"FairyPotion"},{"floor":20,"key":"FearPotion"}],"is_trial":false,"path_per_floor":["M","M","?","M","M","R","?","?","T","?","M","M","R","M","R","B",null,"M","?","M","?","M"],"character_chosen":"IRONCLAD","items_purchased":[],"campfire_rested":2,"item_purchase_floors":[],"current_hp_per_floor":[88,85,63,64,66,66,46,46,46,46,16,19,45,37,63,14,88,37,37,18,18,0],"gold":469,"neow_bonus":"TEN_PERCENT_HP_BONUS","is_prod":false,"is_daily":false,"chose_seed":false,"campfire_upgraded":1,"win_rate":0,"timestamp":1555647503,"path_taken":["M","?","?","M","M","R","?","?","T","?","M","M","R","?","R","BOSS","M","?","M","?","M"],"build_version":"2019-01-23","purchased_purges":0,"victory":false,"max_hp_per_floor":[88,88,88,88,88,88,88,88,88,88,88,88,88,88,88,88,88,88,88,88,88,88],"card_choices":[{"not_picked":["Searing Blow","Anger"],"picked":"Havoc","floor":1},{"not_picked":["Carnage","Iron Wave","Searing Blow"],"picked":"SKIP","floor":2},{"not_picked":["Shockwave","Anger"],"picked":"Shrug It Off","floor":4},{"not_picked":["Cleave","Anger"],"picked":"Clothesline","floor":5},{"not_picked":["Shrug It Off","Whirlwind"],"picked":"Disarm","floor":11},{"not_picked":["Clash","Perfected Strike"],"picked":"Spot Weakness","floor":12},{"not_picked":["Heavy Blade","Armaments","True Grit"],"picked":"SKIP","floor":14},{"not_picked":["Juggernaut","Dark Embrace"],"picked":"Exhume","floor":16},{"not_picked":["Pummel","Clothesline"],"picked":"Headbutt","floor":18},{"not_picked":["Combust","Flex"],"picked":"Warcry","floor":20}],"player_experience":203522,"relics_obtained":[{"floor":9,"key":"Bottled Flame"}],"event_choices":[{"damage_healed":0,"gold_gain":0,"player_choice":"Take Damage","damage_taken":22,"relics_obtained":["Golden Idol"],"max_hp_gain":0,"max_hp_loss":0,"event_name":"Golden Idol","floor":3,"gold_loss":0},{"damage_healed":0,"gold_gain":30,"player_choice":"Searched \u00273\u0027 times","damage_taken":0,"relics_obtained":["Pantograph"],"max_hp_gain":0,"max_hp_loss":0,"event_name":"Dead Adventurer","floor":7,"gold_loss":0},{"damage_healed":0,"gold_gain":0,"player_choice":"Grow","damage_taken":0,"max_hp_gain":0,"max_hp_loss":0,"event_name":"Living Wall","floor":8,"gold_loss":0,"cards_upgraded":["Bash"]},{"damage_healed":0,"gold_gain":0,"player_choice":"Got Potions","damage_taken":0,"max_hp_gain":0,"max_hp_loss":0,"event_name":"Lab","floor":10,"gold_loss":0},{"damage_healed":0,"gold_gain":0,"player_choice":"Gave Idol","damage_taken":0,"relics_obtained":["Bloody Idol"],"max_hp_gain":0,"max_hp_loss":0,"event_name":"Forgotten Altar","floor":19,"relics_lost":["Golden Idol"],"gold_loss":0},{"damage_healed":0,"gold_gain":0,"player_choice":"Ignored","damage_taken":0,"max_hp_gain":0,"max_hp_loss":0,"event_name":"Ghosts","floor":21,"gold_loss":0}],"is_beta":false,"boss_relics":[{"not_picked":["Eternal Feather","Velvet Choker"],"picked":"Black Star"}],"items_purged_floors":[],"is_endless":false,"potions_floor_spawned":[1,5,11,12,20],"killed_by":"Sentry and Sphere","ascension_level":4}