{"gold_per_floor":[110,130,130,130,141,468,24,24,24,50,65,65,65,65,65,164,164,179,179,179,2,20,20,50,25,25,25,52,65,65,92,92,194,194,207,207,207,207,136,147,164,164,164,0,18,32,67,86,86,86],"floor_reached":51,"playtime":3272,"items_purged":["Decay"],"score":870,"play_id":"b7459a33-9e1c-4a86-ab55-03b50be1f5b1","local_time":"20181019173054","is_ascension_mode":true,"campfire_choices":[{"floor":12,"key":"REST"},{"floor":15,"key":"REST"},{"floor":23,"key":"REST"},{"floor":30,"key":"REST"},{"floor":32,"key":"REST"},{"floor":49,"key":"REST"}],"neow_cost":"NONE","seed_source_timestamp":152851224556495,"circlet_count":0,"master_deck":["Defend_G","Defend_G","Defend_G","Defend_G","Defend_G","Strike_G","Strike_G","Strike_G","Strike_G","Strike_G","Survivor","Neutralize","Flechettes","Dagger Spray","Cloak And Dagger","Bouncing Flask+1","Infinite Blades","Crippling Poison","Footwork","Dagger Spray","After Image","Escape Plan","Accuracy","Catalyst","Terror","Deflect","Blade Dance","Backstab","Adrenaline","Flying Knee+1","Flying Knee","Well Laid Plans","Slice","Flying Knee+1","Infinite Blades+1","Deflect+1","Escape Plan+1","Quick Slash+1"],"relics":["Ring of the Serpent","NeowsBlessing","Old Coin","Paper Crane","Pear","Art of War","Bird Faced Urn","Fusion Hammer","Nilry\u0027s Codex","Boot","Bottled Flame","Gremlin Horn","Meat on the Bone","Turnip","Anchor","Shovel","NlothsMask","Red Mask","Regal Pillow"],"potions_floor_usage":[16,16,24,24,24,33,46,47,47,50],"damage_taken":[{"damage":0,"enemies":"Small Slimes","floor":1,"turns":1},{"damage":0,"enemies":"Cultist","floor":2,"turns":1},{"damage":0,"enemies":"Jaw Worm","floor":5,"turns":1},{"damage":24,"enemies":"3 Sentries","floor":6,"turns":11},{"damage":12,"enemies":"Gremlin Nob","floor":10,"turns":4},{"damage":11,"enemies":"3 Louse","floor":11,"turns":3},{"damage":38,"enemies":"Hexaghost","floor":16,"turns":8},{"damage":2,"enemies":"Chosen","floor":18,"turns":6},{"damage":13,"enemies":"Colosseum Slavers","floor":19,"turns":5},{"damage":0,"enemies":"Shell Parasite","floor":22,"turns":5},{"damage":44,"enemies":"Gremlin Leader","floor":24,"turns":7},{"damage":32,"enemies":"Slavers","floor":28,"turns":5},{"damage":13,"enemies":"Snake Plant","floor":29,"turns":5},{"damage":30,"enemies":"Book of Stabbing","floor":31,"turns":5},{"damage":56,"enemies":"Champ","floor":33,"turns":12},{"damage":6,"enemies":"Orb Walker","floor":35,"turns":3},{"damage":0,"enemies":"Mind Bloom Boss Battle","floor":38,"turns":9},{"damage":19,"enemies":"3 Shapes","floor":40,"turns":3},{"damage":26,"enemies":"Maw","floor":41,"turns":6},{"damage":4,"enemies":"4 Shapes","floor":45,"turns":5},{"damage":28,"enemies":"3 Darklings","floor":46,"turns":4},{"damage":46,"enemies":"Giant Head","floor":47,"turns":7},{"damage":4,"enemies":"Maw","floor":48,"turns":8},{"damage":62,"enemies":"Donu and Deca","floor":50,"turns":10}],"seed_played":"4703556607833434817","potions_obtained":[{"floor":2,"key":"LiquidBronze"},{"floor":6,"key":"EssenceOfSteel"},{"floor":11,"key":"Regen Potion"},{"floor":18,"key":"Block Potion"},{"floor":22,"key":"Regen Potion"},{"floor":24,"key":"Ancient Potion"},{"floor":28,"key":"Swift Potion"},{"floor":33,"key":"AttackPotion"},{"floor":37,"key":"Energy Potion"},{"floor":37,"key":"FearPotion"},{"floor":38,"key":"FairyPotion"},{"floor":46,"key":"Dexterity Potion"},{"floor":48,"key":"AttackPotion"}],"is_trial":false,"path_per_floor":["M","M","?","?","M","E","$","?","T","E","M","R","T","?","R","B",null,"M","?","?","$","M","R","E","$","T","?","E","M","R","E","R","B",null,"M","?","?","?","$","M","M","?","T","?","M","M","E","M","R","B"],"character_chosen":"THE_SILENT","items_purchased":["Infinite Blades","Crippling Poison","Paper Crane","Accuracy","Boot","Deflect","Well Laid Plans"],"campfire_rested":6,"item_purchase_floors":[7,7,7,21,21,25,39],"current_hp_per_floor":[70,70,70,70,70,46,46,46,56,44,33,57,57,57,80,44,80,80,67,51,51,61,80,58,58,58,58,46,41,65,45,69,37,80,76,76,76,80,80,65,53,53,53,53,59,41,21,47,80,40],"gold":86,"neow_bonus":"THREE_ENEMY_KILL","is_prod":false,"is_daily":false,"chose_seed":false,"campfire_upgraded":0,"win_rate":0,"timestamp":1539984654,"path_taken":["M","M","?","?","M","E","?","?","T","E","M","R","?","?","R","BOSS","M","?","?","?","?","R","E","?","T","?","E","M","R","E","R","BOSS","M","?","?","?","?","M","?","?","T","?","?","M","E","M","R","BOSS"],"build_version":"2018-10-18","purchased_purges":1,"victory":true,"max_hp_per_floor":[70,70,70,70,70,70,70,70,80,80,80,80,80,80,80,80,80,80,80,80,80,80,80,80,80,80,80,80,80,80,80,80,80,80,80,80,80,80,80,80,80,80,80,80,80,80,80,80,80,80],"card_choices":[{"not_picked":["Poisoned Stab","Underhanded Strike"],"picked":"Flechettes","floor":1},{"not_picked":["Slice","Sucker Punch"],"picked":"Dagger Spray","floor":2},{"not_picked":["Leg Sweep","PiercingWail"],"picked":"Cloak And Dagger","floor":5},{"not_picked":["Skewer","Prepared"],"picked":"Bouncing Flask","floor":6},{"not_picked":["Deflect","Acrobatics"],"picked":"Footwork","floor":10},{"not_picked":["Underhanded Strike","Dagger Throw"],"picked":"Dagger Spray","floor":11},{"not_picked":["Grand Finale","Doppelganger"],"picked":"After Image","floor":16},{"not_picked":["Dash","Dodge and Roll"],"picked":"Escape Plan","floor":18},{"not_picked":["Well Laid Plans","Finisher+1"],"picked":"Catalyst","floor":22},{"not_picked":["Dagger Throw","All Out Attack"],"picked":"Terror","floor":24},{"not_picked":["Dagger Throw","Choke","Quick Slash"],"picked":"SKIP","floor":28},{"not_picked":["Slice","Leg Sweep"],"picked":"Blade Dance","floor":29},{"not_picked":["Acrobatics","Poisoned Stab"],"picked":"Backstab","floor":31},{"not_picked":["Grand Finale","Doppelganger"],"picked":"Adrenaline","floor":33},{"not_picked":["Dodge and Roll","Poisoned Stab+1"],"picked":"Flying Knee+1","floor":35},{"not_picked":["A Thousand Cuts","Slice"],"picked":"Flying Knee","floor":38},{"not_picked":["Predator+1","Crippling Poison+1"],"picked":"Slice","floor":40},{"not_picked":["Dagger Spray+1","Predator"],"picked":"Flying Knee+1","floor":41},{"not_picked":["Poisoned Stab","Masterful Stab"],"picked":"Infinite Blades+1","floor":45},{"not_picked":["Acrobatics+1","Escape Plan"],"picked":"Deflect+1","floor":46},{"not_picked":["Dash+1","Dagger Throw"],"picked":"Escape Plan+1","floor":47},{"not_picked":["Catalyst","Outmaneuver+1"],"picked":"Quick Slash+1","floor":48}],"player_experience":141648,"relics_obtained":[{"floor":6,"key":"Old Coin"},{"floor":9,"key":"Pear"},{"floor":10,"key":"Art of War"},{"floor":13,"key":"Bird Faced Urn"},{"floor":20,"key":"Nilry\u0027s Codex"},{"floor":24,"key":"Bottled Flame"},{"floor":26,"key":"Gremlin Horn"},{"floor":28,"key":"Turnip"},{"floor":31,"key":"Anchor"},{"floor":38,"key":"Shovel"},{"floor":47,"key":"Regal Pillow"}],"event_choices":[{"damage_healed":0,"gold_gain":0,"player_choice":"Cursed","damage_taken":0,"max_hp_gain":0,"max_hp_loss":0,"event_name":"Wheel of Change","floor":3,"gold_loss":0,"cards_obtained":["Decay"]},{"damage_healed":0,"gold_gain":0,"player_choice":"Ignored","damage_taken":0,"max_hp_gain":0,"max_hp_loss":0,"event_name":"Liars Game","floor":4,"gold_loss":0},{"damage_healed":0,"gold_gain":0,"player_choice":"Grow","damage_taken":0,"max_hp_gain":0,"max_hp_loss":0,"event_name":"Living Wall","floor":8,"gold_loss":0,"cards_upgraded":["Bouncing Flask"]},{"damage_healed":0,"gold_gain":0,"player_choice":"Ignored","damage_taken":0,"max_hp_gain":0,"max_hp_loss":0,"event_name":"Golden Wing","floor":14,"gold_loss":0},{"damage_healed":0,"gold_gain":0,"player_choice":"Fight","damage_taken":0,"max_hp_gain":0,"max_hp_loss":0,"event_name":"Colosseum","floor":19,"gold_loss":0},{"damage_healed":0,"gold_gain":0,"player_choice":"Fled From Nobs","damage_taken":0,"max_hp_gain":0,"max_hp_loss":0,"event_name":"Colosseum","floor":19,"gold_loss":0},{"damage_healed":0,"gold_gain":0,"player_choice":"Obtained Book","damage_taken":16,"max_hp_gain":0,"max_hp_loss":0,"event_name":"Cursed Tome","floor":20,"gold_loss":0},{"damage_healed":0,"gold_gain":0,"player_choice":"Gave Potion","damage_taken":0,"relics_obtained":["Meat on the Bone"],"max_hp_gain":0,"max_hp_loss":0,"event_name":"WeMeetAgain","floor":27,"gold_loss":0},{"damage_healed":0,"gold_gain":0,"player_choice":"Ignored","damage_taken":0,"max_hp_gain":0,"max_hp_loss":0,"event_name":"Mysterious Sphere","floor":36,"gold_loss":0},{"damage_healed":0,"gold_gain":0,"player_choice":"Got Potions","damage_taken":0,"max_hp_gain":0,"max_hp_loss":0,"event_name":"The Lab","floor":37,"gold_loss":0},{"damage_healed":0,"gold_gain":0,"player_choice":"Fight","damage_taken":0,"max_hp_gain":0,"max_hp_loss":0,"event_name":"MindBloom","floor":38,"gold_loss":0},{"damage_healed":0,"gold_gain":0,"player_choice":"Trade","damage_taken":0,"relics_obtained":["NlothsMask"],"max_hp_gain":0,"max_hp_loss":0,"event_name":"FaceTrader","floor":42,"gold_loss":0},{"damage_healed":0,"gold_gain":0,"player_choice":"Paid","damage_taken":0,"relics_obtained":["Red Mask"],"max_hp_gain":0,"max_hp_loss":0,"event_name":"Tomb of Lord Red Mask","floor":44,"gold_loss":164}],"is_beta":false,"boss_relics":[{"not_picked":["Orrery","Ectoplasm"],"picked":"Fusion Hammer"},{"not_picked":["Empty Cage","Calling Bell"],"picked":"Ring of the Serpent"}],"items_purged_floors":[7],"is_endless":false,"potions_floor_spawned":[2,6,11,18,22,24,28,33,38,45,46,48],"ascension_level":3}