{"gold_per_floor":[115,115,133,58,58,84,96,96,96,113,32,48,48,64,64,161,161,172,82,82,82,99,99,110,129,129,143,683,683,8,25,25,127,127,141,141,16,31,31,31,31,47,47,47,57,72,172,191,191,191],"floor_reached":51,"playtime":1059,"items_purged":["Regret","Combust","Burning Pact"],"score":751,"play_id":"6b19e700-fe57-4996-8942-9938b393d38e","local_time":"20190415203326","is_ascension_mode":false,"campfire_choices":[{"data":"Flex","floor":8.0,"key":"SMITH"},{"data":"Flex","floor":13.0,"key":"SMITH"},{"data":"Whirlwind","floor":15,"key":"SMITH"},{"data":"Limit Break","floor":23,"key":"SMITH"},{"floor":29,"key":"REST"},{"data":"Flex","floor":32,"key":"SMITH"},{"data":"Heavy Blade","floor":40,"key":"SMITH"},{"data":"Battle Trance","floor":44,"key":"SMITH"},{"floor":49,"key":"REST"}],"neow_cost":"NONE","seed_source_timestamp":23407373186067,"circlet_count":0,"master_deck":["Flex+1","Flex+1","Metallicize","Headbutt+1","Heavy Blade+1","Disarm","Battle Trance+1","Whirlwind+1","Sword Boomerang","Limit Break+1","Feel No Pain","True Grit","Dark Embrace+1","Clash","Sentinel","Sword Boomerang","Corruption","Flex+1","Battle Trance","Heavy Blade+1","Offering","Thunderclap+1"],"special_seed":0,"relics":["Burning Blood","NeowsBlessing","Prayer Wheel","Blue Candle","Mercury Hourglass","Pandora\u0027s Box","Meat on the Bone","Gremlin Horn","Singing Bowl","Runic Dome","Kunai","Torii"],"potions_floor_usage":[16,24,25,33,33,50,50,50],"damage_taken":[{"damage":0.0,"enemies":"Jaw Worm","floor":1.0,"turns":1.0},{"damage":0.0,"enemies":"Small Slimes","floor":3.0,"turns":1.0},{"damage":0.0,"enemies":"3 Sentries","floor":6.0,"turns":2.0},{"damage":0.0,"enemies":"Cultist","floor":7.0,"turns":2.0},{"damage":0.0,"enemies":"Large Slime","floor":10.0,"turns":2.0},{"damage":10.0,"enemies":"Exordium Thugs","floor":12.0,"turns":2.0},{"damage":8.0,"enemies":"Red Slaver","floor":14.0,"turns":4.0},{"damage":31,"enemies":"The Guardian","floor":16,"turns":7},{"damage":7,"enemies":"Chosen","floor":18,"turns":4},{"damage":0,"enemies":"Spheric Guardian","floor":22,"turns":2},{"damage":20,"enemies":"Centurion and Healer","floor":24,"turns":4},{"damage":6,"enemies":"3 Cultists","floor":25,"turns":3},{"damage":7,"enemies":"Snecko","floor":27,"turns":4},{"damage":0,"enemies":"Sentry and Sphere","floor":31,"turns":3},{"damage":12,"enemies":"Champ","floor":33,"turns":6},{"damage":6,"enemies":"3 Darklings","floor":35,"turns":2},{"damage":15,"enemies":"Orb Walker","floor":38,"turns":2},{"damage":31,"enemies":"Writhing Mass","floor":42,"turns":3},{"damage":6,"enemies":"3 Darklings","floor":45,"turns":2},{"damage":0,"enemies":"Sphere and 2 Shapes","floor":46,"turns":2},{"damage":18,"enemies":"Mind Bloom Boss Battle","floor":47,"turns":5},{"damage":6,"enemies":"Maw","floor":48,"turns":3},{"damage":34,"enemies":"Time Eater","floor":50,"turns":5}],"seed_played":"-4946491737096569077","potions_obtained":[{"floor":3.0,"key":"AttackPotion"},{"floor":7.0,"key":"BloodPotion"},{"floor":12.0,"key":"AttackPotion"},{"floor":16,"key":"SneckoOil"},{"floor":22,"key":"AttackPotion"},{"floor":24,"key":"SpeedPotion"},{"floor":27,"key":"Weak Potion"},{"floor":38,"key":"FearPotion"},{"floor":45,"key":"AttackPotion"},{"floor":47,"key":"Dexterity Potion"}],"is_trial":false,"path_per_floor":["M","?","M","$","?","E","M","R","T","M","$","M","R","M","R","B",null,"M","?","$","$","M","R","M","M","T","M","?","R","$","M","R","B",null,"M","?","$","M","$","R","?","M","T","R","M","M","?","M","R","B",null],"character_chosen":"IRONCLAD","items_purchased":["Whirlwind","Battle Trance","Gremlin Horn","Singing Bowl"],"campfire_rested":2,"item_purchase_floors":[11,30,30,30],"current_hp_per_floor":[80,80,80,80,80,80,80,80,80,80,80,76,76,74,74,49,80,79,79,79,79,80,80,74,74,74,73,17,41,41,49,49,55,82,86,86,86,81,81,81,81,60,60,60,62,72,62,66,97,69],"gold":191,"neow_bonus":"THREE_ENEMY_KILL","is_prod":false,"is_daily":false,"chose_seed":false,"campfire_upgraded":7,"win_rate":0,"timestamp":1555382006,"path_taken":["M","?","M","$","?","E","M","R","T","?","$","M","R","M","R","BOSS","M","?","?","$","M","R","M","M","T","?","?","R","$","M","R","BOSS","M","?","?","?","$","R","?","M","T","R","M","M","?","M","R","BOSS"],"build_version":"2019-01-23","purchased_purges":3,"victory":true,"max_hp_per_floor":[80,80,80,80,80,80,80,80,80,80,80,80,80,80,80,80,80,80,80,80,80,80,80,80,80,80,80,80,80,80,82,82,82,82,86,86,86,90,90,90,90,94,94,94,96,100,102,106,106,106],"card_choices":[{"not_picked":["Hemokinesis","Rupture"],"picked":"Flex","floor":1.0},{"not_picked":["Pummel","Clash"],"picked":"Flex","floor":3.0},{"not_picked":["Iron Wave","Rupture"],"picked":"Metallicize","floor":3.0},{"not_picked":["Twin Strike","Clash"],"picked":"Headbutt","floor":6.0},{"not_picked":["Cleave","Wild Strike"],"picked":"Heavy Blade","floor":7.0},{"not_picked":["Wild Strike","Anger"],"picked":"Disarm","floor":7.0},{"not_picked":["Corruption","Ghostly Armor"],"picked":"Battle Trance","floor":10.0},{"not_picked":["Barricade","Shrug It Off","Body Slam"],"picked":"SKIP","floor":10.0},{"not_picked":["Sentinel","Shrug It Off","Iron Wave"],"picked":"SKIP","floor":12.0},{"not_picked":["Pommel Strike","Headbutt","Iron Wave"],"picked":"SKIP","floor":12.0},{"not_picked":["Evolve","Pommel Strike"],"picked":"Sword Boomerang","floor":14},{"not_picked":["Perfected Strike","Body Slam","Havoc"],"picked":"SKIP","floor":14},{"not_picked":["Barricade","Exhume"],"picked":"Limit Break","floor":16},{"not_picked":["Warcry","Heavy Blade","Clothesline"],"picked":"SKIP","floor":18},{"not_picked":["Evolve+1","Shockwave","Thunderclap"],"picked":"SKIP","floor":18},{"not_picked":["Clothesline","Dropkick"],"picked":"Corruption","floor":22},{"not_picked":["Sword Boomerang","Reckless Charge+1","Ghostly Armor"],"picked":"SKIP","floor":22},{"not_picked":["Heavy Blade","Dropkick+1"],"picked":"Flex","floor":24},{"not_picked":["True Grit","Corruption","Pommel Strike"],"picked":"SKIP","floor":24},{"not_picked":["Flame Barrier","Entrench","Pummel+1"],"picked":"SKIP","floor":25},{"not_picked":["Heavy Blade","Rage+1","Headbutt+1"],"picked":"SKIP","floor":25},{"not_picked":["Anger+1","Sword Boomerang+1","Dual Wield+1"],"picked":"SKIP","floor":27},{"not_picked":["Corruption+1","Sever Soul","Uppercut"],"picked":"SKIP","floor":27},{"not_picked":["Second Wind","Armaments","Cleave"],"picked":"Singing Bowl","floor":31},{"not_picked":["Evolve+1","Bloodletting"],"picked":"Heavy Blade+1","floor":31},{"not_picked":["Reaper","Barricade"],"picked":"Offering","floor":33},{"not_picked":["Shrug It Off+1","Sentinel+1","Thunderclap"],"picked":"Singing Bowl","floor":35},{"not_picked":["Intimidate","Cleave+1","Corruption+1"],"picked":"Singing Bowl","floor":35},{"not_picked":["Clothesline+1","Bludgeon","Evolve"],"picked":"Singing Bowl","floor":38},{"not_picked":["Searing Blow+1","Havoc","Clothesline+1"],"picked":"Singing Bowl","floor":38},{"not_picked":["Warcry+1","Wild Strike","Clothesline+1"],"picked":"Singing Bowl","floor":42},{"not_picked":["Sentinel","Ghostly Armor+1","Headbutt+1"],"picked":"Singing Bowl","floor":42},{"not_picked":["Fiend Fire","Perfected Strike+1","Warcry"],"picked":"Singing Bowl","floor":45},{"not_picked":["Armaments","Ghostly Armor+1"],"picked":"Thunderclap+1","floor":45},{"not_picked":["Headbutt+1","Shockwave","Hemokinesis"],"picked":"Singing Bowl","floor":46},{"not_picked":["Anger+1","Clothesline","Rupture+1"],"picked":"Singing Bowl","floor":46},{"not_picked":["Shockwave+1","Evolve","Combust+1"],"picked":"Singing Bowl","floor":47},{"not_picked":["True Grit+1","Bloodletting","Entrench"],"picked":"Singing Bowl","floor":48},{"not_picked":["Heavy Blade+1","Juggernaut","Flame Barrier+1"],"picked":"Singing Bowl","floor":48}],"player_experience":1223252,"relics_obtained":[{"floor":6.0,"key":"Blue Candle"},{"floor":9.0,"key":"Mercury Hourglass"},{"floor":26,"key":"Meat on the Bone"},{"floor":43,"key":"Kunai"},{"floor":47,"key":"Torii"}],"event_choices":[{"damage_healed":0.0,"max_hp_gain":0.0,"max_hp_loss":0.0,"gold_gain":0.0,"event_name":"Big Fish","player_choice":"Box","floor":2.0,"gold_loss":0.0,"damage_taken":0.0,"relics_obtained":["Prayer Wheel"],"cards_obtained":["Regret"]},{"damage_healed":0.0,"max_hp_gain":0.0,"max_hp_loss":0.0,"gold_gain":0.0,"event_name":"The Woman in Blue","player_choice":"Bought 0 Potions","floor":5.0,"gold_loss":0.0,"damage_taken":0.0},{"cards_removed":["Perfected Strike"],"damage_healed":0,"gold_gain":0,"player_choice":"Upgrade and Remove","damage_taken":0,"max_hp_gain":0,"max_hp_loss":0,"event_name":"Designer","floor":19,"gold_loss":90,"cards_upgraded":["Headbutt"]},{"damage_healed":0,"gold_gain":540,"player_choice":"GOLD GOLD GOLD GOLD GOLD GOLD ","damage_taken":56,"max_hp_gain":0,"max_hp_loss":0,"event_name":"Knowing Skull","floor":28,"potions_obtained":[],"gold_loss":0,"cards_obtained":[]},{"damage_healed":0,"gold_gain":0,"player_choice":"Upgraded","damage_taken":0,"max_hp_gain":0,"max_hp_loss":0,"event_name":"Upgrade Shrine","floor":36,"gold_loss":0,"cards_upgraded":["Dark Embrace"]},{"cards_removed":["Bash"],"damage_healed":0,"gold_gain":0,"player_choice":"Removed Attack","damage_taken":0,"max_hp_gain":0,"max_hp_loss":0,"event_name":"Falling","floor":41,"gold_loss":0},{"damage_healed":0,"gold_gain":0,"player_choice":"Fight","damage_taken":0,"max_hp_gain":0,"max_hp_loss":0,"event_name":"MindBloom","floor":47,"gold_loss":0}],"is_beta":false,"boss_relics":[{"not_picked":["Runic Pyramid","Black Star"],"picked":"Pandora\u0027s Box"},{"not_picked":["White Beast Statue","Fusion Hammer"],"picked":"Runic Dome"}],"items_purged_floors":[4,30,37],"is_endless":false,"potions_floor_spawned":[3,7,12,16,22,24,27,38,45,47],"ascension_level":0}