{"gold_per_floor":[217,217,237,255,255,280,280,300,326,326,341,341,376,60,60,156,156,176,156,56,68,68,68],"floor_reached":23,"playtime":1481,"items_purged":["Strike_R","Strike_R"],"score":241,"play_id":"1a6d9081-4775-4b28-8543-49aab08a08f9","local_time":"20190411182039","is_ascension_mode":true,"campfire_choices":[{"data":"Armaments","floor":10,"key":"SMITH"},{"floor":12,"key":"REST"},{"floor":15,"key":"REST"}],"neow_cost":"NONE","seed_source_timestamp":3483508243242305,"circlet_count":0,"master_deck":["Defend_R","Defend_R","Defend_R","Bash","Twin Strike","Armaments+1","Inflame","Second Wind","Rampage","Pommel Strike","Rampage","Limit Break+1","Burning Pact+1","Feed+1","Dropkick+1","Headbutt","Power Through+1","Dropkick"],"relics":["Burning Blood","Torii","Unceasing Top","Strawberry","Calipers","Toxic Egg 2","Astrolabe"],"potions_floor_usage":[13,16,21,21,23,23],"damage_taken":[{"damage":15,"enemies":"Small Slimes","floor":1,"turns":4},{"damage":6,"enemies":"Cultist","floor":3,"turns":3},{"damage":7,"enemies":"Jaw Worm","floor":4,"turns":4},{"damage":21,"enemies":"Gremlin Nob","floor":6,"turns":4},{"damage":31,"enemies":"Gremlin Gang","floor":8,"turns":6},{"damage":0,"enemies":"Large Slime","floor":11,"turns":4},{"damage":24,"enemies":"Lagavulin","floor":13,"turns":7},{"damage":69,"enemies":"Slime Boss","floor":16,"turns":8},{"damage":12,"enemies":"Chosen","floor":18,"turns":4},{"damage":34,"enemies":"2 Thieves","floor":19,"turns":4},{"damage":45,"enemies":"Cultist and Chosen","floor":21,"turns":7},{"damage":49,"enemies":"Slavers","floor":23,"turns":4}],"seed_played":"-8318275137149888687","potions_obtained":[{"floor":2,"key":"SpeedPotion"},{"floor":2,"key":"Ancient Potion"},{"floor":2,"key":"Ancient Potion"},{"floor":8,"key":"FearPotion"},{"floor":11,"key":"SkillPotion"},{"floor":13,"key":"GamblersBrew"},{"floor":19,"key":"Block Potion"},{"floor":21,"key":"PowerPotion"}],"is_trial":false,"path_per_floor":["M","?","M","M","?","E","T","M","T","R","M","R","E","$","R","B",null,"M","M","$","M","?","E"],"character_chosen":"IRONCLAD","items_purchased":["Toxic Egg 2"],"campfire_rested":2,"item_purchase_floors":[14],"current_hp_per_floor":[71,71,71,70,63,48,48,23,30,30,36,62,44,44,70,7,87,81,53,53,14,43,0],"gold":68,"neow_bonus":"HUNDRED_GOLD","is_prod":false,"is_daily":false,"chose_seed":false,"campfire_upgraded":1,"win_rate":0,"timestamp":1555021239,"path_taken":["M","?","M","?","?","E","?","?","T","R","M","R","E","$","R","BOSS","M","?","$","M","?","E"],"build_version":"2019-01-23","purchased_purges":2,"victory":false,"max_hp_per_floor":[80,80,80,80,80,80,80,80,87,87,87,87,87,87,87,87,87,87,87,87,87,87,87],"card_choices":[{"not_picked":["Thunderclap","Cleave"],"picked":"Twin Strike","floor":1},{"not_picked":["Perfected Strike","Flame Barrier"],"picked":"Armaments","floor":3},{"not_picked":["Cleave","Body Slam"],"picked":"Inflame","floor":4},{"not_picked":["Thunderclap","Barricade"],"picked":"Second Wind","floor":6},{"not_picked":["Clothesline","Warcry"],"picked":"Rampage","floor":8},{"not_picked":["Evolve","Anger"],"picked":"Pommel Strike","floor":11},{"not_picked":["Second Wind","Brutality"],"picked":"Rampage","floor":13},{"not_picked":["Barricade","Feed"],"picked":"Limit Break+1","floor":16},{"not_picked":["Clothesline","Twin Strike"],"picked":"Headbutt","floor":18},{"not_picked":["Pommel Strike","Sever Soul"],"picked":"Power Through+1","floor":19},{"not_picked":["Armaments+1","Wild Strike"],"picked":"Dropkick","floor":21}],"player_experience":195550,"relics_obtained":[{"floor":6,"key":"Torii"},{"floor":7,"key":"Unceasing Top"},{"floor":9,"key":"Strawberry"},{"floor":13,"key":"Calipers"}],"event_choices":[{"damage_healed":0,"gold_gain":0,"player_choice":"Got Potions","damage_taken":0,"max_hp_gain":0,"max_hp_loss":0,"event_name":"Lab","floor":2,"gold_loss":0},{"cards_removed":["Strike_R"],"damage_healed":0,"gold_gain":0,"player_choice":"Card Removal","damage_taken":7,"max_hp_gain":0,"max_hp_loss":0,"event_name":"Golden Wing","floor":5,"gold_loss":0},{"damage_healed":29,"gold_gain":0,"player_choice":"Heal","damage_taken":0,"max_hp_gain":0,"max_hp_loss":0,"event_name":"The Library","floor":22,"gold_loss":0}],"is_beta":false,"boss_relics":[{"not_picked":["Tiny House","Runic Cube"],"picked":"Astrolabe"}],"items_purged_floors":[14,20],"is_endless":false,"potions_floor_spawned":[8,11,13,19,21],"killed_by":"Slavers","ascension_level":4}