{"gold_per_floor":[109,109,284,284,309,321,363,375,413,451,477,146,146,157,157,253,253,268,268,268,318,278,278,309,309],"floor_reached":25,"playtime":1213,"items_purged":[],"score":348,"play_id":"3f43cceb-a21f-44a7-81f3-e9932274cedc","local_time":"20181009180035","is_ascension_mode":true,"campfire_choices":[{"data":"Streamline","floor":6,"key":"SMITH"},{"floor":8,"key":"REST"},{"floor":13,"key":"REST"},{"floor":15,"key":"REST"},{"floor":23,"key":"REST"}],"neow_cost":"NONE","seed_source_timestamp":429044837650919,"circlet_count":0,"master_deck":["Strike_B","Strike_B","Strike_B","Strike_B","Defend_B","Defend_B","Defend_B","Defend_B","Zap+1","Dualcast+1","Streamline+1","Doubt","Leap","Capacitor","Darkness","Chaos","Beam Cell","Reboot","Writhe","Regret","Shame","Coolheaded+1","Self Repair","Writhe","Ball Lightning+1"],"relics":["Cracked Core","MawBank","Juzu Bracelet","Bag of Preparation","Du-Vu Doll","Frozen Eye","Strawberry","Calling Bell","Lantern","Gremlin Horn","Prayer Wheel","War Paint","FaceOfCleric","Frozen Egg 2"],"potions_floor_usage":[7,16,16,16,24,24],"damage_taken":[{"damage":9,"enemies":"Jaw Worm","floor":1,"turns":4},{"damage":1,"enemies":"Cultist","floor":5,"turns":3},{"damage":9,"enemies":"3 Sentries","floor":7,"turns":8},{"damage":22,"enemies":"Lagavulin","floor":10,"turns":7},{"damage":5,"enemies":"2 Louse","floor":11,"turns":2},{"damage":22,"enemies":"Large Slime","floor":14,"turns":6},{"damage":43,"enemies":"Hexaghost","floor":16,"turns":11},{"damage":41,"enemies":"Shell Parasite","floor":18,"turns":5},{"damage":58,"enemies":"Book of Stabbing","floor":24,"turns":7},{"damage":15,"enemies":"Chosen","floor":25,"turns":2}],"seed_played":"8418719227480062377","potions_obtained":[{"floor":0,"key":"SteroidPotion"},{"floor":0,"key":"EssenceOfSteel"},{"floor":0,"key":"Weak Potion"},{"floor":2,"key":"Energy Potion"},{"floor":7,"key":"SteroidPotion"},{"floor":11,"key":"AttackPotion"},{"floor":14,"key":"Block Potion"},{"floor":22,"key":"SneckoOil"},{"floor":22,"key":"Block Potion"},{"floor":22,"key":"EssenceOfSteel"},{"floor":24,"key":"SpeedPotion"}],"is_trial":false,"path_per_floor":["M","?","?","?","M","R","E","R","T","E","M","$","R","M","R","B",null,"M","?","?","?","?","R","E"],"character_chosen":"DEFECT","items_purchased":["Frozen Eye","Strawberry"],"campfire_rested":4,"item_purchase_floors":[12,12],"current_hp_per_floor":[66,66,66,59,58,58,49,71,71,49,44,51,75,53,77,34,82,41,41,41,41,41,65,15,0],"gold":309,"neow_bonus":"THREE_SMALL_POTIONS","is_prod":false,"is_daily":false,"chose_seed":false,"campfire_upgraded":1,"win_rate":0,"timestamp":1539122435,"path_taken":["M","?","?","?","?","R","E","R","T","E","M","?","R","M","R","BOSS","M","?","?","?","?","R","E","M"],"build_version":"2018-10-04v2","purchased_purges":0,"victory":false,"max_hp_per_floor":[75,75,75,75,75,75,75,75,75,75,75,82,82,82,82,82,82,82,82,82,82,82,82,83,83],"card_choices":[{"not_picked":["Storm","Consume"],"picked":"Streamline","floor":1},{"not_picked":["BootSequence","Double Energy"],"picked":"Leap","floor":5},{"not_picked":["Gash","Hello World"],"picked":"Capacitor","floor":7},{"not_picked":["Skim","Barrage"],"picked":"Darkness","floor":10},{"not_picked":["Gash","Reinforced Body"],"picked":"Chaos","floor":11},{"not_picked":["Skim","Undo"],"picked":"Beam Cell","floor":14},{"not_picked":["Meteor Strike","Biased Cognition"],"picked":"Reboot","floor":16},{"not_picked":["Beam Cell","Streamline+1"],"picked":"Coolheaded+1","floor":18},{"not_picked":["Barrage","BootSequence+1"],"picked":"Self Repair","floor":18},{"not_picked":["Gash","Compile Driver"],"picked":"Ball Lightning+1","floor":24}],"player_experience":117423,"relics_obtained":[{"floor":7,"key":"Juzu Bracelet"},{"floor":9,"key":"Bag of Preparation"},{"floor":10,"key":"Du-Vu Doll"},{"floor":17,"key":"Lantern"},{"floor":17,"key":"Gremlin Horn"},{"floor":17,"key":"Prayer Wheel"},{"floor":24,"key":"Frozen Egg 2"}],"event_choices":[{"event_name":"The Lab","player_choice":"Got Potions","floor":2,"damage_taken":0},{"event_name":"Liars Game","player_choice":"agreed","floor":3,"damage_taken":0},{"event_name":"Scrap Ooze","player_choice":"success","floor":4,"damage_taken":7},{"event_name":"The Mausoleum","player_choice":"Yes","floor":19,"damage_taken":0},{"event_name":"FaceTrader","player_choice":"Trade","floor":20,"damage_taken":0},{"event_name":"The Joust","player_choice":"Bet on Murderer","floor":21,"damage_taken":0},{"event_name":"The Woman in Blue","player_choice":"Bought 3 Potions","floor":22,"damage_taken":0}],"is_beta":false,"boss_relics":[{"not_picked":["Eternal Feather","Runic Dome"],"picked":"Calling Bell"}],"items_purged_floors":[],"is_endless":false,"potions_floor_spawned":[7,11,14,24],"killed_by":"Chosen","ascension_level":2}