{"gold_per_floor":[109,109,127,137,137,167,184,194,194,207,207,219,244,244,244,321,321,291,305,318,318,318,318],"floor_reached":23,"playtime":1132,"items_purged":[],"score":394,"play_id":"dc20876f-9fdc-41e2-b70c-418c7084d986","local_time":"20190407011411","is_ascension_mode":true,"campfire_choices":[{"floor":11,"key":"REST"},{"data":"Survivor","floor":15,"key":"SMITH"}],"neow_cost":"NONE","seed_source_timestamp":94796141369951,"circlet_count":0,"master_deck":["AscendersBane","Defend_G","Defend_G","Defend_G","Defend_G+1","Defend_G","Survivor+1","Neutralize","Cloak And Dagger","Flying Knee","Sucker Punch","Deadly Poison","Sucker Punch","Noxious Fumes","After Image","Pain","After Image","Cloak And Dagger","Footwork","Bite","Bite","Bite","Bite","Bite","Cloak And Dagger"],"relics":["Ring of the Snake","Vajra","Sundial","Matryoshka","WarpedTongs","Eternal Feather"],"potions_floor_usage":[8,13,16],"damage_taken":[{"damage":2,"enemies":"Small Slimes","floor":1,"turns":6},{"damage":0,"enemies":"Jaw Worm","floor":3,"turns":6},{"damage":0,"enemies":"Cultist","floor":4,"turns":4},{"damage":18,"enemies":"3 Sentries","floor":6,"turns":13},{"damage":0,"enemies":"Exordium Wildlife","floor":7,"turns":5},{"damage":4,"enemies":"Gremlin Gang","floor":8,"turns":5},{"damage":0,"enemies":"3 Louse","floor":10,"turns":2},{"damage":0,"enemies":"Exordium Wildlife","floor":12,"turns":4},{"damage":4,"enemies":"Gremlin Nob","floor":13,"turns":5},{"damage":15,"enemies":"The Guardian","floor":16,"turns":10},{"damage":16,"enemies":"2 Thieves","floor":18,"turns":5},{"damage":16,"enemies":"Chosen","floor":19,"turns":7},{"damage":17,"enemies":"Snake Plant","floor":20,"turns":6},{"damage":18,"enemies":"Book of Stabbing","floor":23,"turns":6}],"seed_played":"-6382713300344327873","potions_obtained":[{"floor":4,"key":"Swift Potion"},{"floor":6,"key":"AttackPotion"},{"floor":10,"key":"GhostInAJar"},{"floor":19,"key":"Strength Potion"},{"floor":20,"key":"SpeedPotion"}],"is_trial":false,"path_per_floor":["M","?","M","M","?","E","M","M","T","M","R","M","E","?","R","B",null,"M","M","M","?","?","E"],"character_chosen":"THE_SILENT","items_purchased":[],"campfire_rested":1,"item_purchase_floors":[],"current_hp_per_floor":[63,41,41,41,34,16,16,12,12,12,33,33,29,29,29,14,58,42,26,9,9,9,0],"gold":318,"neow_bonus":"TEN_PERCENT_HP_BONUS","is_prod":false,"is_daily":false,"chose_seed":false,"campfire_upgraded":1,"win_rate":0,"timestamp":1554624851,"path_taken":["M","?","M","M","?","E","M","?","T","?","R","M","E","?","R","BOSS","M","M","?","?","?","E"],"build_version":"2019-01-23","purchased_purges":0,"victory":false,"max_hp_per_floor":[72,72,72,72,72,72,72,72,72,72,72,72,72,72,72,72,72,72,72,72,50,50,50],"card_choices":[{"not_picked":["Backflip","Dagger Throw"],"picked":"Cloak And Dagger","floor":1},{"not_picked":["PiercingWail","Expertise"],"picked":"Flying Knee","floor":3},{"not_picked":["Prepared","Eviscerate","Riddle With Holes"],"picked":"SKIP","floor":4},{"not_picked":["Poisoned Stab","Bouncing Flask"],"picked":"Sucker Punch","floor":6},{"not_picked":["Eviscerate","Masterful Stab"],"picked":"Deadly Poison","floor":7},{"not_picked":["Outmaneuver","Underhanded Strike"],"picked":"Sucker Punch","floor":8},{"not_picked":["Underhanded Strike","Outmaneuver"],"picked":"Noxious Fumes","floor":10},{"not_picked":["Expertise","Finisher","Dagger Spray"],"picked":"SKIP","floor":12},{"not_picked":["Backflip","Calculated Gamble"],"picked":"After Image","floor":13},{"not_picked":["Glass Knife","Die Die Die"],"picked":"After Image","floor":16},{"not_picked":["Leg Sweep","Prepared"],"picked":"Cloak And Dagger","floor":18},{"not_picked":["Finisher","Outmaneuver","Bane"],"picked":"SKIP","floor":19},{"not_picked":["Cloak And Dagger+1","Dodge and Roll"],"picked":"Footwork","floor":20}],"player_experience":687884,"relics_obtained":[{"floor":6,"key":"Vajra"},{"floor":9,"key":"Sundial"},{"floor":13,"key":"Matryoshka"}],"event_choices":[{"damage_healed":0,"gold_gain":0,"player_choice":"Entered Light","damage_taken":22,"max_hp_gain":0,"max_hp_loss":0,"event_name":"Shining Light","floor":2,"gold_loss":0,"cards_upgraded":["Strike_G","Defend_G"]},{"cards_removed":["Strike_G"],"damage_healed":0,"gold_gain":0,"player_choice":"Card Removal","damage_taken":7,"max_hp_gain":0,"max_hp_loss":0,"event_name":"Golden Wing","floor":5,"gold_loss":0},{"damage_healed":0,"gold_gain":0,"player_choice":"Rummage","damage_taken":0,"relics_obtained":["WarpedTongs"],"max_hp_gain":0,"max_hp_loss":0,"event_name":"Accursed Blacksmith","floor":14,"gold_loss":0,"cards_obtained":["Pain"]},{"damage_healed":0,"gold_gain":0,"player_choice":"Became a vampire","damage_taken":0,"max_hp_gain":0,"max_hp_loss":22,"event_name":"Vampires","floor":21,"gold_loss":0,"cards_obtained":["Bite","Bite","Bite","Bite","Bite"]},{"damage_healed":0,"gold_gain":0,"player_choice":"Read","damage_taken":0,"max_hp_gain":0,"max_hp_loss":0,"event_name":"The Library","floor":22,"gold_loss":0,"cards_obtained":["Cloak And Dagger"]}],"is_beta":false,"boss_relics":[{"not_picked":["Ring of the Serpent","Busted Crown"],"picked":"Eternal Feather"}],"items_purged_floors":[],"is_endless":false,"potions_floor_spawned":[4,6,10,19,20],"killed_by":"Book of Stabbing","ascension_level":16}