{"gold_per_floor":[217,217,232,232,232,259,17,35,35,55,71,89,89,107,107,208,208,227,227,227,240,22,38,38,48,48,58,58,68,68,68,68,166,166,176,21,21,37,37,37,68,68,68,68,79,79,39,53,53,53],"floor_reached":50,"playtime":2459,"items_purged":["Strike_R"],"score":619,"play_id":"ed660edc-b8fd-4d7a-abfe-31d6adc92f43","local_time":"20181209134909","is_ascension_mode":true,"campfire_choices":[{"floor":13.0,"key":"REST"},{"floor":15.0,"key":"REST"},{"floor":24.0,"key":"REST"},{"floor":32.0,"key":"REST"},{"floor":40.0,"key":"REST"},{"floor":46.0,"key":"REST"},{"floor":49.0,"key":"REST"}],"neow_cost":"NONE","seed_source_timestamp":1805145353860699,"circlet_count":0,"master_deck":["Strike_R","Strike_R","Defend_R","Defend_R+1","Defend_R","Defend_R","Bash+1","Twin Strike","Spot Weakness","Twin Strike","Pommel Strike+1","Anger+1","Shrug It Off","Immolate+1","Anger+1","Heavy Blade+1","Headbutt+1","Thunderclap+1","Havoc","Sword Boomerang+1","Inflame+1","Clumsy","Regret","Parasite","Rampage+1"],"special_seed":0,"relics":["Burning Blood","Kunai","Ornamental Fan","Molten Egg 2","Runic Pyramid","Dodecahedron","Tiny Chest","Pear","Cursed Key","Bag of Marbles","Magic Flower","Bag of Preparation","Meat on the Bone","Juzu Bracelet"],"potions_floor_usage":[],"damage_taken":[{"damage":8.0,"enemies":"2 Louse","floor":1.0,"turns":3.0},{"damage":6.0,"enemies":"Cultist","floor":3.0,"turns":3.0},{"damage":50.0,"enemies":"Lagavulin","floor":6.0,"turns":6.0},{"damage":4.0,"enemies":"Small Slimes","floor":8.0,"turns":3.0},{"damage":7.0,"enemies":"Exordium Thugs","floor":10.0,"turns":5.0},{"damage":2.0,"enemies":"Large Slime","floor":11.0,"turns":6.0},{"damage":3.0,"enemies":"Blue Slaver","floor":12.0,"turns":3.0},{"damage":6.0,"enemies":"Lots of Slimes","floor":14.0,"turns":4.0},{"damage":25.0,"enemies":"Slime Boss","floor":16.0,"turns":10.0},{"damage":29.0,"enemies":"2 Thieves","floor":18.0,"turns":3.0},{"damage":0.0,"enemies":"Spheric Guardian","floor":21.0,"turns":3.0},{"damage":33.0,"enemies":"Centurion and Healer","floor":23.0,"turns":5.0},{"damage":14.0,"enemies":"Sentry and Sphere","floor":25.0,"turns":4.0},{"damage":31.0,"enemies":"Shelled Parasite and Fungi","floor":27.0,"turns":4.0},{"damage":12.0,"enemies":"Chosen and Byrds","floor":29.0,"turns":4.0},{"damage":88.0,"enemies":"Champ","floor":33.0,"turns":10.0},{"damage":39.0,"enemies":"3 Shapes","floor":35.0,"turns":2.0},{"damage":30.0,"enemies":"3 Darklings","floor":38.0,"turns":3.0},{"damage":51.0,"enemies":"Giant Head","floor":41.0,"turns":6.0},{"damage":26.0,"enemies":"Writhing Mass","floor":45.0,"turns":5.0},{"damage":14.0,"enemies":"Sphere and 2 Shapes","floor":48.0,"turns":3.0},{"damage":94,"enemies":"Time Eater","floor":50,"turns":5}],"seed_played":"4537216345498505258","potions_obtained":[{"floor":3.0,"key":"SpeedPotion"},{"floor":6.0,"key":"EssenceOfSteel"},{"floor":8.0,"key":"EssenceOfSteel"},{"floor":11.0,"key":"Swift Potion"},{"floor":16.0,"key":"Block Potion"},{"floor":25.0,"key":"Energy Potion"},{"floor":27.0,"key":"Regen Potion"},{"floor":29.0,"key":"SpeedPotion"},{"floor":38.0,"key":"Fire Potion"},{"floor":41.0,"key":"Explosive Potion"},{"floor":45.0,"key":"Regen Potion"}],"is_trial":false,"path_per_floor":["M","?","M","?","?","E","$","M","T","M","M","M","R","M","R","B",null,"M","?","?","M","$","M","R","M","T","M","?","M","$","?","R","B",null,"M","$","?","M","$","R","E","$","T","T","M","R","?","M","R","B"],"character_chosen":"IRONCLAD","items_purchased":["Ornamental Fan","Heavy Blade+1","Tiny Chest","Bag of Marbles"],"campfire_rested":7,"item_purchase_floors":[7,22,22,36],"current_hp_per_floor":[78,83,83,66,66,22,22,24,24,23,27,30,55,55,80,61,85,62,62,62,68,68,41,66,58,68,43,74,68,68,68,95,28,95,62,62,62,41,41,69,27,27,27,27,28,56,56,65,93,0],"gold":53,"neow_bonus":"HUNDRED_GOLD","is_prod":false,"is_daily":false,"chose_seed":false,"campfire_upgraded":0,"win_rate":0,"timestamp":1544381349,"path_taken":["M","?","M","?","?","E","$","?","T","M","M","M","R","M","R","BOSS","M","?","?","?","$","M","R","M","T","M","?","M","$","?","R","BOSS","M","?","?","?","$","R","E","?","T","?","M","R","?","M","R","BOSS"],"build_version":"2018-12-06","purchased_purges":1,"victory":false,"max_hp_per_floor":[80,85,85,85,85,85,85,85,85,85,85,85,85,85,85,85,85,85,85,85,85,85,85,85,85,95,95,95,95,95,95,95,95,95,95,95,95,95,95,95,95,95,95,95,95,95,95,95,95,95],"card_choices":[{"not_picked":["Thunderclap","Intimidate"],"picked":"Twin Strike","floor":1.0},{"not_picked":["Evolve","Flex"],"picked":"Spot Weakness","floor":3.0},{"not_picked":["Dark Embrace","Warcry"],"picked":"Twin Strike","floor":6.0},{"not_picked":["Perfected Strike","Body Slam","Clash"],"picked":"SKIP","floor":8.0},{"not_picked":["Havoc","Uppercut+1","Shockwave"],"picked":"SKIP","floor":10.0},{"not_picked":["Iron Wave+1","Intimidate"],"picked":"Pommel Strike+1","floor":11.0},{"not_picked":["Havoc","Flex"],"picked":"Anger+1","floor":12.0},{"not_picked":["Juggernaut","Flex"],"picked":"Shrug It Off","floor":14.0},{"not_picked":["Juggernaut","Double Tap"],"picked":"Immolate+1","floor":16.0},{"not_picked":["Cleave+1","Ghostly Armor","Body Slam+1"],"picked":"SKIP","floor":18.0},{"not_picked":["Body Slam+1","Bloodletting"],"picked":"Anger+1","floor":21.0},{"not_picked":["Corruption","Burning Pact","Clash+1"],"picked":"SKIP","floor":23.0},{"not_picked":["Feel No Pain","Hemokinesis+1"],"picked":"Headbutt+1","floor":25.0},{"not_picked":["Dropkick+1","Warcry"],"picked":"Thunderclap+1","floor":27.0},{"not_picked":["Heavy Blade+1","True Grit","Perfected Strike+1"],"picked":"SKIP","floor":29.0},{"not_picked":["Wild Strike+1","Reckless Charge+1"],"picked":"Sword Boomerang+1","floor":35.0},{"not_picked":["Uppercut+1","Heavy Blade+1","Havoc+1"],"picked":"SKIP","floor":38.0},{"not_picked":["Fiend Fire+1","Second Wind"],"picked":"Inflame","floor":41.0},{"not_picked":["Evolve","Dual Wield+1"],"picked":"Rampage+1","floor":45.0},{"not_picked":["Sentinel+1","Twin Strike+1","Anger+1"],"picked":"SKIP","floor":48.0}],"player_experience":175812,"relics_obtained":[{"floor":6.0,"key":"Kunai"},{"floor":9.0,"key":"Molten Egg 2"},{"floor":26.0,"key":"Pear"},{"floor":41.0,"key":"Bag of Preparation"},{"floor":43.0,"key":"Meat on the Bone"},{"floor":44.0,"key":"Juzu Bracelet"}],"event_choices":[{"damage_healed":0.0,"max_hp_gain":5.0,"max_hp_loss":0.0,"gold_gain":0.0,"event_name":"Big Fish","player_choice":"Donut","floor":2.0,"gold_loss":0.0,"damage_taken":0.0},{"damage_healed":0.0,"max_hp_gain":0.0,"max_hp_loss":0.0,"gold_gain":0.0,"event_name":"Shining Light","player_choice":"Entered Light","floor":4.0,"gold_loss":0.0,"damage_taken":17.0,"cards_upgraded":["Bash","Defend_R"]},{"cards_removed":["Strike_R"],"damage_healed":0.0,"max_hp_gain":0.0,"max_hp_loss":0.0,"gold_gain":0.0,"event_name":"Bonfire Elementals","player_choice":"Offered Basic","floor":5.0,"gold_loss":0.0,"damage_taken":0.0},{"damage_healed":0.0,"max_hp_gain":0.0,"max_hp_loss":0.0,"gold_gain":0.0,"event_name":"The Mausoleum","player_choice":"Opened","floor":19.0,"gold_loss":0.0,"damage_taken":0.0,"relics_obtained":["Dodecahedron"],"cards_obtained":["Writhe"]},{"cards_removed":["Writhe"],"damage_healed":0.0,"max_hp_gain":0.0,"max_hp_loss":0.0,"gold_gain":0.0,"event_name":"Fountain of Cleansing","player_choice":"Removed Curses","floor":20.0,"gold_loss":0.0,"damage_taken":0.0},{"damage_healed":31.0,"max_hp_gain":0.0,"max_hp_loss":0.0,"gold_gain":0.0,"event_name":"The Library","player_choice":"Heal","floor":28.0,"gold_loss":0.0,"damage_taken":0.0},{"damage_healed":0.0,"max_hp_gain":0.0,"max_hp_loss":0.0,"gold_gain":0.0,"cards_transformed":["Strike_R"],"event_name":"Transmorgrifier","player_choice":"Transformed","floor":31.0,"gold_loss":0.0,"damage_taken":0.0,"cards_obtained":["Havoc"]},{"damage_healed":0.0,"max_hp_gain":0.0,"max_hp_loss":0.0,"gold_gain":0.0,"event_name":"WeMeetAgain","player_choice":"Gave Potion","floor":37.0,"gold_loss":0.0,"damage_taken":0.0,"relics_obtained":["Magic Flower"]},{"damage_healed":0.0,"max_hp_gain":0.0,"max_hp_loss":0.0,"gold_gain":0.0,"event_name":"Designer","player_choice":"Upgrade","floor":47.0,"gold_loss":40.0,"damage_taken":0.0,"cards_upgraded":["Inflame"]}],"is_beta":false,"boss_relics":[{"not_picked":["Orrery","Eternal Feather"],"picked":"Runic Pyramid"},{"not_picked":["Empty Cage","Runic Cube"],"picked":"Cursed Key"}],"items_purged_floors":[22],"is_endless":false,"potions_floor_spawned":[3,6,8,11,16,25,27,29,38,41,45],"killed_by":"Time Eater","ascension_level":4}