{"gold_per_floor":[116,116,116,2,12,12,47,47,73,107,178,188,204,190,190,290,290,300,7,19,19,39,68,82,82,82,98,126,163,175,197,209,221],"floor_reached":33,"playtime":1690,"items_purged":[],"score":356,"play_id":"b092fd0c-8d57-4a52-9082-edeea2072c61","local_time":"20181020223208","is_ascension_mode":true,"campfire_choices":[{"data":"Crippling Poison","floor":6,"key":"SMITH"},{"floor":8,"key":"REST"},{"floor":15,"key":"REST"},{"floor":25,"key":"REST"},{"floor":30,"key":"REST"},{"floor":32,"key":"REST"}],"neow_cost":"NONE","seed_source_timestamp":258927931319887,"circlet_count":0,"master_deck":["Defend_G","Defend_G+1","Defend_G","Defend_G","Defend_G","Strike_G","Strike_G","Strike_G+1","Strike_G+1","Strike_G","Survivor","Neutralize","Crippling Poison+1","Bouncing Flask+1","Well Laid Plans","Prepared","Crippling Poison","Tactician","Terror","Acrobatics","Grand Finale","Sucker Punch+1","Caltrops","Backflip","Catalyst","RitualDagger","Distraction","Dash+1","Backstab","Envenom","Deflect+1"],"relics":["Ring of the Snake","Omamori","Anchor","War Paint","Thread and Needle","Meat on the Bone","Velvet Choker","MealTicket","StoneCalendar","Lantern","MawBank","Bag of Marbles"],"potions_floor_usage":[12,33,33],"damage_taken":[{"damage":0,"enemies":"2 Louse","floor":1,"turns":3},{"damage":1,"enemies":"Jaw Worm","floor":5,"turns":3},{"damage":37,"enemies":"3 Sentries","floor":7,"turns":11},{"damage":28,"enemies":"Lagavulin","floor":10,"turns":6},{"damage":0,"enemies":"Small Slimes","floor":12,"turns":2},{"damage":0,"enemies":"2 Fungi Beasts","floor":13,"turns":3},{"damage":11,"enemies":"Exordium Thugs","floor":14,"turns":4},{"damage":6,"enemies":"The Guardian","floor":16,"turns":8},{"damage":13,"enemies":"2 Thieves","floor":18,"turns":3},{"damage":0,"enemies":"Chosen","floor":20,"turns":4},{"damage":9,"enemies":"Snake Plant","floor":22,"turns":4},{"damage":8,"enemies":"Book of Stabbing","floor":23,"turns":4},{"damage":7,"enemies":"Chosen and Byrds","floor":24,"turns":4},{"damage":2,"enemies":"Cultist and Chosen","floor":27,"turns":6},{"damage":27,"enemies":"Slavers","floor":28,"turns":6},{"damage":36,"enemies":"Shelled Parasite and Fungi","floor":31,"turns":5},{"damage":69,"enemies":"Collector","floor":33,"turns":5}],"seed_played":"8518206444716168765","potions_obtained":[{"floor":1,"key":"Ancient Potion"},{"floor":7,"key":"Explosive Potion"},{"floor":13,"key":"PowerPotion"},{"floor":20,"key":"GamblersBrew"},{"floor":31,"key":"LiquidBronze"}],"is_trial":false,"path_per_floor":["M","?","?","$","M","R","E","R","T","E","T","M","M","M","R","B",null,"M","$","M","?","M","E","M","R","T","M","E","T","R","M","R"],"character_chosen":"THE_SILENT","items_purchased":["Bouncing Flask","Well Laid Plans","Caltrops","Backflip","MealTicket"],"campfire_rested":5,"item_purchase_floors":[4,4,19,19,19],"current_hp_per_floor":[70,75,60,60,59,59,22,44,44,16,16,28,40,41,63,57,75,62,62,62,56,47,39,44,66,66,64,49,49,71,47,69,0],"gold":221,"neow_bonus":"RANDOM_COMMON_RELIC","is_prod":false,"is_daily":false,"chose_seed":false,"campfire_upgraded":1,"win_rate":0,"timestamp":1540089128,"path_taken":["M","?","?","$","M","R","E","R","T","E","?","M","M","M","R","BOSS","M","$","M","?","M","E","M","R","T","M","E","?","R","M","R","BOSS"],"build_version":"2018-10-18","purchased_purges":0,"victory":false,"max_hp_per_floor":[70,75,75,75,75,75,75,75,75,75,75,75,75,75,75,75,75,75,75,75,75,75,75,75,75,75,75,75,75,75,75,75,75],"card_choices":[{"not_picked":["Footwork","Acrobatics"],"picked":"Crippling Poison","floor":1},{"not_picked":["Outmaneuver","Crippling Poison"],"picked":"Prepared","floor":5},{"not_picked":["Endless Agony","Masterful Stab"],"picked":"Crippling Poison","floor":7},{"not_picked":["Escape Plan","Sucker Punch"],"picked":"Tactician","floor":10},{"not_picked":["Bane","Deadly Poison"],"picked":"Terror","floor":12},{"not_picked":["Quick Slash","Prepared"],"picked":"Acrobatics","floor":13},{"not_picked":["Bouncing Flask","Terror","Accuracy"],"picked":"SKIP","floor":14},{"not_picked":["Burst","Venomology"],"picked":"Grand Finale","floor":16},{"not_picked":["Dagger Spray","Dodge and Roll"],"picked":"Sucker Punch+1","floor":18},{"not_picked":["Setup+1","Distraction"],"picked":"Catalyst","floor":20},{"not_picked":["PiercingWail","Backflip"],"picked":"Distraction","floor":22},{"not_picked":["Eviscerate+1","Dagger Spray","Underhanded Strike"],"picked":"SKIP","floor":23},{"not_picked":["All Out Attack","Sucker Punch"],"picked":"Dash+1","floor":24},{"not_picked":["Underhanded Strike+1","Dagger Throw+1"],"picked":"Backstab","floor":27},{"not_picked":["Acrobatics+1","Dagger Throw"],"picked":"Envenom","floor":28},{"not_picked":["Blade Dance","Cloak And Dagger"],"picked":"Deflect+1","floor":31}],"player_experience":149210,"relics_obtained":[{"floor":7,"key":"Anchor"},{"floor":9,"key":"War Paint"},{"floor":10,"key":"Thread and Needle"},{"floor":11,"key":"Meat on the Bone"},{"floor":23,"key":"StoneCalendar"},{"floor":26,"key":"Lantern"},{"floor":28,"key":"MawBank"},{"floor":29,"key":"Bag of Marbles"}],"event_choices":[{"damage_healed":0,"gold_gain":0,"player_choice":"Donut","damage_taken":0,"max_hp_gain":5,"max_hp_loss":0,"event_name":"Big Fish","floor":2,"gold_loss":0},{"damage_healed":0,"gold_gain":0,"player_choice":"Entered Light","damage_taken":15,"max_hp_gain":0,"max_hp_loss":0,"event_name":"Shining Light","floor":3,"gold_loss":0,"cards_upgraded":["Strike_G","Strike_G"]},{"damage_healed":0,"gold_gain":0,"player_choice":"Joined the Cult","damage_taken":6,"max_hp_gain":0,"max_hp_loss":0,"event_name":"Nest","floor":21,"gold_loss":0,"cards_obtained":["RitualDagger"]}],"is_beta":false,"boss_relics":[{"not_picked":["Pandora\u0027s Box","Philosopher\u0027s Stone"],"picked":"Velvet Choker"}],"items_purged_floors":[],"is_endless":false,"potions_floor_spawned":[1,7,13,20,22,28,31],"killed_by":"Collector","ascension_level":4}