{"gold_per_floor":[118,118,118,131,131,131,158,183,183,197,147,147,55,80,80,211,211,230,230,230,230,249,280,280,91,91,91,91,112,112,112,112,213,213,227,227,254,268,280,280,312,312,312,340,350,350,350,362,362,362],"floor_reached":51,"playtime":1522,"items_purged":["Defend_R","Perfected Strike"],"score":736,"play_id":"1c4f23c4-a669-4e80-9b48-b415a682e069","local_time":"20190416221244","is_ascension_mode":false,"campfire_choices":[{"data":"Uppercut","floor":6.0,"key":"SMITH"},{"data":"Demon Form","floor":12,"key":"SMITH"},{"data":"Inflame","floor":15,"key":"SMITH"},{"data":"Whirlwind","floor":24,"key":"SMITH"},{"data":"Demon Form","floor":27,"key":"SMITH"},{"data":"Whirlwind","floor":30,"key":"SMITH"},{"floor":32,"key":"REST"},{"data":"Inflame","floor":40,"key":"SMITH"},{"data":"Uppercut","floor":42,"key":"SMITH"},{"data":"Double Tap","floor":47,"key":"SMITH"},{"data":"Heavy Blade","floor":49,"key":"SMITH"}],"neow_cost":"CURSE","seed_source_timestamp":31013385244166,"circlet_count":0,"master_deck":["Bash","Havoc","Demon Form+1","Uppercut+1","Flex","Inflame+1","Flame Barrier","Demon Form+1","Uppercut+1","Bloodletting","Twin Strike","Whirlwind+1","True Grit+1","Rage","Whirlwind+1","Inflame+1","Immolate","Double Tap+1","Headbutt+1","Heavy Blade+1"],"special_seed":0,"relics":["Burning Blood","Pen Nib","Bloody Idol","Blood Vial","The Courier","Pandora\u0027s Box","Mummified Hand","Boot","Pantograph","Velvet Choker","Bronze Scales","Sundial","Frozen Egg 2","Dream Catcher"],"potions_floor_usage":[16,23,33,41,44,50,50],"damage_taken":[{"damage":6.0,"enemies":"Jaw Worm","floor":1.0,"turns":3.0},{"damage":9.0,"enemies":"2 Louse","floor":4.0,"turns":2.0},{"damage":0.0,"enemies":"Small Slimes","floor":8.0,"turns":3.0},{"damage":8.0,"enemies":"3 Louse","floor":10.0,"turns":5.0},{"damage":7,"enemies":"2 Fungi Beasts","floor":14,"turns":4},{"damage":15,"enemies":"Slime Boss","floor":16,"turns":8},{"damage":10,"enemies":"Chosen","floor":18,"turns":3},{"damage":6,"enemies":"Shell Parasite","floor":22,"turns":3},{"damage":44,"enemies":"Gremlin Leader","floor":23,"turns":5},{"damage":18,"enemies":"Snake Plant","floor":29,"turns":4},{"damage":5,"enemies":"Collector","floor":33,"turns":5},{"damage":9,"enemies":"3 Shapes","floor":35,"turns":2},{"damage":15,"enemies":"Orb Walker","floor":38,"turns":3},{"damage":17,"enemies":"3 Darklings","floor":39,"turns":3},{"damage":25,"enemies":"Reptomancer","floor":41,"turns":5},{"damage":53,"enemies":"Nemesis","floor":44,"turns":5},{"damage":0,"enemies":"Transient","floor":45,"turns":5},{"damage":31,"enemies":"Maw","floor":48,"turns":5},{"damage":61,"enemies":"Awakened One","floor":50,"turns":6}],"seed_played":"8365059236450809141","potions_obtained":[{"floor":4.0,"key":"SteroidPotion"},{"floor":8.0,"key":"PowerPotion"},{"floor":14,"key":"PowerPotion"},{"floor":29,"key":"Weak Potion"},{"floor":35,"key":"PowerPotion"},{"floor":39,"key":"Explosive Potion"},{"floor":41,"key":"SpeedPotion"}],"is_trial":false,"path_per_floor":["M","?","?","M","?","R","T","M","T","M","?","R","$","M","R","B",null,"M","?","?","?","M","E","R","$","T","R","$","M","R","?","R","B",null,"M","?","T","M","M","R","E","R","T","E","M","?","R","M","R","B",null],"character_chosen":"IRONCLAD","items_purchased":["Inflame","Whirlwind","Inflame"],"campfire_rested":1,"item_purchase_floors":[13,25,25],"current_hp_per_floor":[80,73,53,50,43,43,43,51,51,51,51,51,51,52,52,45,77,73,73,73,73,75,39,39,39,39,39,39,29,29,29,52,77,77,77,73,73,69,65,65,53,53,53,13,26,64,64,44,44,9],"gold":362,"neow_bonus":"TRANSFORM_TWO_CARDS","is_prod":false,"is_daily":false,"chose_seed":false,"campfire_upgraded":10,"win_rate":0,"timestamp":1555474364,"path_taken":["M","?","?","M","?","R","?","M","T","M","?","R","$","M","R","BOSS","M","?","?","?","?","E","R","$","T","R","$","M","R","?","R","BOSS","M","?","?","M","M","R","E","R","T","E","?","?","R","M","R","BOSS"],"build_version":"2019-01-23","purchased_purges":2,"victory":true,"max_hp_per_floor":[80,80,80,80,77,77,77,77,77,77,77,77,77,77,77,77,77,77,77,77,77,77,77,77,77,77,77,77,77,77,77,77,77,77,77,73,73,73,73,73,73,73,73,73,73,64,64,64,64,64],"card_choices":[{"not_picked":["Rage","Corruption"],"picked":"Uppercut","floor":1.0},{"not_picked":["Bloodletting","Anger"],"picked":"Flex","floor":4.0},{"not_picked":["Cleave","Reckless Charge","Anger"],"picked":"SKIP","floor":8.0},{"not_picked":["Ghostly Armor","Cleave","Carnage"],"picked":"SKIP","floor":10.0},{"not_picked":["Ghostly Armor","Cleave","Carnage"],"picked":"SKIP","floor":10.0},{"not_picked":["Headbutt","Intimidate"],"picked":"Flame Barrier","floor":14},{"not_picked":["Brutality","Fiend Fire"],"picked":"Demon Form","floor":16},{"not_picked":["Iron Wave","Searing Blow"],"picked":"True Grit+1","floor":18},{"not_picked":["Dropkick","Twin Strike"],"picked":"Rage","floor":22},{"not_picked":["Twin Strike","Iron Wave","Fiend Fire"],"picked":"SKIP","floor":23},{"not_picked":["Warcry+1","True Grit","Armaments+1"],"picked":"SKIP","floor":29},{"not_picked":["Feed","Bludgeon"],"picked":"Immolate","floor":33},{"not_picked":["Rupture","Armaments+1","Intimidate"],"picked":"SKIP","floor":35},{"not_picked":["Spot Weakness","Fire Breathing","Shockwave"],"picked":"SKIP","floor":38},{"not_picked":["Anger+1","Havoc","Twin Strike"],"picked":"SKIP","floor":39},{"not_picked":["Perfected Strike","Intimidate","Shockwave+1"],"picked":"SKIP","floor":41},{"not_picked":["Intimidate","Carnage","Double Tap"],"picked":"SKIP","floor":44},{"not_picked":["Intimidate","Carnage"],"picked":"Double Tap","floor":44},{"not_picked":["Iron Wave","Clash+1"],"picked":"Headbutt+1","floor":45},{"not_picked":["Second Wind+1","Spot Weakness+1"],"picked":"Heavy Blade","floor":48}],"player_experience":1233443,"relics_obtained":[{"floor":7.0,"key":"Blood Vial"},{"floor":9.0,"key":"The Courier"},{"floor":23,"key":"Boot"},{"floor":26,"key":"Pantograph"},{"floor":37,"key":"Bronze Scales"},{"floor":41,"key":"Sundial"},{"floor":43,"key":"Frozen Egg 2"},{"floor":44,"key":"Dream Catcher"}],"event_choices":[{"damage_healed":0.0,"max_hp_gain":0.0,"max_hp_loss":0.0,"gold_gain":0.0,"event_name":"Scrap Ooze","player_choice":"Success","floor":2.0,"gold_loss":0.0,"damage_taken":7.0,"relics_obtained":["Pen Nib"]},{"damage_healed":0.0,"max_hp_gain":0.0,"max_hp_loss":0.0,"gold_gain":0.0,"event_name":"Golden Idol","player_choice":"Take Damage","floor":3.0,"gold_loss":0.0,"damage_taken":20.0,"relics_obtained":["Golden Idol"]},{"cards_removed":["Parasite"],"damage_healed":0.0,"max_hp_gain":0.0,"max_hp_loss":0.0,"gold_gain":0.0,"event_name":"Golden Wing","player_choice":"Card Removal","floor":5.0,"gold_loss":0.0,"damage_taken":7.0},{"cards_removed":["Strike_R"],"damage_healed":0.0,"max_hp_gain":0.0,"max_hp_loss":0.0,"gold_gain":0.0,"event_name":"The Cleric","player_choice":"Card Removal","floor":11.0,"gold_loss":50.0,"damage_taken":0.0},{"damage_healed":0,"gold_gain":0,"player_choice":"Opened","damage_taken":0,"relics_obtained":["Mummified Hand"],"max_hp_gain":0,"max_hp_loss":0,"event_name":"The Mausoleum","floor":19,"gold_loss":0,"cards_obtained":["Writhe"]},{"cards_removed":["Writhe"],"damage_healed":0,"gold_gain":0,"player_choice":"Elegance","damage_taken":0,"max_hp_gain":0,"max_hp_loss":0,"event_name":"Back to Basics","floor":20,"gold_loss":0},{"damage_healed":0,"gold_gain":0,"player_choice":"Ignored","damage_taken":0,"max_hp_gain":0,"max_hp_loss":0,"event_name":"N\u0027loth","floor":21,"gold_loss":0},{"damage_healed":0,"gold_gain":0,"player_choice":"Gave Idol","damage_taken":0,"relics_obtained":["Bloody Idol"],"max_hp_gain":0,"max_hp_loss":0,"event_name":"Forgotten Altar","floor":31,"relics_lost":["Golden Idol"],"gold_loss":0},{"damage_healed":0,"gold_gain":0,"player_choice":"Max HP","damage_taken":0,"max_hp_gain":0,"max_hp_loss":4,"event_name":"Winding Halls","floor":36,"gold_loss":0},{"damage_healed":64,"gold_gain":0,"player_choice":"Heal","damage_taken":0,"max_hp_gain":0,"max_hp_loss":9,"event_name":"The Moai Head","floor":46,"gold_loss":0}],"is_beta":false,"boss_relics":[{"not_picked":["Calling Bell","Runic Pyramid"],"picked":"Pandora\u0027s Box"},{"not_picked":["Orrery","Lizard Tail"],"picked":"Velvet Choker"}],"items_purged_floors":[13,25],"is_endless":false,"potions_floor_spawned":[4,8,14,29,35,39,41],"ascension_level":0}