{"gold_per_floor":[215,290,290,314,51,51,95,120,173,173,198,231,41,75,75,203,203,226,226,251,251,351,351,391,415,464,464,487,510,91,107,107,228,228,248,264,264,277,340,340,39,39,39,59,59,78,411,430,430,430],"floor_reached":50,"playtime":3067,"items_purged":["Strike_R","Strike_R"],"score":628,"play_id":"07dc42c0-7eb9-476f-af15-a1425828be17","local_time":"20181209205036","is_ascension_mode":true,"campfire_choices":[{"floor":6,"key":"REST"},{"floor":10,"key":"REST"},{"floor":15,"key":"REST"},{"floor":23,"key":"REST"},{"floor":27,"key":"REST"},{"floor":32,"key":"REST"},{"floor":40,"key":"REST"},{"floor":45,"key":"REST"},{"floor":49,"key":"REST"}],"neow_cost":"NONE","seed_source_timestamp":8708256759962,"circlet_count":0,"master_deck":["Strike_R","Defend_R","Defend_R+1","Defend_R","Defend_R","Bash","Armaments","Infernal Blade","Inflame","Blood for Blood","Inflame","Headbutt","Rupture","Demon Form","Carnage+1","Heavy Blade","Bloodletting","Havoc+1","Feed","Rage+1","Pommel Strike","Normality","True Grit+1"],"relics":["Burning Blood","Red Skull","Centennial Puzzle","PreservedInsect","Self Forming Clay","Medical Kit","Pocketwatch","Busted Crown","Nilry\u0027s Codex","Happy Flower","Anchor","Shuriken","Cursed Key","Ginger","War Paint","Lantern","Mercury Hourglass"],"potions_floor_usage":[14,16,18,20,24,28,31,33,33,33,39,46,50],"damage_taken":[{"damage":8,"enemies":"Jaw Worm","floor":1,"turns":4},{"damage":1,"enemies":"Small Slimes","floor":4,"turns":3},{"damage":30,"enemies":"Lagavulin","floor":7,"turns":6},{"damage":2,"enemies":"2 Louse","floor":8,"turns":3},{"damage":28,"enemies":"Large Slime","floor":11,"turns":6},{"damage":8,"enemies":"Gremlin Nob","floor":12,"turns":3},{"damage":15,"enemies":"3 Sentries","floor":14,"turns":5},{"damage":38,"enemies":"Slime Boss","floor":16,"turns":6},{"damage":13,"enemies":"Shell Parasite","floor":18,"turns":4},{"damage":25,"enemies":"Chosen","floor":20,"turns":5},{"damage":30,"enemies":"Book of Stabbing","floor":24,"turns":4},{"damage":13,"enemies":"Snecko","floor":25,"turns":3},{"damage":37,"enemies":"Centurion and Healer","floor":28,"turns":4},{"damage":18,"enemies":"Cultist and Chosen","floor":29,"turns":5},{"damage":1,"enemies":"Snecko","floor":31,"turns":3},{"damage":30,"enemies":"Collector","floor":33,"turns":6},{"damage":4,"enemies":"Orb Walker","floor":35,"turns":3},{"damage":10,"enemies":"3 Shapes","floor":36,"turns":4},{"damage":17,"enemies":"Sphere and 2 Shapes","floor":38,"turns":4},{"damage":24,"enemies":"2 Orb Walkers","floor":39,"turns":4},{"damage":31,"enemies":"3 Darklings","floor":44,"turns":4},{"damage":22,"enemies":"4 Shapes","floor":46,"turns":3},{"damage":31,"enemies":"Spire Growth","floor":48,"turns":5},{"damage":79,"enemies":"Awakened One","floor":50,"turns":4}],"seed_played":"3322156398025694705","potions_obtained":[{"floor":4,"key":"Poison Potion"},{"floor":11,"key":"Energy Potion"},{"floor":12,"key":"GamblersBrew"},{"floor":14,"key":"PowerPotion"},{"floor":16,"key":"BloodPotion"},{"floor":20,"key":"GamblersBrew"},{"floor":24,"key":"LiquidBronze"},{"floor":29,"key":"Block Potion"},{"floor":31,"key":"FearPotion"},{"floor":38,"key":"Weak Potion"},{"floor":39,"key":"PowerPotion"},{"floor":44,"key":"Poison Potion"},{"floor":46,"key":"FearPotion"}],"is_trial":false,"path_per_floor":["M","?","?","M","$","R","E","M","T","R","M","E","$","E","R","B",null,"M","?","M","?","?","R","E","M","T","R","M","M","$","M","R","B",null,"M","M","?","M","?","R","$","?","T","M","R","M","?","M","R","B"],"character_chosen":"IRONCLAD","items_purchased":["Inflame","Red Skull","Medical Kit","Shuriken","Weak Potion","Havoc","War Paint","Lantern"],"campfire_rested":9,"item_purchase_floors":[5,5,13,30,30,30,41,41],"current_hp_per_floor":[78,67,47,52,52,76,52,56,56,80,58,56,56,47,71,39,80,73,57,38,38,38,62,46,39,39,63,32,20,20,25,49,25,80,80,79,79,71,56,82,82,82,82,57,83,70,70,48,76,0],"gold":430,"neow_bonus":"HUNDRED_GOLD","is_prod":false,"is_daily":false,"chose_seed":false,"campfire_upgraded":0,"win_rate":0,"timestamp":1544406636,"path_taken":["M","?","?","M","$","R","E","M","T","R","M","E","$","E","R","BOSS","M","?","M","?","?","R","E","M","T","R","?","M","$","M","R","BOSS","M","M","?","?","?","R","$","?","T","M","R","M","?","M","R","BOSS"],"build_version":"2018-12-06","purchased_purges":2,"victory":false,"max_hp_per_floor":[80,80,80,80,80,80,80,80,80,80,80,80,80,80,80,80,80,80,80,80,80,80,80,80,80,80,80,80,80,80,80,80,80,80,80,83,83,86,89,89,89,89,89,89,89,92,92,95,95,98],"card_choices":[{"not_picked":["Iron Wave","Warcry"],"picked":"Armaments","floor":1},{"not_picked":["Hemokinesis","Havoc"],"picked":"Infernal Blade","floor":4},{"not_picked":["Barricade","Cleave"],"picked":"Blood for Blood","floor":7},{"not_picked":["Armaments","Clothesline"],"picked":"Inflame","floor":8},{"not_picked":["Sword Boomerang","Dropkick"],"picked":"Headbutt","floor":11},{"not_picked":["Bloodletting","Rage"],"picked":"Rupture","floor":12},{"not_picked":["Battle Trance","Uppercut","Flex"],"picked":"SKIP","floor":14},{"not_picked":["Exhume","Bludgeon"],"picked":"Demon Form","floor":16},{"not_picked":["Sword Boomerang"],"picked":"SKIP","floor":18},{"not_picked":[],"picked":"Carnage+1","floor":20},{"not_picked":[],"picked":"Bloodletting","floor":24},{"not_picked":["Blood for Blood"],"picked":"SKIP","floor":25},{"not_picked":["Rupture"],"picked":"SKIP","floor":28},{"not_picked":["Headbutt"],"picked":"SKIP","floor":29},{"not_picked":["Carnage"],"picked":"SKIP","floor":31},{"not_picked":[],"picked":"Feed","floor":33},{"not_picked":["Wild Strike+1"],"picked":"SKIP","floor":35},{"not_picked":[],"picked":"Rage+1","floor":36},{"not_picked":["Wild Strike"],"picked":"SKIP","floor":38},{"not_picked":[],"picked":"Pommel Strike","floor":39},{"not_picked":[],"picked":"True Grit+1","floor":44},{"not_picked":["Warcry"],"picked":"SKIP","floor":46},{"not_picked":["Warcry+1"],"picked":"SKIP","floor":48}],"player_experience":178271,"relics_obtained":[{"floor":7,"key":"Centennial Puzzle"},{"floor":9,"key":"PreservedInsect"},{"floor":12,"key":"Self Forming Clay"},{"floor":14,"key":"Pocketwatch"},{"floor":19,"key":"Nilry\u0027s Codex"},{"floor":24,"key":"Happy Flower"},{"floor":26,"key":"Anchor"},{"floor":39,"key":"Ginger"},{"floor":43,"key":"Mercury Hourglass"}],"event_choices":[{"damage_healed":0,"gold_gain":75,"player_choice":"Gather Gold","damage_taken":11,"max_hp_gain":0,"max_hp_loss":0,"event_name":"World of Goop","floor":2,"gold_loss":0},{"damage_healed":0,"gold_gain":0,"player_choice":"Take Damage","damage_taken":20,"relics_obtained":["Golden Idol"],"max_hp_gain":0,"max_hp_loss":0,"event_name":"Golden Idol","floor":3,"gold_loss":0},{"damage_healed":0,"gold_gain":0,"player_choice":"Obtained Book","damage_taken":16,"max_hp_gain":0,"max_hp_loss":0,"event_name":"Cursed Tome","floor":19,"gold_loss":0},{"damage_healed":0,"gold_gain":0,"player_choice":"Read","damage_taken":0,"max_hp_gain":0,"max_hp_loss":0,"event_name":"The Library","floor":21,"gold_loss":0,"cards_obtained":["Heavy Blade"]},{"damage_healed":0,"gold_gain":100,"player_choice":"Pray","damage_taken":0,"max_hp_gain":0,"max_hp_loss":0,"event_name":"Golden Shrine","floor":22,"gold_loss":0},{"cards_removed":["Strike_R"],"damage_healed":0,"gold_gain":0,"player_choice":"Purged","damage_taken":0,"max_hp_gain":0,"max_hp_loss":0,"event_name":"Purifier","floor":37,"gold_loss":0},{"damage_healed":0,"gold_gain":0,"player_choice":"Fight","damage_taken":0,"max_hp_gain":0,"max_hp_loss":0,"event_name":"Mysterious Sphere","floor":39,"gold_loss":0},{"cards_removed":["Strike_R"],"damage_healed":0,"gold_gain":0,"player_choice":"Removed Attack","damage_taken":0,"max_hp_gain":0,"max_hp_loss":0,"event_name":"Falling","floor":42,"gold_loss":0},{"damage_healed":0,"gold_gain":333,"player_choice":"Gave Idol","damage_taken":0,"max_hp_gain":0,"max_hp_loss":0,"event_name":"The Moai Head","floor":47,"relics_lost":["Golden Idol"],"gold_loss":0}],"is_beta":false,"boss_relics":[{"not_picked":["White Beast Statue","Lizard Tail"],"picked":"Busted Crown"},{"not_picked":["Black Star","Snecko Eye"],"picked":"Cursed Key"}],"items_purged_floors":[5,30],"is_endless":false,"potions_floor_spawned":[4,11,12,14,16,20,24,29,31,38,39,44,46],"killed_by":"Awakened One","ascension_level":4}