{"gold_per_floor":[114,124,134,154,165,165,68,68,68,68,87,87,19,49,49,154,154,154,154,54,54,54,54,54,54,54,54,54,54,54,54,54,54],"floor_reached":33,"playtime":577,"items_purged":["Strike_R","Strike_R"],"score":342,"play_id":"4d09b1e3-ff90-4db7-833e-70234d1b15c2","local_time":"20190416232448","is_ascension_mode":false,"campfire_choices":[{"data":"Flex","floor":6,"key":"SMITH"},{"data":"Spot Weakness","floor":15,"key":"SMITH"},{"data":"Whirlwind","floor":23,"key":"SMITH"},{"data":"Flex","floor":25,"key":"SMITH"},{"data":"Whirlwind","floor":27,"key":"SMITH"},{"data":"Heavy Blade","floor":29,"key":"SMITH"},{"data":"Bash","floor":32,"key":"SMITH"}],"neow_cost":"PERCENT_DAMAGE","seed_source_timestamp":36319034884669,"circlet_count":0,"master_deck":["Strike_R","Strike_R+1","Defend_R","Defend_R","Defend_R","Bash+1","Cleave","Flex+1","Heavy Blade+1","Heavy Blade+1","Spot Weakness+1","Whirlwind+1","Flex+1","Metallicize+1","Immolate","Shame","Whirlwind+1"],"relics":["Burning Blood","Mercury Hourglass","Pen Nib","Frozen Egg 2","Ectoplasm","Red Mask","Shuriken","Strawberry","Lantern"],"potions_floor_usage":[11,14,19,28,28,33],"damage_taken":[{"damage":1,"enemies":"Cultist","floor":1,"turns":4},{"damage":8,"enemies":"Jaw Worm","floor":2,"turns":4},{"damage":7,"enemies":"Small Slimes","floor":3,"turns":3},{"damage":4,"enemies":"Exordium Wildlife","floor":4,"turns":3},{"damage":14,"enemies":"3 Louse","floor":5,"turns":2},{"damage":6,"enemies":"2 Fungi Beasts","floor":11,"turns":2},{"damage":3,"enemies":"Gremlin Nob","floor":14,"turns":3},{"damage":0,"enemies":"Slime Boss","floor":16,"turns":5},{"damage":0,"enemies":"3 Byrds","floor":18,"turns":2},{"damage":10,"enemies":"Masked Bandits","floor":19,"turns":3},{"damage":6,"enemies":"Spheric Guardian","floor":21,"turns":3},{"damage":0,"enemies":"Centurion and Healer","floor":24,"turns":4},{"damage":16,"enemies":"Book of Stabbing","floor":28,"turns":3},{"damage":8,"enemies":"Snecko","floor":30,"turns":3},{"damage":0,"enemies":"3 Cultists","floor":31,"turns":1},{"damage":84,"enemies":"Champ","floor":33,"turns":7}],"seed_played":"-1406008602976885203","potions_obtained":[{"floor":2,"key":"SpeedPotion"},{"floor":5,"key":"GamblersBrew"},{"floor":10,"key":"Fire Potion"},{"floor":11,"key":"Weak Potion"},{"floor":19,"key":"LiquidBronze"},{"floor":21,"key":"FearPotion"},{"floor":30,"key":"Regen Potion"}],"is_trial":false,"path_per_floor":["M","M","M","M","M","R","$","T","T","?","M","?","$","E","R","B",null,"M","?","$","M","?","R","M","R","T","R","E","R","M","M","R","B"],"character_chosen":"IRONCLAD","items_purchased":["Heavy Blade","Whirlwind"],"campfire_rested":0,"item_purchase_floors":[7,13],"current_hp_per_floor":[61,59,58,60,52,52,52,52,52,52,52,36,36,39,39,45,80,80,76,76,76,76,76,80,80,87,87,77,77,75,81,81,0],"gold":54,"neow_bonus":"REMOVE_TWO","is_prod":false,"is_daily":false,"chose_seed":false,"campfire_upgraded":7,"win_rate":0,"timestamp":1555478688,"path_taken":["M","M","M","?","?","R","$","?","T","?","?","?","$","E","R","BOSS","M","?","$","M","?","R","M","R","T","R","E","R","M","M","R","BOSS"],"build_version":"2019-01-23","purchased_purges":2,"victory":false,"max_hp_per_floor":[80,80,80,80,80,80,80,80,80,80,80,80,80,80,80,80,80,80,80,80,80,80,80,80,80,87,87,87,87,87,87,87,87],"card_choices":[{"not_picked":["Body Slam","Heavy Blade"],"picked":"Cleave","floor":1},{"not_picked":["Twin Strike","Infernal Blade"],"picked":"Flex","floor":2},{"not_picked":["Sword Boomerang","Perfected Strike"],"picked":"Heavy Blade","floor":3},{"not_picked":["Wild Strike","Exhume","Pommel Strike"],"picked":"SKIP","floor":4},{"not_picked":["Havoc","Pommel Strike","Iron Wave"],"picked":"SKIP","floor":5},{"not_picked":["Thunderclap","Bloodletting"],"picked":"Spot Weakness","floor":11},{"not_picked":["Feel No Pain","Juggernaut"],"picked":"Flex","floor":14},{"not_picked":["Perfected Strike","Wild Strike","Ghostly Armor"],"picked":"SKIP","floor":18},{"not_picked":["Feel No Pain+1","Dual Wield"],"picked":"Metallicize+1","floor":19},{"not_picked":["Thunderclap+1","Feel No Pain+1"],"picked":"Immolate","floor":21},{"not_picked":["Clash","Pommel Strike"],"picked":"Whirlwind","floor":24},{"not_picked":["Feel No Pain+1","Anger","Havoc"],"picked":"SKIP","floor":28},{"not_picked":["Entrench","Flex","Body Slam"],"picked":"SKIP","floor":30},{"not_picked":["Clash","Seeing Red","Flex"],"picked":"SKIP","floor":31}],"player_experience":1237496,"relics_obtained":[{"floor":8,"key":"Mercury Hourglass"},{"floor":9,"key":"Pen Nib"},{"floor":14,"key":"Frozen Egg 2"},{"floor":19,"key":"Red Mask"},{"floor":26,"key":"Strawberry"},{"floor":28,"key":"Lantern"}],"event_choices":[{"damage_healed":0,"gold_gain":0,"player_choice":"Got Potions","damage_taken":0,"max_hp_gain":0,"max_hp_loss":0,"event_name":"Lab","floor":10,"gold_loss":0},{"damage_healed":0,"gold_gain":0,"player_choice":"Entered Light","damage_taken":16,"max_hp_gain":0,"max_hp_loss":0,"event_name":"Shining Light","floor":12,"gold_loss":0,"cards_upgraded":["Heavy Blade","Strike_R"]},{"damage_healed":0,"gold_gain":0,"player_choice":"Fought Bandits","damage_taken":0,"max_hp_gain":0,"max_hp_loss":0,"event_name":"Masked Bandits","floor":19,"gold_loss":0},{"damage_healed":0,"gold_gain":0,"player_choice":"Stole Relic","damage_taken":0,"relics_obtained":["Shuriken"],"max_hp_gain":0,"max_hp_loss":0,"event_name":"Addict","floor":22,"gold_loss":0,"cards_obtained":["Shame"]}],"is_beta":false,"boss_relics":[{"not_picked":["Runic Pyramid","White Beast Statue"],"picked":"Ectoplasm"}],"items_purged_floors":[7,20],"is_endless":false,"potions_floor_spawned":[2,5,11,19,21,30],"killed_by":"Champ","ascension_level":0}