{"gold_per_floor":[217,232,232,247,265,265,277,306,329,357,93,93,107,133,133,210,210,226,150,160,34,34,34,62,62],"floor_reached":25,"playtime":1327,"items_purged":[],"score":454,"play_id":"9985acc4-be91-4272-b0a5-68b9ecdd11d9","local_time":"20190415130426","is_ascension_mode":true,"campfire_choices":[{"data":"Immolate","floor":6.0,"key":"SMITH"},{"data":"Bash","floor":12.0,"key":"SMITH"},{"data":"Flame Barrier","floor":15.0,"key":"SMITH"},{"data":"Carnage","floor":23.0,"key":"SMITH"}],"neow_cost":"NONE","seed_source_timestamp":490157839779300,"circlet_count":0,"master_deck":["AscendersBane","Strike_R","Strike_R","Defend_R","Defend_R+1","Defend_R","Defend_R","Bash+1","Iron Wave","Cleave","Metallicize","Immolate+1","Armaments+1","Thunderclap","Shrug It Off","Flame Barrier+1","Feed","Bloodletting+1","Uppercut+1","Combust+1","Feel No Pain","Evolve","Spot Weakness","Carnage+1"],"special_seed":0,"relics":["Burning Blood","War Paint","MawBank","Kunai","PreservedInsect","Astrolabe","Omamori"],"potions_floor_usage":[],"damage_taken":[{"damage":6.0,"enemies":"Cultist","floor":1.0,"turns":3.0},{"damage":7.0,"enemies":"Small Slimes","floor":2.0,"turns":4.0},{"damage":9.0,"enemies":"2 Louse","floor":4.0,"turns":2.0},{"damage":20.0,"enemies":"Exordium Wildlife","floor":5.0,"turns":6.0},{"damage":0.0,"enemies":"2 Fungi Beasts","floor":7.0,"turns":1.0},{"damage":21.0,"enemies":"Gremlin Nob","floor":8.0,"turns":4.0},{"damage":0.0,"enemies":"Lots of Slimes","floor":10.0,"turns":1.0},{"damage":3.0,"enemies":"Looter","floor":13.0,"turns":2.0},{"damage":12.0,"enemies":"3 Sentries","floor":14.0,"turns":3.0},{"damage":24.0,"enemies":"Slime Boss","floor":16.0,"turns":11.0},{"damage":22.0,"enemies":"2 Thieves","floor":18.0,"turns":3.0},{"damage":20.0,"enemies":"Shell Parasite","floor":20.0,"turns":9.0},{"damage":32,"enemies":"Gremlin Leader","floor":24,"turns":5},{"damage":10,"enemies":"Centurion and Healer","floor":25,"turns":1}],"seed_played":"8214328650587802323","potions_obtained":[{"floor":2.0,"key":"Block Potion"},{"floor":4.0,"key":"SpeedPotion"},{"floor":5.0,"key":"Fire Potion"},{"floor":8.0,"key":"Swift Potion"},{"floor":24,"key":"Energy Potion"}],"is_trial":false,"path_per_floor":["M","M","?","M","M","R","M","E","T","M","$","R","M","E","R","B",null,"M","$","M","$","?","R","E","M"],"character_chosen":"IRONCLAD","items_purchased":["Kunai","Feel No Pain","Spot Weakness","Carnage"],"campfire_rested":0,"item_purchase_floors":[11,19,21,21],"current_hp_per_floor":[68,67,56,53,39,39,45,30,30,36,36,36,39,33,33,15,60,47,47,33,33,33,33,10,0],"gold":62,"neow_bonus":"HUNDRED_GOLD","is_prod":false,"is_daily":false,"chose_seed":false,"campfire_upgraded":4,"win_rate":0,"timestamp":1555358666,"path_taken":["M","?","?","M","M","R","M","E","T","M","$","R","M","E","R","BOSS","M","$","?","$","?","R","E","M"],"build_version":"2019-01-23","purchased_purges":0,"victory":false,"max_hp_per_floor":[75,75,75,75,75,75,75,75,75,75,75,75,75,75,75,75,75,78,78,78,78,78,78,81,81],"card_choices":[{"not_picked":["Armaments","Inflame"],"picked":"Iron Wave","floor":1.0},{"not_picked":["Shrug It Off","Intimidate"],"picked":"Cleave","floor":2.0},{"not_picked":["Perfected Strike","True Grit"],"picked":"Metallicize","floor":4.0},{"not_picked":["Havoc","Perfected Strike"],"picked":"Immolate","floor":5.0},{"not_picked":["Havoc","Twin Strike"],"picked":"Armaments","floor":7.0},{"not_picked":["Sentinel","Dark Embrace","Warcry"],"picked":"SKIP","floor":8.0},{"not_picked":["Bloodletting","Twin Strike"],"picked":"Thunderclap","floor":10.0},{"not_picked":["Body Slam","Headbutt"],"picked":"Shrug It Off","floor":13.0},{"not_picked":["Sentinel","Bloodletting"],"picked":"Flame Barrier","floor":14.0},{"not_picked":["Limit Break","Dark Embrace"],"picked":"Feed","floor":16.0},{"not_picked":["Iron Wave+1","Sword Boomerang","Heavy Blade"],"picked":"SKIP","floor":18.0},{"not_picked":["Body Slam","Thunderclap"],"picked":"Evolve","floor":20.0},{"not_picked":["Seeing Red","Thunderclap","Clash"],"picked":"SKIP","floor":24}],"player_experience":563328,"relics_obtained":[{"floor":8.0,"key":"War Paint"},{"floor":9.0,"key":"MawBank"},{"floor":14.0,"key":"PreservedInsect"},{"floor":24,"key":"Omamori"}],"event_choices":[{"damage_healed":0.0,"max_hp_gain":0.0,"max_hp_loss":0.0,"gold_gain":0.0,"event_name":"Wheel of Change","player_choice":"Damaged","floor":3.0,"gold_loss":0.0,"damage_taken":11.0},{"damage_healed":0.0,"max_hp_gain":0.0,"max_hp_loss":0.0,"gold_gain":0.0,"event_name":"Vampires","player_choice":"Ignored","floor":22.0,"gold_loss":0.0,"damage_taken":0.0}],"is_beta":false,"boss_relics":[{"not_picked":["Black Blood","Runic Dome"],"picked":"Astrolabe"}],"items_purged_floors":[],"is_endless":false,"potions_floor_spawned":[2,4,5,8,24],"killed_by":"Centurion and Healer","ascension_level":19}