{"gold_per_floor":[111,124,44,44,44,88,100,128,140,152,164,199,224,251,263,405,417,403,433,445,457,469],"floor_reached":22,"playtime":1391,"items_purged":[],"score":205,"play_id":"b3be36d0-7c84-4b1e-8873-52ccd87e58f5","local_time":"20181011183116","is_ascension_mode":true,"campfire_choices":[{"data":"Shrug It Off","floor":7,"key":"SMITH"},{"floor":11,"key":"REST"},{"floor":15,"key":"REST"}],"neow_cost":"NONE","seed_source_timestamp":603519617013433,"circlet_count":0,"master_deck":["Strike_R","Strike_R+1","Strike_R","Strike_R","Defend_R","Defend_R","Defend_R","Defend_R+1","Bash","Shrug It Off+1","Clothesline","Inflame","Injury","Inflame","Shrug It Off","Heavy Blade","Pommel Strike","Flex","Demon Form","Metallicize","Wild Strike"],"relics":["Burning Blood","Red Skull","Golden Idol","MawBank","Ornamental Fan","Black Star","PreservedInsect"],"potions_floor_usage":[16,16,22,22,22],"damage_taken":[{"damage":8,"enemies":"Jaw Worm","floor":1,"turns":5},{"damage":1,"enemies":"Small Slimes","floor":2,"turns":5},{"damage":35,"enemies":"Gremlin Nob","floor":6,"turns":5},{"damage":6,"enemies":"Cultist","floor":8,"turns":4},{"damage":3,"enemies":"Looter","floor":12,"turns":3},{"damage":0,"enemies":"2 Fungi Beasts","floor":13,"turns":4},{"damage":15,"enemies":"3 Louse","floor":14,"turns":3},{"damage":45,"enemies":"Hexaghost","floor":16,"turns":12},{"damage":44,"enemies":"2 Thieves","floor":18,"turns":5},{"damage":35,"enemies":"Chosen","floor":19,"turns":6},{"damage":16,"enemies":"Centurion and Healer","floor":22,"turns":4}],"seed_played":"-7648970136046319178","potions_obtained":[{"floor":1,"key":"Regen Potion"},{"floor":8,"key":"SpeedPotion"},{"floor":12,"key":"EssenceOfSteel"},{"floor":16,"key":"Poison Potion"},{"floor":19,"key":"Energy Potion"}],"is_trial":false,"path_per_floor":["M","M","$","?","?","E","R","M","T","?","R","M","M","M","R","B",null,"M","M","?","T"],"character_chosen":"IRONCLAD","items_purchased":["Inflame"],"campfire_rested":2,"item_purchase_floors":[3],"current_hp_per_floor":[78,80,80,73,73,44,44,44,44,28,52,55,61,52,76,52,80,42,13,13,13,0],"gold":469,"neow_bonus":"RANDOM_COMMON_RELIC","is_prod":false,"is_daily":false,"chose_seed":false,"campfire_upgraded":1,"win_rate":0,"timestamp":1539297076,"path_taken":["M","M","$","?","?","E","R","M","T","?","R","M","?","?","R","BOSS","M","M","?","?","M"],"build_version":"2018-10-04v2","purchased_purges":0,"victory":false,"max_hp_per_floor":[80,80,80,80,80,80,80,80,80,80,80,80,80,80,80,80,80,80,80,80,80,80],"card_choices":[{"not_picked":["Feel No Pain","Twin Strike"],"picked":"Shrug It Off","floor":1},{"not_picked":["Pummel","Flex"],"picked":"Clothesline","floor":2},{"not_picked":["Perfected Strike","Whirlwind"],"picked":"Inflame","floor":6},{"not_picked":["Twin Strike","Blood for Blood"],"picked":"Shrug It Off","floor":8},{"not_picked":["Cleave","Clash"],"picked":"Heavy Blade","floor":12},{"not_picked":["Entrench","Hemokinesis"],"picked":"Pommel Strike","floor":13},{"not_picked":["Iron Wave","Warcry"],"picked":"Flex","floor":14},{"not_picked":["Immolate","Reaper"],"picked":"Demon Form","floor":16},{"not_picked":["Flex","Blood for Blood+1"],"picked":"Metallicize","floor":18},{"not_picked":["Rupture","Sword Boomerang"],"picked":"Wild Strike","floor":19}],"player_experience":123406,"relics_obtained":[{"floor":6,"key":"MawBank"},{"floor":9,"key":"Ornamental Fan"},{"floor":21,"key":"PreservedInsect"}],"event_choices":[{"event_name":"Golden Wing","player_choice":"Card Removal","floor":4,"damage_taken":0},{"event_name":"Golden Idol","player_choice":"Take Wound","floor":5,"damage_taken":0},{"event_name":"Shining Light","player_choice":"Entered Light","floor":10,"damage_taken":0},{"event_name":"Vampires","player_choice":"Ignored","floor":20,"damage_taken":0}],"is_beta":false,"boss_relics":[{"not_picked":["Orrery","Black Blood"],"picked":"Black Star"}],"items_purged_floors":[],"is_endless":false,"potions_floor_spawned":[1,8,12,16,19],"killed_by":"Centurion and Healer","ascension_level":2}