{"gold_per_floor":[111,129,140,65,65,65,65,79,79,79,79,97,112,112,112,236,236,250,265,265,289,97,97,112,112,112,12,30,129,254,267,267,397,397,411,1410,1410,1429,647,647,647,660,685,57,57,71,71,107,107,107],"floor_reached":51,"playtime":1229,"items_purged":["Amplify","Pain","Normality","Normality"],"score":792,"play_id":"5cf5fe28-cd7e-4a46-89c7-6af819f6b9ea","local_time":"20190417175407","is_ascension_mode":false,"campfire_choices":[{"data":"Zap","floor":6,"key":"SMITH"},{"data":"Dualcast","floor":15,"key":"SMITH"},{"data":"Hyperbeam","floor":25,"key":"SMITH"},{"data":"Coolheaded","floor":32,"key":"SMITH"},{"data":"Genetic Algorithm","floor":40,"key":"SMITH"},{"data":"Self Repair","floor":45,"key":"SMITH"},{"data":"Reinforced Body","floor":49,"key":"SMITH"}],"neow_cost":"PERCENT_DAMAGE","seed_source_timestamp":22232974337807,"circlet_count":0,"master_deck":["Strike_B","Defend_B","Defend_B","Zap+1","Dualcast+1","Genetic Algorithm+1","Self Repair+1","Ball Lightning","Barrage+1","Defragment+1","Coolheaded+1","Ball Lightning","Hyperbeam+1","Reinforced Body+1","Writhe","Ball Lightning","Glacier+1","Electrodynamics+1","Defragment+1","Defragment+1","Hello World+1","Blizzard+1"],"relics":["Cracked Core","Golden Idol","Bronze Scales","Cursed Key","Runic Capacitor","WarpedTongs","Matryoshka","Calipers","Frozen Egg 2","Velvet Choker","Mango","DollysMirror","Lantern","Mercury Hourglass","Omamori","Strawberry","Toy Ornithopter","Smiling Mask"],"potions_floor_usage":[8,21,30,50,50,50],"damage_taken":[{"damage":0,"enemies":"Cultist","floor":1,"turns":3},{"damage":8,"enemies":"Jaw Worm","floor":2,"turns":3},{"damage":0,"enemies":"Small Slimes","floor":3,"turns":5},{"damage":13,"enemies":"Gremlin Gang","floor":8,"turns":4},{"damage":0,"enemies":"Looter","floor":12,"turns":4},{"damage":0,"enemies":"3 Louse","floor":13,"turns":3},{"damage":9,"enemies":"Slime Boss","floor":16,"turns":8},{"damage":0,"enemies":"3 Byrds","floor":18,"turns":3},{"damage":0,"enemies":"Chosen","floor":19,"turns":3},{"damage":0,"enemies":"Snake Plant","floor":21,"turns":3},{"damage":9,"enemies":"Chosen and Byrds","floor":24,"turns":4},{"damage":0,"enemies":"Cultist and Chosen","floor":28,"turns":4},{"damage":9,"enemies":"Colosseum Slavers","floor":30,"turns":2},{"damage":12,"enemies":"Colosseum Nobs","floor":30,"turns":4},{"damage":0,"enemies":"Sentry and Sphere","floor":31,"turns":3},{"damage":39,"enemies":"Automaton","floor":33,"turns":10},{"damage":0,"enemies":"3 Shapes","floor":35,"turns":3},{"damage":0,"enemies":"Orb Walker","floor":38,"turns":3},{"damage":6,"enemies":"4 Shapes","floor":42,"turns":3},{"damage":20,"enemies":"Jaw Worm Horde","floor":46,"turns":3},{"damage":13,"enemies":"Giant Head","floor":48,"turns":8},{"damage":0,"enemies":"Time Eater","floor":50,"turns":9}],"seed_played":"-8157852735874243408","potions_obtained":[{"floor":1,"key":"Swift Potion"},{"floor":3,"key":"PowerPotion"},{"floor":20,"key":"FairyPotion"},{"floor":20,"key":"AttackPotion"},{"floor":21,"key":"Swift Potion"},{"floor":28,"key":"Dexterity Potion"},{"floor":30,"key":"SpeedPotion"}],"is_trial":false,"path_per_floor":["M","M","M","$","?","R","?","M","T","?","?","M","M","?","R","B",null,"M","M","?","M","$","?","M","R","T","$","M","?","?","M","R","B",null,"M","?","?","M","$","R","?","M","T","$","R","M","?","E","R","B",null],"character_chosen":"DEFECT","items_purchased":["Runic Capacitor","Mango","DollysMirror","Lantern","Hello World+1","Strawberry","Toy Ornithopter","Ancient Potion"],"campfire_rested":0,"item_purchase_floors":[22,39,39,39,44,44,44,44],"current_hp_per_floor":[54,46,53,53,35,35,35,29,29,22,7,14,21,21,21,19,75,75,75,75,75,75,75,73,73,73,73,75,75,61,71,71,39,75,75,75,75,75,89,89,89,83,83,90,90,70,70,67,67,92],"gold":107,"neow_bonus":"TRANSFORM_TWO_CARDS","is_prod":false,"is_daily":false,"chose_seed":false,"campfire_upgraded":7,"win_rate":0,"timestamp":1555545247,"path_taken":["M","?","M","$","?","R","?","?","T","?","?","?","M","?","R","BOSS","M","M","?","?","$","?","?","R","T","$","M","?","?","M","R","BOSS","M","?","?","M","$","R","?","M","T","$","R","M","?","E","R","BOSS"],"build_version":"2019-01-23","purchased_purges":4,"victory":true,"max_hp_per_floor":[75,75,75,75,75,75,75,75,75,75,75,75,75,75,75,75,75,75,75,75,75,75,75,75,75,75,75,75,75,75,75,75,75,75,75,75,75,75,89,89,89,89,89,96,96,96,96,96,96,96],"card_choices":[{"not_picked":["Steam Power","Streamline","Beam Cell"],"picked":"SKIP","floor":1},{"not_picked":["Darkness","Beam Cell"],"picked":"Self Repair","floor":2},{"not_picked":["Static Discharge","Beam Cell"],"picked":"Ball Lightning","floor":3},{"not_picked":["Consume","Storm"],"picked":"Defragment","floor":8},{"not_picked":["Leap","Steam Power"],"picked":"Coolheaded","floor":12},{"not_picked":["All For One","Steam Power"],"picked":"Ball Lightning","floor":13},{"not_picked":["Fission","Creative AI"],"picked":"Hyperbeam","floor":16},{"not_picked":["Leap","Cold Snap"],"picked":"Reinforced Body","floor":18},{"not_picked":["Streamline+1","Storm","Hologram"],"picked":"SKIP","floor":19},{"not_picked":["Sweeping Beam","BootSequence","Redo"],"picked":"SKIP","floor":21},{"not_picked":["Redo","Chill","Reprogram"],"picked":"SKIP","floor":24},{"not_picked":["Beam Cell+1","Steam Power"],"picked":"Ball Lightning","floor":28},{"not_picked":["Aggregate","Sweeping Beam"],"picked":"Glacier+1","floor":30},{"not_picked":["Hologram","Reprogram","Static Discharge+1"],"picked":"SKIP","floor":31},{"not_picked":["Thunder Strike","Buffer+1"],"picked":"Electrodynamics+1","floor":33},{"not_picked":["Consume+1","Reinforced Body+1"],"picked":"Defragment+1","floor":35},{"not_picked":["Cold Snap","Coolheaded","Storm+1"],"picked":"SKIP","floor":38},{"not_picked":["Melter","Streamline","Recycle"],"picked":"SKIP","floor":42},{"not_picked":["Go for the Eyes","Leap"],"picked":"Blizzard+1","floor":46},{"not_picked":["Double Energy","Coolheaded+1","Amplify"],"picked":"SKIP","floor":48}],"player_experience":1245868,"relics_obtained":[{"floor":9,"key":"Bronze Scales"},{"floor":26,"key":"Matryoshka"},{"floor":30,"key":"Calipers"},{"floor":30,"key":"Frozen Egg 2"},{"floor":43,"key":"Mercury Hourglass"},{"floor":43,"key":"Omamori"},{"floor":48,"key":"Smiling Mask"}],"event_choices":[{"damage_healed":0,"gold_gain":0,"player_choice":"Take Damage","damage_taken":18,"relics_obtained":["Golden Idol"],"max_hp_gain":0,"max_hp_loss":0,"event_name":"Golden Idol","floor":5,"gold_loss":0},{"damage_healed":0,"gold_gain":0,"cards_transformed":["Strike_B"],"player_choice":"Transformed","damage_taken":0,"max_hp_gain":0,"max_hp_loss":0,"event_name":"Transmorgrifier","floor":7,"gold_loss":0,"cards_obtained":["Barrage"]},{"cards_removed":["Strike_B"],"damage_healed":0,"gold_gain":0,"player_choice":"Card Removal","damage_taken":7,"max_hp_gain":0,"max_hp_loss":0,"event_name":"Golden Wing","floor":10,"gold_loss":0},{"damage_healed":0,"gold_gain":0,"player_choice":"Entered Light","damage_taken":15,"max_hp_gain":0,"max_hp_loss":0,"event_name":"Shining Light","floor":11,"gold_loss":0,"cards_upgraded":["Barrage","Defend_B"]},{"damage_healed":0,"gold_gain":0,"player_choice":"Grow","damage_taken":0,"max_hp_gain":0,"max_hp_loss":0,"event_name":"Living Wall","floor":14,"gold_loss":0,"cards_upgraded":["Defragment"]},{"damage_healed":0,"gold_gain":0,"player_choice":"Got Potions","damage_taken":0,"max_hp_gain":0,"max_hp_loss":0,"event_name":"Lab","floor":20,"gold_loss":0},{"damage_healed":0,"gold_gain":0,"player_choice":"Rummage","damage_taken":0,"relics_obtained":["WarpedTongs"],"max_hp_gain":0,"max_hp_loss":0,"event_name":"Accursed Blacksmith","floor":23,"gold_loss":0,"cards_obtained":["Pain"]},{"damage_healed":0,"gold_gain":99,"player_choice":"Stole From Cult","damage_taken":0,"max_hp_gain":0,"max_hp_loss":0,"event_name":"Nest","floor":29,"gold_loss":0},{"damage_healed":0,"gold_gain":0,"player_choice":"Fight","damage_taken":0,"max_hp_gain":0,"max_hp_loss":0,"event_name":"Colosseum","floor":30,"gold_loss":0},{"damage_healed":0,"gold_gain":0,"player_choice":"Fought Nobs","damage_taken":0,"max_hp_gain":0,"max_hp_loss":0,"event_name":"Colosseum","floor":30,"gold_loss":0},{"damage_healed":0,"gold_gain":999,"player_choice":"Gold","damage_taken":0,"max_hp_gain":0,"max_hp_loss":0,"event_name":"MindBloom","floor":36,"gold_loss":0,"cards_obtained":["Normality","Normality"]},{"cards_removed":["Defend_B"],"damage_healed":0,"gold_gain":0,"player_choice":"Removed Skill","damage_taken":0,"max_hp_gain":0,"max_hp_loss":0,"event_name":"Falling","floor":37,"gold_loss":0},{"damage_healed":0,"gold_gain":0,"player_choice":"Ignored","damage_taken":0,"max_hp_gain":0,"max_hp_loss":0,"event_name":"Tomb of Lord Red Mask","floor":41,"gold_loss":0},{"damage_healed":0,"gold_gain":0,"cards_transformed":["Normality"],"player_choice":"Transformed","damage_taken":0,"max_hp_gain":0,"max_hp_loss":0,"event_name":"Transmorgrifier","floor":47,"gold_loss":0,"cards_obtained":["Doubt"]}],"is_beta":false,"boss_relics":[{"not_picked":["Runic Dome","Nuclear Battery"],"picked":"Cursed Key"},{"not_picked":["Inserter","Astrolabe"],"picked":"Velvet Choker"}],"items_purged_floors":[4,27,39,44],"is_endless":false,"potions_floor_spawned":[1,3,21,28,30,30,31,42,46],"ascension_level":0}