{"gold_per_floor":[111,111,131,18,193,193,221,232,277,81,110,110,129,129,129,129],"floor_reached":16,"playtime":650,"items_purged":["Defend_B"],"score":160,"play_id":"30ce2bf8-92d4-4e48-8c33-c375551ceb50","local_time":"20181129175634","is_ascension_mode":true,"campfire_choices":[{"data":"Leap","floor":6,"key":"SMITH"},{"data":"Steam","floor":12,"key":"SMITH"},{"data":"Capacitor","floor":15,"key":"SMITH"}],"neow_cost":"NONE","seed_source_timestamp":957805548758800,"circlet_count":0,"master_deck":["Strike_B","Strike_B","Strike_B","Defend_B","Defend_B","Defend_B","Zap","Dualcast","Leap+1","Steam+1","Melter","Doubt","Ball Lightning","Go for the Eyes","Storm","Capacitor+1"],"relics":["Cracked Core","NeowsBlessing","Omamori","Anchor","MawBank","Matryoshka","Golden Idol"],"potions_floor_usage":[11,16,16],"damage_taken":[{"damage":0,"enemies":"2 Louse","floor":1,"turns":1},{"damage":0,"enemies":"Cultist","floor":3,"turns":1},{"damage":0,"enemies":"Lagavulin","floor":7,"turns":1},{"damage":0,"enemies":"Jaw Worm","floor":8,"turns":3},{"damage":18,"enemies":"3 Sentries","floor":11,"turns":6},{"damage":0,"enemies":"Large Slime","floor":13,"turns":5},{"damage":59,"enemies":"Slime Boss","floor":16,"turns":8}],"seed_played":"1412594267950145951","potions_obtained":[{"floor":1,"key":"FocusPotion"},{"floor":11,"key":"Explosive Potion"},{"floor":13,"key":"Swift Potion"}],"is_trial":false,"path_per_floor":["M","?","M","$","?","R","E","M","T","$","E","R","M","?","R","B"],"character_chosen":"DEFECT","items_purchased":["Melter","MawBank","Storm"],"campfire_rested":0,"item_purchase_floors":[4,10,10],"current_hp_per_floor":[75,75,75,75,75,75,75,75,75,75,57,57,57,57,57,0],"gold":129,"neow_bonus":"THREE_ENEMY_KILL","is_prod":false,"is_daily":false,"chose_seed":false,"campfire_upgraded":3,"win_rate":0,"timestamp":1543532194,"path_taken":["M","?","?","$","?","R","E","M","T","$","E","R","M","?","R","BOSS"],"build_version":"2018-11-15","purchased_purges":1,"victory":false,"max_hp_per_floor":[75,75,75,75,75,75,75,75,75,75,75,75,75,75,75,75],"card_choices":[{"not_picked":["Aggregate","Beam Cell"],"picked":"Leap","floor":1},{"not_picked":["Leap","Stack"],"picked":"Steam","floor":3},{"not_picked":["Multi-Cast","Conserve Battery"],"picked":"Ball Lightning","floor":7},{"not_picked":["Barrage","Turbo"],"picked":"Go for the Eyes","floor":8},{"not_picked":["Undo","Hologram","Multi-Cast"],"picked":"SKIP","floor":11},{"not_picked":["Glacier","Barrage"],"picked":"Capacitor","floor":13}],"player_experience":157522,"relics_obtained":[{"floor":7,"key":"Omamori"},{"floor":9,"key":"Anchor"},{"floor":11,"key":"Matryoshka"}],"event_choices":[{"cards_removed":["Strike_B"],"damage_healed":0,"gold_gain":0,"player_choice":"Card Removal","damage_taken":0,"max_hp_gain":0,"max_hp_loss":0,"event_name":"Wheel of Change","floor":2,"gold_loss":0},{"damage_healed":0,"gold_gain":175,"player_choice":"AGREE","damage_taken":0,"max_hp_gain":0,"max_hp_loss":0,"event_name":"Liars Game","floor":5,"gold_loss":0,"cards_obtained":["Doubt"]},{"damage_healed":0,"gold_gain":0,"player_choice":"Take Wound","damage_taken":0,"relics_obtained":["Golden Idol"],"max_hp_gain":0,"max_hp_loss":0,"event_name":"Golden Idol","floor":14,"gold_loss":0,"cards_obtained":["Injury"]}],"is_beta":false,"boss_relics":[],"items_purged_floors":[4],"is_endless":false,"potions_floor_spawned":[1,11,13],"killed_by":"Slime Boss","ascension_level":4}