{"gold_per_floor":[109,126,3,3,3,47,47,72,72,37,78,94,94,110,110,229,229,245,269,269,285,304,339,339,355,379,379,379,419,419,438,438,438],"floor_reached":33,"playtime":1784,"items_purged":["Strike_R"],"score":327,"play_id":"2b4d29d6-c13a-48c5-b2a5-1e03949f4bb5","local_time":"20181008213501","is_ascension_mode":true,"campfire_choices":[{"data":"1","floor":7,"key":"LIFT"},{"data":"2","floor":13,"key":"LIFT"},{"floor":15,"key":"REST"},{"data":"3","floor":24,"key":"LIFT"},{"floor":27,"key":"REST"},{"data":"Armaments","floor":30,"key":"SMITH"},{"floor":32,"key":"REST"}],"neow_cost":"NONE","seed_source_timestamp":354938347729647,"circlet_count":0,"master_deck":["Strike_R","Strike_R","Strike_R","Defend_R","Defend_R","Defend_R","Defend_R","Bash","Shrug It Off","Clothesline","Metallicize","Heavy Blade","Rampage","Evolve","Flex","Pommel Strike","Bludgeon","Armaments+1","Shrug It Off","Infernal Blade","Combust","Injury","Seeing Red","J.A.X.","Reckless Charge+1","Inflame"],"relics":["Burning Blood","Golden Idol","Girya","Ice Cream","Bronze Scales","Cursed Key","Dream Catcher","PreservedInsect","Du-Vu Doll"],"potions_floor_usage":[2,6,18,21,29,29,31],"damage_taken":[{"damage":6,"enemies":"Cultist","floor":1,"turns":3},{"damage":7,"enemies":"Jaw Worm","floor":2,"turns":4},{"damage":19,"enemies":"Gremlin Nob","floor":6,"turns":4},{"damage":4,"enemies":"2 Louse","floor":8,"turns":3},{"damage":17,"enemies":"Lagavulin","floor":11,"turns":8},{"damage":6,"enemies":"2 Fungi Beasts","floor":12,"turns":4},{"damage":0,"enemies":"Large Slime","floor":14,"turns":5},{"damage":33,"enemies":"Slime Boss","floor":16,"turns":11},{"damage":0,"enemies":"Spheric Guardian","floor":18,"turns":2},{"damage":9,"enemies":"Chosen","floor":19,"turns":4},{"damage":20,"enemies":"Snake Plant","floor":21,"turns":4},{"damage":5,"enemies":"Snecko","floor":22,"turns":4},{"damage":32,"enemies":"Slavers","floor":23,"turns":4},{"damage":18,"enemies":"Shelled Parasite and Fungi","floor":25,"turns":5},{"damage":8,"enemies":"Book of Stabbing","floor":29,"turns":3},{"damage":16,"enemies":"Snake Plant","floor":31,"turns":2},{"damage":85,"enemies":"Collector","floor":33,"turns":8}],"seed_played":"3742677310587429819","potions_obtained":[{"floor":2,"key":"Fruit Juice"},{"floor":8,"key":"Fire Potion"},{"floor":11,"key":"Fire Potion"},{"floor":16,"key":"AttackPotion"},{"floor":18,"key":"PowerPotion"},{"floor":29,"key":"Block Potion"}],"is_trial":false,"path_per_floor":["M","M","$","?","?","E","R","M","T","$","E","M","R","M","R","B",null,"M","M","?","M","M","E","R","M","T","R","?","E","R","M","R"],"character_chosen":"IRONCLAD","items_purchased":["AttackPotion","Rampage"],"campfire_rested":3,"item_purchase_floors":[3,10],"current_hp_per_floor":[88,92,92,69,62,49,49,51,51,51,40,40,40,46,73,46,93,93,90,90,76,77,51,51,39,39,66,66,64,64,54,81,0],"gold":438,"neow_bonus":"TEN_PERCENT_HP_BONUS","is_prod":false,"is_daily":false,"chose_seed":false,"campfire_upgraded":1,"win_rate":0,"timestamp":1539048901,"path_taken":["M","M","$","?","?","E","R","M","T","$","E","?","R","M","R","BOSS","M","M","?","?","M","E","R","M","T","R","?","E","R","M","R","BOSS"],"build_version":"2018-10-04v2","purchased_purges":1,"victory":false,"max_hp_per_floor":[88,93,93,93,93,93,93,93,93,93,93,93,93,93,93,93,93,93,93,93,93,93,93,93,93,93,93,93,93,93,93,93,93],"card_choices":[{"not_picked":["Body Slam","Pommel Strike"],"picked":"Shrug It Off","floor":1},{"not_picked":["Battle Trance","Body Slam"],"picked":"Clothesline","floor":2},{"not_picked":["Ghostly Armor","Carnage"],"picked":"Metallicize","floor":6},{"not_picked":["Pummel","Dual Wield"],"picked":"Heavy Blade","floor":8},{"not_picked":["Sword Boomerang","Wild Strike"],"picked":"Evolve","floor":11},{"not_picked":["Twin Strike","Reckless Charge"],"picked":"Flex","floor":12},{"not_picked":["Perfected Strike","Sword Boomerang"],"picked":"Pommel Strike","floor":14},{"not_picked":["Offering","Berserk"],"picked":"Bludgeon","floor":16},{"not_picked":["Iron Wave","Thunderclap"],"picked":"Armaments","floor":18},{"not_picked":["Thunderclap","Hemokinesis"],"picked":"Shrug It Off","floor":19},{"not_picked":["Pummel","Metallicize"],"picked":"Infernal Blade","floor":21},{"not_picked":["Havoc","Burning Pact+1"],"picked":"Combust","floor":22},{"not_picked":["Twin Strike","Sword Boomerang","Clash"],"picked":"SKIP","floor":23},{"not_picked":["Second Wind","Evolve","Armaments"],"picked":"SKIP","floor":25},{"not_picked":["Evolve","Heavy Blade"],"picked":"Seeing Red","floor":27},{"not_picked":["Armaments","Havoc"],"picked":"Reckless Charge+1","floor":29},{"not_picked":["Ghostly Armor+1","Brutality"],"picked":"Inflame","floor":31}],"player_experience":112574,"relics_obtained":[{"floor":6,"key":"Girya"},{"floor":9,"key":"Ice Cream"},{"floor":11,"key":"Bronze Scales"},{"floor":23,"key":"Dream Catcher"},{"floor":26,"key":"PreservedInsect"},{"floor":29,"key":"Du-Vu Doll"}],"event_choices":[{"event_name":"Golden Idol","player_choice":"Take Damage","floor":4,"damage_taken":0},{"event_name":"Golden Wing","player_choice":"Card Removal","floor":5,"damage_taken":0},{"event_name":"Vampires","player_choice":"Ignored","floor":20,"damage_taken":0},{"event_name":"Drug Dealer","player_choice":"Got JAX","floor":28,"damage_taken":0}],"is_beta":false,"boss_relics":[{"not_picked":["Orrery","Tiny House"],"picked":"Cursed Key"}],"items_purged_floors":[3],"is_endless":false,"potions_floor_spawned":[2,8,11,16,18,19,29],"killed_by":"Collector","ascension_level":2}