{"gold_per_floor":[111,111,111,130,130,130,53,112,193,204,214,214,229,257,257,355,355,374,374,385,402,420,420,451,461,461,496,496,510,510,527,527,626,626,637,637,649,649,429,429,429,457,480,480],"floor_reached":44,"playtime":1777,"items_purged":["Defend_R"],"score":574,"play_id":"ad497189-f654-4be8-a136-5e601424453b","local_time":"20181025215405","is_ascension_mode":true,"campfire_choices":[{"data":"Headbutt","floor":6,"key":"SMITH"},{"floor":12,"key":"REST"},{"floor":15,"key":"REST"},{"floor":23,"key":"REST"},{"floor":28,"key":"REST"},{"floor":30,"key":"REST"},{"floor":32,"key":"REST"},{"floor":40,"key":"REST"}],"neow_cost":"NONE","seed_source_timestamp":688566560270813,"circlet_count":0,"master_deck":["Strike_R","Strike_R","Strike_R","Strike_R","Defend_R","Defend_R","Defend_R","Bash","Headbutt+1","Clothesline","Armaments","Shrug It Off","Spot Weakness","Inflame","Rampage","Rampage","Immolate","Dual Wield","Metallicize","Carnage","Infernal Blade","Pommel Strike+1","Reaper+1","Sentinel+1","Demon Form","Headbutt+1","Bash+1","Twin Strike+1","Uppercut+1"],"relics":["Burning Blood","Happy Flower","Omamori","Sundial","Paper Frog","Boot","Fusion Hammer","Bronze Scales","Ancient Tea Set","Pantograph","Molten Egg 2","Mark of Pain","Regal Pillow","Vajra","Bag of Preparation"],"potions_floor_usage":[20,25,25,25,27,27,33,42],"damage_taken":[{"damage":0,"enemies":"Small Slimes","floor":1,"turns":3},{"damage":1,"enemies":"Cultist","floor":4,"turns":3},{"damage":33,"enemies":"Lagavulin Event","floor":8,"turns":6},{"damage":2,"enemies":"2 Louse","floor":10,"turns":3},{"damage":17,"enemies":"2 Fungi Beasts","floor":11,"turns":5},{"damage":0,"enemies":"3 Louse","floor":13,"turns":3},{"damage":27,"enemies":"3 Sentries","floor":14,"turns":7},{"damage":56,"enemies":"Slime Boss","floor":16,"turns":9},{"damage":20,"enemies":"2 Thieves","floor":18,"turns":4},{"damage":6,"enemies":"Spheric Guardian","floor":20,"turns":3},{"damage":12,"enemies":"Snake Plant","floor":21,"turns":4},{"damage":16,"enemies":"Chosen and Byrds","floor":22,"turns":4},{"damage":48,"enemies":"Gremlin Leader","floor":24,"turns":6},{"damage":10,"enemies":"Shelled Parasite and Fungi","floor":25,"turns":2},{"damage":22,"enemies":"Book of Stabbing","floor":27,"turns":4},{"damage":9,"enemies":"Cultist and Chosen","floor":29,"turns":4},{"damage":18,"enemies":"Centurion and Healer","floor":31,"turns":3},{"damage":80,"enemies":"Collector","floor":33,"turns":9},{"damage":41,"enemies":"3 Darklings","floor":35,"turns":5},{"damage":24,"enemies":"3 Shapes","floor":37,"turns":3},{"damage":60,"enemies":"Nemesis","floor":42,"turns":3},{"damage":53,"enemies":"Writhing Mass","floor":44,"turns":3}],"seed_played":"-6638757661323662694","potions_obtained":[{"floor":2,"key":"SneckoOil"},{"floor":2,"key":"Ancient Potion"},{"floor":2,"key":"Energy Potion"},{"floor":4,"key":"Explosive Potion"},{"floor":8,"key":"EntropicBrew"},{"floor":13,"key":"Swift Potion"},{"floor":14,"key":"Strength Potion"},{"floor":20,"key":"EssenceOfSteel"},{"floor":25,"key":"SteroidPotion"},{"floor":29,"key":"LiquidBronze"},{"floor":37,"key":"PowerPotion"}],"is_trial":false,"path_per_floor":["M","?","?","M","?","R","$","?","T","M","M","R","M","E","R","B",null,"M","?","M","M","M","R","E","M","T","E","R","M","R","M","R","B",null,"M","?","M","?","$","R","?","E","T"],"character_chosen":"IRONCLAD","items_purchased":["Armaments","Shrug It Off","Regal Pillow"],"campfire_rested":7,"item_purchase_floors":[7,7,39],"current_hp_per_floor":[80,80,80,80,80,80,80,53,53,57,46,70,76,55,79,29,80,66,66,66,60,50,74,32,28,28,12,36,33,57,69,80,25,80,45,45,27,27,27,66,66,12,12,0],"gold":480,"neow_bonus":"RANDOM_COMMON_RELIC","is_prod":false,"is_daily":false,"chose_seed":false,"campfire_upgraded":1,"win_rate":0,"timestamp":1540518845,"path_taken":["M","?","?","M","?","R","?","?","T","?","?","R","M","E","R","BOSS","M","?","M","M","M","R","E","M","T","E","R","?","R","M","R","BOSS","M","?","M","?","?","R","?","E","T","M"],"build_version":"2018-10-25","purchased_purges":1,"victory":false,"max_hp_per_floor":[80,80,80,80,80,80,80,80,80,80,80,80,80,80,80,80,80,80,80,80,80,80,80,80,80,80,80,80,80,80,80,80,80,80,80,80,80,80,80,80,80,80,80,80],"card_choices":[{"not_picked":["Twin Strike","Thunderclap"],"picked":"Headbutt","floor":1},{"not_picked":["Perfected Strike","Corruption"],"picked":"Clothesline","floor":4},{"not_picked":["Anger","Blood for Blood"],"picked":"Spot Weakness","floor":8},{"not_picked":["Heavy Blade","Perfected Strike"],"picked":"Inflame","floor":10},{"not_picked":["Perfected Strike","Wild Strike","Sever Soul"],"picked":"SKIP","floor":11},{"not_picked":["Iron Wave","Disarm"],"picked":"Rampage","floor":13},{"not_picked":["Shrug It Off","True Grit"],"picked":"Rampage","floor":14},{"not_picked":["Brutality","Barricade"],"picked":"Immolate","floor":16},{"not_picked":["Second Wind","Anger"],"picked":"Dual Wield","floor":18},{"not_picked":["Thunderclap","Flex"],"picked":"Metallicize","floor":20},{"not_picked":["Havoc","Body Slam"],"picked":"Carnage","floor":21},{"not_picked":["Sword Boomerang","Heavy Blade"],"picked":"Infernal Blade","floor":22},{"not_picked":["Havoc","Armaments"],"picked":"Pommel Strike+1","floor":24},{"not_picked":["Pommel Strike","Thunderclap","Havoc"],"picked":"SKIP","floor":25},{"not_picked":["Whirlwind+1","Warcry+1"],"picked":"Reaper","floor":27},{"not_picked":["Flex","Wild Strike+1"],"picked":"Sentinel+1","floor":29},{"not_picked":["Anger+1","Wild Strike+1","Bloodletting"],"picked":"SKIP","floor":31},{"not_picked":["Bludgeon+1","Barricade"],"picked":"Demon Form","floor":33},{"not_picked":["Rage","Wild Strike+1"],"picked":"Headbutt+1","floor":35},{"not_picked":["Wild Strike+1","Sword Boomerang+1"],"picked":"Twin Strike+1","floor":37},{"not_picked":["Carnage+1","Burning Pact+1"],"picked":"Uppercut+1","floor":42}],"player_experience":150900,"relics_obtained":[{"floor":8,"key":"Sundial"},{"floor":9,"key":"Paper Frog"},{"floor":14,"key":"Boot"},{"floor":24,"key":"Ancient Tea Set"},{"floor":26,"key":"Pantograph"},{"floor":27,"key":"Molten Egg 2"},{"floor":42,"key":"Vajra"},{"floor":43,"key":"Bag of Preparation"}],"event_choices":[{"damage_healed":0,"gold_gain":0,"player_choice":"Got Potions","damage_taken":0,"max_hp_gain":0,"max_hp_loss":0,"event_name":"The Lab","floor":2,"gold_loss":0},{"damage_healed":0,"gold_gain":0,"player_choice":"Ignored","damage_taken":0,"max_hp_gain":0,"max_hp_loss":0,"event_name":"Golden Wing","floor":3,"gold_loss":0},{"damage_healed":0,"gold_gain":0,"player_choice":"Gave Potion","damage_taken":0,"relics_obtained":["Omamori"],"max_hp_gain":0,"max_hp_loss":0,"event_name":"WeMeetAgain","floor":5,"gold_loss":0},{"damage_healed":0,"gold_gain":0,"player_choice":"Searched \u00271\u0027 times","damage_taken":0,"max_hp_gain":0,"max_hp_loss":0,"event_name":"Dead Adventurer","floor":8,"gold_loss":0},{"damage_healed":0,"gold_gain":0,"player_choice":"Opened","damage_taken":0,"relics_obtained":["Bronze Scales"],"max_hp_gain":0,"max_hp_loss":0,"event_name":"The Mausoleum","floor":19,"gold_loss":0},{"damage_healed":0,"gold_gain":0,"player_choice":"1 cards matched","damage_taken":0,"max_hp_gain":0,"max_hp_loss":0,"event_name":"Match and Keep!","floor":36,"gold_loss":0,"cards_obtained":["Bash"]},{"damage_healed":0,"gold_gain":0,"player_choice":"Ignored","damage_taken":0,"max_hp_gain":0,"max_hp_loss":0,"event_name":"The Moai Head","floor":38,"gold_loss":0},{"cards_removed":["Strike_R"],"damage_healed":0,"gold_gain":0,"player_choice":"Purged","damage_taken":0,"max_hp_gain":0,"max_hp_loss":0,"event_name":"Purifier","floor":41,"gold_loss":0}],"is_beta":false,"boss_relics":[{"not_picked":["Astrolabe","Calling Bell"],"picked":"Fusion Hammer"},{"not_picked":["Tiny House","Orrery"],"picked":"Mark of Pain"}],"items_purged_floors":[39],"is_endless":false,"potions_floor_spawned":[4,8,13,14,16,18,20,25,29,37],"killed_by":"Writhing Mass","ascension_level":4}