{"gold_per_floor":[109,109,59,74,5,5,30,30,30,57,76,90,110,40,40,137,137,156,169,444,457,457,482,482,482,482,482,507,2,92,107,107,207,207,217,20,0,0,20,20,53,53,78,98,110,110,110,141,141,141],"floor_reached":51,"playtime":2799,"items_purged":["Regret","Writhe"],"score":876,"play_id":"8ace1198-8843-4684-b4c5-536c1e862b3b","local_time":"20181011230332","is_ascension_mode":true,"campfire_choices":[{"data":"Infernal Blade","floor":6,"key":"SMITH"},{"floor":8,"key":"REST"},{"floor":15,"key":"REST"},{"floor":25,"key":"REST"},{"data":"Clothesline","floor":27,"key":"SMITH"},{"floor":32,"key":"REST"},{"data":"Feed","floor":40,"key":"SMITH"},{"floor":42,"key":"REST"},{"data":"Clothesline","floor":49,"key":"SMITH"}],"neow_cost":"NONE","seed_source_timestamp":618433208385315,"circlet_count":0,"master_deck":["Strike_R+1","Strike_R+1","Strike_R","Strike_R","Defend_R+1","Defend_R","Defend_R","Defend_R","Bash","Burning Pact","Second Wind","Infernal Blade+1","Clothesline+1","Shrug It Off","Combust+1","Inflame+1","Immolate+1","Reaper","Shrug It Off+1","Pommel Strike+1","Juggernaut+1","Inflame+1","Clothesline+1","Feed+1","Demon Form+1","Power Through","Jack Of All Trades","Inflame+1","Shrug It Off+1","Thunderclap","Clothesline"],"relics":["Burning Blood","Frozen Egg 2","Incense Burner","Du-Vu Doll","Velvet Choker","Meat on the Bone","Singing Bowl","Darkstone Periapt","Question Card","Pen Nib","Self Forming Clay","Philosopher\u0027s Stone","Red Mask","Dodecahedron","Centennial Puzzle","Whetstone"],"potions_floor_usage":[21,28,28,33,41],"damage_taken":[{"damage":1,"enemies":"2 Louse","floor":1,"turns":2},{"damage":5,"enemies":"Cultist","floor":4,"turns":4},{"damage":36,"enemies":"3 Sentries","floor":7,"turns":10},{"damage":16,"enemies":"Lagavulin","floor":10,"turns":5},{"damage":1,"enemies":"Jaw Worm","floor":11,"turns":3},{"damage":8,"enemies":"Blue Slaver","floor":12,"turns":3},{"damage":6,"enemies":"Gremlin Gang","floor":13,"turns":2},{"damage":48,"enemies":"Hexaghost","floor":16,"turns":9},{"damage":6,"enemies":"3 Byrds","floor":18,"turns":2},{"damage":14,"enemies":"Chosen","floor":19,"turns":5},{"damage":14,"enemies":"Snecko","floor":21,"turns":4},{"damage":28,"enemies":"Gremlin Leader","floor":23,"turns":6},{"damage":37,"enemies":"Slavers","floor":28,"turns":3},{"damage":16,"enemies":"Centurion and Healer","floor":31,"turns":6},{"damage":56,"enemies":"Collector","floor":33,"turns":9},{"damage":59,"enemies":"3 Darklings","floor":35,"turns":4},{"damage":4,"enemies":"3 Shapes","floor":39,"turns":3},{"damage":54,"enemies":"2 Orb Walkers","floor":41,"turns":6},{"damage":5,"enemies":"3 Darklings","floor":44,"turns":3},{"damage":12,"enemies":"Maw","floor":45,"turns":6},{"damage":0,"enemies":"Giant Head","floor":48,"turns":6},{"damage":72,"enemies":"Donu and Deca","floor":50,"turns":8}],"seed_played":"-7620050472751256754","potions_obtained":[{"floor":1,"key":"Ancient Potion"},{"floor":11,"key":"SpeedPotion"},{"floor":12,"key":"EssenceOfSteel"},{"floor":18,"key":"Block Potion"},{"floor":23,"key":"SpeedPotion"},{"floor":35,"key":"SkillPotion"},{"floor":41,"key":"Swift Potion"},{"floor":44,"key":"Fire Potion"}],"is_trial":false,"path_per_floor":["M","?","?","M","$","R","E","R","T","E","M","M","M","$","R","B",null,"M","M","?","M","?","E","?","R","T","R","E","$","?","M","R","B",null,"M","$","?","$","M","R","E","R","T","M","M","?","?","E","R","B"],"character_chosen":"IRONCLAD","items_purchased":["Infernal Blade","Evolve+1","Pen Nib","Self Forming Clay","Clothesline","Jack Of All Trades"],"campfire_rested":5,"item_purchase_floors":[5,14,29,29,29,36],"current_hp_per_floor":[88,70,70,71,71,71,41,67,67,57,62,60,60,60,86,44,88,88,82,82,82,65,58,58,85,85,85,54,54,36,44,71,55,96,55,55,55,55,84,84,58,87,87,99,97,97,97,105,105,71],"gold":141,"neow_bonus":"TEN_PERCENT_HP_BONUS","is_prod":false,"is_daily":false,"chose_seed":false,"campfire_upgraded":4,"win_rate":0,"timestamp":1539313412,"path_taken":["M","?","?","?","?","R","E","R","T","E","M","M","M","$","R","BOSS","M","M","?","?","?","E","?","R","T","R","E","$","?","M","R","BOSS","M","$","?","$","M","R","E","R","T","M","M","?","?","E","R","BOSS"],"build_version":"2018-10-11","purchased_purges":2,"victory":true,"max_hp_per_floor":[88,88,88,88,88,88,88,88,88,88,88,88,88,88,88,88,88,88,88,88,88,93,93,93,93,93,93,93,93,93,93,93,96,96,96,96,96,96,99,99,99,99,99,99,103,103,103,105,105,105],"card_choices":[{"not_picked":["Perfected Strike","Body Slam"],"picked":"Burning Pact","floor":1},{"not_picked":["True Grit","Body Slam"],"picked":"Second Wind","floor":4},{"not_picked":["Flex","Warcry"],"picked":"Clothesline","floor":7},{"not_picked":["Uppercut","Flame Barrier"],"picked":"Shrug It Off","floor":10},{"not_picked":["Spot Weakness","Iron Wave"],"picked":"Combust+1","floor":11},{"not_picked":["Heavy Blade","Cleave"],"picked":"Inflame+1","floor":12},{"not_picked":["Warcry","Anger"],"picked":"Immolate","floor":13},{"not_picked":["Fiend Fire","Exhume"],"picked":"Reaper","floor":16},{"not_picked":["Body Slam","Searing Blow+1"],"picked":"Shrug It Off","floor":18},{"not_picked":["Sword Boomerang","Havoc","Pommel Strike"],"picked":"SKIP","floor":19},{"not_picked":["Reckless Charge+1","Heavy Blade"],"picked":"Pommel Strike+1","floor":21},{"not_picked":["Body Slam","Warcry+1"],"picked":"Juggernaut+1","floor":23},{"not_picked":["Rupture+1","Cleave"],"picked":"Inflame+1","floor":28},{"not_picked":["True Grit","Havoc+1","Bloodletting"],"picked":"Feed","floor":31},{"not_picked":["Bludgeon","Fiend Fire","Limit Break"],"picked":"Demon Form+1","floor":33},{"not_picked":["Twin Strike+1","Cleave+1","Evolve+1"],"picked":"Power Through","floor":35},{"not_picked":["Wild Strike+1","True Grit+1","Flex"],"picked":"Inflame+1","floor":39},{"not_picked":["Uppercut+1","Flame Barrier+1","Hemokinesis+1"],"picked":"Shrug It Off+1","floor":41},{"not_picked":["Dual Wield","Sentinel","Combust+1"],"picked":"Thunderclap","floor":44},{"not_picked":["Shrug It Off+1","True Grit","Flex"],"picked":"Clothesline","floor":45},{"not_picked":["Second Wind","Clash","Body Slam","Spot Weakness"],"picked":"Singing Bowl","floor":48}],"player_experience":125470,"relics_obtained":[{"floor":7,"key":"Frozen Egg 2"},{"floor":9,"key":"Incense Burner"},{"floor":10,"key":"Du-Vu Doll"},{"floor":23,"key":"Meat on the Bone"},{"floor":26,"key":"Darkstone Periapt"},{"floor":28,"key":"Question Card"},{"floor":41,"key":"Dodecahedron"},{"floor":43,"key":"Centennial Puzzle"},{"floor":48,"key":"Whetstone"}],"event_choices":[{"event_name":"Shining Light","player_choice":"Entered Light","floor":2,"damage_taken":0},{"event_name":"The Cleric","player_choice":"Card Removal","floor":3,"damage_taken":0},{"event_name":"Golden Shrine","player_choice":"Desecrate","floor":20,"damage_taken":0},{"event_name":"Forgotten Altar","player_choice":"Shed Blood","floor":22,"damage_taken":0},{"event_name":"The Mausoleum","player_choice":"Yes","floor":24,"damage_taken":0},{"event_name":"Knowing Skull","player_choice":"GOLD ","floor":30,"damage_taken":0},{"event_name":"Tomb of Lord Red Mask","player_choice":"Paid","floor":37,"damage_taken":0},{"event_name":"Upgrade Shrine","player_choice":"Upgraded","floor":46,"damage_taken":0},{"event_name":"Falling","player_choice":"Removed Power","floor":47,"damage_taken":0}],"is_beta":false,"boss_relics":[{"not_picked":["Ectoplasm","Lizard Tail"],"picked":"Velvet Choker"},{"not_picked":["Fusion Hammer","Pandora\u0027s Box"],"picked":"Philosopher\u0027s Stone"}],"items_purged_floors":[29,36],"is_endless":false,"potions_floor_spawned":[1,11,12,18,23,35,41,44],"ascension_level":2}