{"gold_per_floor":[214,9,9,9,24,37,37,48,48,109,138,138,138,172,172,268,268,280,205,219,229,229,229,239,239,239,258,258,273,303,303,303,408,408,418,435,535,535,535,535,545,545,545,545,545,545,564,574,574,574],"floor_reached":51,"playtime":1191,"items_purged":["Strike_R"],"score":690,"play_id":"610c040d-0c2e-4189-8434-f33f16fbc410","local_time":"20190415211455","is_ascension_mode":false,"campfire_choices":[{"data":"Whirlwind","floor":7,"key":"SMITH"},{"data":"Armaments","floor":12,"key":"SMITH"},{"data":"Juggernaut","floor":15,"key":"SMITH"},{"data":"Bash","floor":23,"key":"SMITH"},{"data":"Metallicize","floor":25,"key":"SMITH"},{"data":"Defend_R","floor":28,"key":"SMITH"},{"data":"Defend_R","floor":32,"key":"SMITH"},{"data":"Defend_R","floor":40,"key":"SMITH"},{"data":"Defend_R","floor":42,"key":"SMITH"},{"data":"Strike_R","floor":45,"key":"SMITH"},{"data":"Flex","floor":49,"key":"SMITH"}],"neow_cost":"NONE","seed_source_timestamp":25783165964278,"circlet_count":0,"master_deck":["Strike_R","Strike_R","Strike_R+1","Defend_R+1","Defend_R+1","Defend_R+1","Defend_R+1","Bash+1","Whirlwind+1","Armaments+1","Metallicize+1","Juggernaut+1","Immolate+1","Immolate+1","Armaments+1","Uppercut+1","Bludgeon+1","Immolate+1","Inflame+1","Parasite","Flex+1"],"relics":["Burning Blood","ClockworkSouvenir","Question Card","Molten Egg 2","Letter Opener","Odd Mushroom","Bottled Lightning","Snecko Eye","Ornamental Fan","Pear","Bag of Preparation","Velvet Choker","Charon\u0027s Ashes","Shuriken","Singing Bowl"],"potions_floor_usage":[18,24,30,50,50],"damage_taken":[{"damage":6,"enemies":"Jaw Worm","floor":1,"turns":4},{"damage":4,"enemies":"Cultist","floor":5,"turns":5},{"damage":0,"enemies":"2 Louse","floor":6,"turns":2},{"damage":5,"enemies":"Looter","floor":8,"turns":5},{"damage":39,"enemies":"Gremlin Nob","floor":10,"turns":6},{"damage":11,"enemies":"The Mushroom Lair","floor":11,"turns":3},{"damage":29,"enemies":"Lagavulin","floor":14,"turns":9},{"damage":23,"enemies":"The Guardian","floor":16,"turns":10},{"damage":12,"enemies":"2 Thieves","floor":18,"turns":4},{"damage":0,"enemies":"Chosen","floor":20,"turns":3},{"damage":5,"enemies":"Snake Plant","floor":21,"turns":3},{"damage":10,"enemies":"Centurion and Healer","floor":24,"turns":2},{"damage":0,"enemies":"3 Cultists","floor":27,"turns":2},{"damage":1,"enemies":"Shelled Parasite and Fungi","floor":29,"turns":3},{"damage":16,"enemies":"Book of Stabbing","floor":30,"turns":4},{"damage":28,"enemies":"Champ","floor":33,"turns":6},{"damage":0,"enemies":"Orb Walker","floor":35,"turns":2},{"damage":0,"enemies":"3 Darklings","floor":36,"turns":2},{"damage":0,"enemies":"Mind Bloom Boss Battle","floor":37,"turns":4},{"damage":3,"enemies":"Transient","floor":41,"turns":5},{"damage":0,"enemies":"Writhing Mass","floor":47,"turns":3},{"damage":9,"enemies":"Sphere and 2 Shapes","floor":48,"turns":2},{"damage":18,"enemies":"Donu and Deca","floor":50,"turns":5}],"seed_played":"-4221405049732845002","potions_obtained":[{"floor":1,"key":"Ancient Potion"},{"floor":11,"key":"Swift Potion"},{"floor":16,"key":"Energy Potion"},{"floor":18,"key":"SpeedPotion"},{"floor":24,"key":"SkillPotion"},{"floor":30,"key":"Poison Potion"},{"floor":36,"key":"Regen Potion"},{"floor":48,"key":"SpeedPotion"}],"is_trial":false,"path_per_floor":["M","$","?","T","M","M","R","M","T","?","?","R","?","E","R","B",null,"M","$","M","M","?","R","M","R","T","M","R","M","E","?","R","B",null,"M","M","?","?","?","R","M","R","T","T","R","?","M","M","R","B",null],"character_chosen":"IRONCLAD","items_purchased":["ClockworkSouvenir"],"campfire_rested":0,"item_purchase_floors":[2],"current_hp_per_floor":[80,80,73,73,75,80,80,80,80,47,42,42,68,45,45,28,80,74,74,80,80,80,80,76,76,76,80,80,80,80,80,80,58,90,90,90,90,85,85,85,85,85,85,85,85,85,85,84,84,72],"gold":574,"neow_bonus":"HUNDRED_GOLD","is_prod":false,"is_daily":false,"chose_seed":false,"campfire_upgraded":11,"win_rate":0,"timestamp":1555384495,"path_taken":["M","$","?","?","?","M","R","M","T","?","?","R","?","E","R","BOSS","M","$","M","M","?","R","M","R","T","?","R","?","E","?","R","BOSS","M","M","?","?","?","R","M","R","T","?","R","?","M","?","R","BOSS"],"build_version":"2019-01-23","purchased_purges":1,"victory":true,"max_hp_per_floor":[80,80,80,80,80,80,80,80,80,80,80,80,80,80,80,80,80,80,80,80,80,80,80,80,80,80,80,80,80,90,90,90,90,90,90,90,90,85,85,85,85,85,85,85,85,85,85,87,87,87],"card_choices":[{"not_picked":["Bloodletting","Flex"],"picked":"Whirlwind","floor":1},{"not_picked":["Warcry","Clash","Clothesline","Sword Boomerang"],"picked":"SKIP","floor":5},{"not_picked":["Burning Pact","Heavy Blade","Shrug It Off","Pummel"],"picked":"SKIP","floor":6},{"not_picked":["Anger","Rage","Pommel Strike"],"picked":"Armaments","floor":8},{"not_picked":["Heavy Blade+1","Clothesline+1","Clash+1"],"picked":"Metallicize","floor":11},{"not_picked":["Fire Breathing","Shrug It Off","Pommel Strike+1"],"picked":"Juggernaut","floor":14},{"not_picked":["Double Tap","Exhume","Feed+1"],"picked":"Immolate+1","floor":16},{"not_picked":["Twin Strike+1","Reckless Charge+1","Clothesline+1","Warcry"],"picked":"SKIP","floor":18},{"not_picked":["Ghostly Armor","Blood for Blood+1","Rage","Anger+1"],"picked":"SKIP","floor":20},{"not_picked":["Clash+1","Fire Breathing","Blood for Blood+1","Sword Boomerang+1"],"picked":"SKIP","floor":21},{"not_picked":["Wild Strike+1","Corruption","Havoc"],"picked":"Armaments+1","floor":24},{"not_picked":["Twin Strike+1","Anger+1","Sever Soul+1"],"picked":"Uppercut+1","floor":27},{"not_picked":["Combust","Havoc+1","Warcry","Iron Wave+1"],"picked":"SKIP","floor":29},{"not_picked":["Twin Strike+1","Iron Wave+1","Pommel Strike+1"],"picked":"Bludgeon+1","floor":30},{"not_picked":["Fiend Fire+1","Dark Embrace","Berserk"],"picked":"Immolate+1","floor":33},{"not_picked":["Cleave+1","Armaments","Feel No Pain+1","Havoc"],"picked":"SKIP","floor":35},{"not_picked":["Shrug It Off+1","Reckless Charge+1","Armaments","Iron Wave+1"],"picked":"SKIP","floor":36},{"not_picked":["Corruption+1","Bludgeon+1","Headbutt+1"],"picked":"Inflame+1","floor":41},{"not_picked":["Perfected Strike+1","Havoc+1","Body Slam+1"],"picked":"Flex","floor":47},{"not_picked":["Carnage+1","Body Slam+1","Heavy Blade+1","Sword Boomerang+1"],"picked":"Singing Bowl","floor":48}],"player_experience":1224795,"relics_obtained":[{"floor":4,"key":"Question Card"},{"floor":9,"key":"Molten Egg 2"},{"floor":10,"key":"Letter Opener"},{"floor":11,"key":"Odd Mushroom"},{"floor":14,"key":"Bottled Lightning"},{"floor":26,"key":"Ornamental Fan"},{"floor":30,"key":"Pear"},{"floor":37,"key":"Charon\u0027s Ashes"},{"floor":43,"key":"Shuriken"},{"floor":44,"key":"Singing Bowl"}],"event_choices":[{"cards_removed":["Strike_R"],"damage_healed":0,"gold_gain":0,"player_choice":"Card Removal","damage_taken":7,"max_hp_gain":0,"max_hp_loss":0,"event_name":"Golden Wing","floor":3,"gold_loss":0},{"damage_healed":0,"gold_gain":30,"player_choice":"Searched \u00273\u0027 times","damage_taken":0,"max_hp_gain":0,"max_hp_loss":0,"event_name":"Dead Adventurer","floor":10,"gold_loss":0},{"damage_healed":0,"gold_gain":0,"player_choice":"Fought Mushrooms","damage_taken":0,"max_hp_gain":0,"max_hp_loss":0,"event_name":"Mushrooms","floor":11,"gold_loss":0},{"damage_healed":26,"gold_gain":0,"player_choice":"Banana","damage_taken":0,"max_hp_gain":0,"max_hp_loss":0,"event_name":"Big Fish","floor":13,"gold_loss":0},{"damage_healed":0,"gold_gain":0,"player_choice":"Copied","damage_taken":0,"max_hp_gain":0,"max_hp_loss":0,"event_name":"Duplicator","floor":22,"gold_loss":0,"cards_obtained":["Immolate"]},{"damage_healed":0,"gold_gain":0,"player_choice":"Opened","damage_taken":0,"relics_obtained":["Bag of Preparation"],"max_hp_gain":0,"max_hp_loss":0,"event_name":"The Mausoleum","floor":31,"gold_loss":0},{"damage_healed":0,"gold_gain":0,"player_choice":"Fight","damage_taken":0,"max_hp_gain":0,"max_hp_loss":0,"event_name":"MindBloom","floor":37,"gold_loss":0},{"damage_healed":0,"gold_gain":0,"player_choice":"Max HP","damage_taken":0,"max_hp_gain":0,"max_hp_loss":5,"event_name":"Winding Halls","floor":38,"gold_loss":0},{"damage_healed":0,"gold_gain":0,"player_choice":"Ignored","damage_taken":0,"max_hp_gain":0,"max_hp_loss":0,"event_name":"Tomb of Lord Red Mask","floor":39,"gold_loss":0},{"damage_healed":0,"gold_gain":0,"player_choice":"Ignored","damage_taken":0,"max_hp_gain":0,"max_hp_loss":0,"event_name":"SecretPortal","floor":46,"gold_loss":0}],"is_beta":false,"boss_relics":[{"not_picked":["Runic Dome","Black Blood"],"picked":"Snecko Eye"},{"not_picked":["Tiny House","White Beast Statue"],"picked":"Velvet Choker"}],"items_purged_floors":[19],"is_endless":false,"potions_floor_spawned":[1,11,16,18,24,27,30,36,47,48],"ascension_level":0}