{"gold_per_floor":[112,131,111,130,149,149,182,182,206,237,267,279],"floor_reached":12,"playtime":739,"items_purged":[],"score":162,"play_id":"92509037-bb85-4a47-a54a-a3a22db06b77","local_time":"20190406001816","is_ascension_mode":true,"campfire_choices":[{"data":"Footwork","floor":6.0,"key":"SMITH"},{"data":"Escape Plan","floor":8,"key":"SMITH"}],"neow_cost":"NONE","seed_source_timestamp":5289438730203,"circlet_count":0,"master_deck":["AscendersBane","Defend_G","Defend_G","Defend_G","Defend_G","Defend_G","Strike_G","Strike_G","Strike_G","Strike_G","Strike_G","Survivor","Neutralize","Sucker Punch","Footwork+1","Crippling Poison","Escape Plan+1","Adrenaline","Cloak And Dagger"],"special_seed":0,"relics":["Ring of the Snake","Art of War","Orichalcum","Centennial Puzzle","MawBank"],"potions_floor_usage":[7,7],"damage_taken":[{"damage":0.0,"enemies":"Small Slimes","floor":1.0,"turns":4.0},{"damage":0.0,"enemies":"Cultist","floor":2.0,"turns":4.0},{"damage":0.0,"enemies":"2 Louse","floor":4.0,"turns":3.0},{"damage":0.0,"enemies":"Large Slime","floor":5.0,"turns":9.0},{"damage":16,"enemies":"3 Sentries","floor":7,"turns":18},{"damage":22,"enemies":"Gremlin Nob","floor":10,"turns":6},{"damage":0,"enemies":"2 Fungi Beasts","floor":11,"turns":4},{"damage":22,"enemies":"The Mushroom Lair","floor":12,"turns":3}],"seed_played":"4392975783919312893","potions_obtained":[{"floor":1.0,"key":"Ancient Potion"},{"floor":2.0,"key":"AttackPotion"},{"floor":3.0,"key":"GhostInAJar"},{"floor":5.0,"key":"Dexterity Potion"}],"is_trial":false,"path_per_floor":["M","M","?","M","M","R","E","R","T","E","M","?"],"character_chosen":"THE_SILENT","items_purchased":[],"campfire_rested":0,"item_purchase_floors":[],"current_hp_per_floor":[59,59,59,59,59,59,43,43,43,21,21,0],"gold":279,"neow_bonus":"RANDOM_COMMON_RELIC","is_prod":false,"is_daily":false,"chose_seed":false,"campfire_upgraded":2,"win_rate":0,"timestamp":1554535096,"path_taken":["M","M","?","M","?","R","E","R","T","E","M","?"],"build_version":"2019-01-23","purchased_purges":0,"victory":false,"max_hp_per_floor":[66,66,66,66,66,66,66,66,66,66,66,66],"card_choices":[{"not_picked":["All Out Attack","Acrobatics"],"picked":"Sucker Punch","floor":1.0},{"not_picked":["Deflect","Cloak And Dagger"],"picked":"Footwork","floor":2.0},{"not_picked":["Concentrate","Flechettes"],"picked":"Crippling Poison","floor":4.0},{"not_picked":["Crippling Poison","Prepared","Blade Dance"],"picked":"SKIP","floor":5.0},{"not_picked":["Dash","All Out Attack"],"picked":"Escape Plan","floor":7},{"not_picked":["Dodge and Roll","Noxious Fumes"],"picked":"Adrenaline","floor":10},{"not_picked":["Slice","Dagger Throw"],"picked":"Cloak And Dagger","floor":11}],"player_experience":681725,"relics_obtained":[{"floor":7,"key":"Orichalcum"},{"floor":9,"key":"Centennial Puzzle"},{"floor":10,"key":"MawBank"}],"event_choices":[{"damage_healed":0.0,"max_hp_gain":0.0,"max_hp_loss":0.0,"gold_gain":0.0,"event_name":"The Woman in Blue","player_choice":"Bought 1 Potion","floor":3.0,"gold_loss":0.0,"damage_taken":0.0},{"damage_healed":0,"gold_gain":0,"player_choice":"Fought Mushrooms","damage_taken":0,"max_hp_gain":0,"max_hp_loss":0,"event_name":"Mushrooms","floor":12,"gold_loss":0}],"is_beta":false,"boss_relics":[],"items_purged_floors":[],"is_endless":false,"potions_floor_spawned":[1,2,5],"killed_by":"The Mushroom Lair","ascension_level":16}