{"gold_per_floor":[312,312,277,239,42,68,68,95,134,175,187],"floor_reached":11,"playtime":462,"items_purged":[],"score":104,"play_id":"ea01abd1-4914-47ea-bac2-268d6fc87660","local_time":"20190417232528","is_ascension_mode":true,"campfire_choices":[{"floor":7,"key":"REST"}],"neow_cost":"NO_GOLD","seed_source_timestamp":312848452304707,"circlet_count":0,"master_deck":["Strike_B","Strike_B","Strike_B","Strike_B","Defend_B","Defend_B","Defend_B","Defend_B","Zap","Dualcast","Loop","Leap","Ball Lightning+1"],"relics":["Cracked Core","Old Coin","Bronze Scales","Runic Capacitor","Molten Egg 2","MawBank","Omamori","Meat on the Bone"],"potions_floor_usage":[10],"damage_taken":[{"damage":7,"enemies":"Small Slimes","floor":1,"turns":3},{"damage":21,"enemies":"Gremlin Nob","floor":6,"turns":4},{"damage":26,"enemies":"3 Sentries","floor":8,"turns":7},{"damage":40,"enemies":"Gremlin Nob","floor":10,"turns":5},{"damage":30,"enemies":"3 Sentries","floor":11,"turns":4}],"seed_played":"6236564964809165461","potions_obtained":[{"floor":8,"key":"Regen Potion"}],"is_trial":false,"path_per_floor":["M","?","?","?","$","E","R","E","T","E","?"],"character_chosen":"DEFECT","items_purchased":["Runic Capacitor"],"campfire_rested":1,"item_purchase_floors":[5],"current_hp_per_floor":[68,56,74,74,74,53,75,49,49,21,0],"gold":187,"neow_bonus":"ONE_RARE_RELIC","is_prod":false,"is_daily":false,"chose_seed":false,"campfire_upgraded":0,"win_rate":0,"timestamp":1555557928,"path_taken":["M","?","?","?","$","E","R","E","T","E","?"],"build_version":"2019-01-23","purchased_purges":0,"victory":false,"max_hp_per_floor":[75,75,75,75,75,75,75,75,75,75,75],"card_choices":[{"not_picked":["Hologram","Heatsinks"],"picked":"Loop","floor":1},{"not_picked":["Rebound","Rip and Tear"],"picked":"Leap","floor":6},{"not_picked":["Turbo","Sweeping Beam+1","Steam Power"],"picked":"SKIP","floor":8},{"not_picked":["Doom and Gloom+1","Rebound+1"],"picked":"Ball Lightning+1","floor":10}],"player_experience":201735,"relics_obtained":[{"floor":6,"key":"Molten Egg 2"},{"floor":8,"key":"MawBank"},{"floor":9,"key":"Omamori"},{"floor":10,"key":"Meat on the Bone"}],"event_choices":[{"damage_healed":0,"gold_gain":0,"player_choice":"Success","damage_taken":12,"relics_obtained":["Bronze Scales"],"max_hp_gain":0,"max_hp_loss":0,"event_name":"Scrap Ooze","floor":2,"gold_loss":0},{"damage_healed":18,"gold_gain":0,"player_choice":"Healed","damage_taken":0,"max_hp_gain":0,"max_hp_loss":0,"event_name":"The Cleric","floor":3,"gold_loss":35},{"damage_healed":0,"gold_gain":0,"player_choice":"Left Gold","damage_taken":0,"max_hp_gain":0,"max_hp_loss":0,"event_name":"World of Goop","floor":4,"gold_loss":38},{"damage_healed":0,"gold_gain":0,"player_choice":"Searched \u00271\u0027 times","damage_taken":0,"max_hp_gain":0,"max_hp_loss":0,"event_name":"Dead Adventurer","floor":11,"gold_loss":0}],"is_beta":false,"boss_relics":[],"items_purged_floors":[],"is_endless":false,"potions_floor_spawned":[8],"killed_by":"3 Sentries","ascension_level":4}