{"gold_per_floor":[114,114,132,150,167,167,186,218,218,252,263,263,273,288,288,365,365,365,376,376,392,234,234,267,167,190,190,190,219,219,238,238,238],"floor_reached":33,"playtime":2191,"items_purged":["Strike_R","Strike_R"],"score":583,"play_id":"532cdd70-d725-4194-8594-d8265b8c7b71","local_time":"20190414215705","is_ascension_mode":true,"campfire_choices":[{"data":"Bash","floor":6.0,"key":"SMITH"},{"data":"Battle Trance","floor":12.0,"key":"SMITH"},{"floor":15.0,"key":"REST"},{"floor":23.0,"key":"REST"},{"data":"Disarm","floor":32,"key":"SMITH"}],"neow_cost":"TEN_PERCENT_HP_LOSS","seed_source_timestamp":436316192205100,"circlet_count":0,"master_deck":["AscendersBane","Strike_R+1","Strike_R","Defend_R","Defend_R","Defend_R","Defend_R","Bash+1","Iron Wave+1","Shrug It Off","Pommel Strike","Battle Trance+1","Anger","Inflame","Immolate","Metallicize","Wild Strike","True Grit","Reaper","Disarm+1","Cleave","Second Wind","Berserk","Shrug It Off"],"special_seed":0,"relics":["Burning Blood","Turnip","Happy Flower","Mark of Pain","Nilry\u0027s Codex","Boot","Pantograph"],"potions_floor_usage":[],"damage_taken":[{"damage":4.0,"enemies":"2 Louse","floor":1.0,"turns":3.0},{"damage":2.0,"enemies":"Jaw Worm","floor":3.0,"turns":4.0},{"damage":1.0,"enemies":"Cultist","floor":4.0,"turns":3.0},{"damage":0.0,"enemies":"Large Slime","floor":5.0,"turns":4.0},{"damage":4.0,"enemies":"Blue Slaver","floor":7.0,"turns":4.0},{"damage":28.0,"enemies":"3 Sentries","floor":8.0,"turns":7.0},{"damage":20.0,"enemies":"Lagavulin","floor":10.0,"turns":5.0},{"damage":10.0,"enemies":"Lots of Slimes","floor":11.0,"turns":3.0},{"damage":11.0,"enemies":"Looter","floor":13.0,"turns":2.0},{"damage":0.0,"enemies":"Exordium Thugs","floor":14.0,"turns":3.0},{"damage":22.0,"enemies":"Slime Boss","floor":16.0,"turns":8.0},{"damage":0.0,"enemies":"3 Byrds","floor":18.0,"turns":1.0},{"damage":25.0,"enemies":"Spheric Guardian","floor":19.0,"turns":6.0},{"damage":7.0,"enemies":"Snecko","floor":21.0,"turns":4.0},{"damage":14.0,"enemies":"Gremlin Leader","floor":24.0,"turns":8.0},{"damage":42,"enemies":"Slavers","floor":29,"turns":5},{"damage":14,"enemies":"Sentry and Sphere","floor":31,"turns":8},{"damage":85,"enemies":"Champ","floor":33,"turns":11}],"seed_played":"6197579562355054826","potions_obtained":[{"floor":3.0,"key":"Ancient Potion"},{"floor":4.0,"key":"SkillPotion"},{"floor":10.0,"key":"SpeedPotion"},{"floor":11.0,"key":"PowerPotion"},{"floor":14.0,"key":"EssenceOfSteel"},{"floor":16.0,"key":"SmokeBomb"}],"is_trial":false,"path_per_floor":["M","?","M","M","M","R","M","E","T","E","M","R","M","M","R","B",null,"M","M","?","M","$","R","E","$","T","?","$","E","?","M","R","B"],"character_chosen":"IRONCLAD","items_purchased":["Second Wind"],"campfire_rested":2,"item_purchase_floors":[22],"current_hp_per_floor":[68,48,52,57,63,63,65,43,43,29,25,25,20,26,46,30,59,65,46,25,30,30,50,54,54,54,54,54,34,34,26,26,0],"gold":238,"neow_bonus":"ONE_RARE_RELIC","is_prod":false,"is_daily":false,"chose_seed":false,"campfire_upgraded":3,"win_rate":0,"timestamp":1555304225,"path_taken":["M","?","M","M","M","R","M","E","T","E","M","R","M","M","R","BOSS","M","M","?","M","$","R","E","$","T","?","$","E","?","?","R","BOSS"],"build_version":"2019-01-23","purchased_purges":2,"victory":false,"max_hp_per_floor":[68,68,68,68,68,68,68,68,68,68,68,68,68,68,68,68,68,68,68,68,68,68,68,68,68,68,68,68,68,68,68,68,68],"card_choices":[{"not_picked":["Sword Boomerang","Intimidate"],"picked":"Iron Wave","floor":1.0},{"not_picked":["Headbutt","Dropkick"],"picked":"Shrug It Off","floor":3.0},{"not_picked":["Ghostly Armor","Body Slam"],"picked":"Pommel Strike","floor":4.0},{"not_picked":["Iron Wave","Shrug It Off"],"picked":"Battle Trance","floor":5.0},{"not_picked":["Twin Strike","Rage"],"picked":"Anger","floor":7.0},{"not_picked":["Heavy Blade","Flex"],"picked":"Inflame","floor":8.0},{"not_picked":["Flex","Fire Breathing"],"picked":"Immolate","floor":10.0},{"not_picked":["Headbutt","Perfected Strike"],"picked":"Metallicize","floor":11.0},{"not_picked":["Perfected Strike","Combust"],"picked":"Wild Strike","floor":13.0},{"not_picked":["Warcry","Anger"],"picked":"True Grit","floor":14.0},{"not_picked":["Double Tap","Dark Embrace"],"picked":"Reaper","floor":16.0},{"not_picked":["Perfected Strike","True Grit+1"],"picked":"Disarm","floor":19.0},{"not_picked":["Perfected Strike","Headbutt"],"picked":"Cleave","floor":21.0},{"not_picked":["Sever Soul","Iron Wave","Warcry"],"picked":"SKIP","floor":24},{"not_picked":["Twin Strike","Cleave","Wild Strike"],"picked":"SKIP","floor":29},{"not_picked":["Cleave","Body Slam"],"picked":"Shrug It Off","floor":31}],"player_experience":560093,"relics_obtained":[{"floor":8.0,"key":"Happy Flower"},{"floor":20.0,"key":"Nilry\u0027s Codex"},{"floor":26,"key":"Boot"},{"floor":29,"key":"Pantograph"}],"event_choices":[{"damage_healed":0.0,"max_hp_gain":0.0,"max_hp_loss":0.0,"gold_gain":0.0,"event_name":"Shining Light","player_choice":"Entered Light","floor":2.0,"gold_loss":0.0,"damage_taken":20.0,"cards_upgraded":["Strike_R","Iron Wave"]},{"damage_healed":0.0,"max_hp_gain":0.0,"max_hp_loss":0.0,"gold_gain":0.0,"event_name":"Cursed Tome","player_choice":"Obtained Book","floor":20.0,"gold_loss":0.0,"damage_taken":21.0},{"damage_healed":0,"gold_gain":0,"player_choice":"Ignored","damage_taken":0,"max_hp_gain":0,"max_hp_loss":0,"event_name":"Ghosts","floor":27,"gold_loss":0},{"damage_healed":0,"gold_gain":0,"cards_transformed":["Strike_R"],"player_choice":"Transformed","damage_taken":0,"max_hp_gain":0,"max_hp_loss":0,"event_name":"Transmorgrifier","floor":30,"gold_loss":0,"cards_obtained":["Berserk"]}],"is_beta":false,"boss_relics":[{"not_picked":["Empty Cage","Runic Cube"],"picked":"Mark of Pain"}],"items_purged_floors":[22,25],"is_endless":false,"potions_floor_spawned":[3,4,10,11,13,14,16,18],"killed_by":"Champ","ascension_level":19}