{"gold_per_floor":[112,131,206,206,217,217,245,245,292,317,297,297],"floor_reached":12,"playtime":407,"items_purged":[],"score":159,"play_id":"45bdbf89-7f67-4762-b0b2-277132097b07","local_time":"20190415021048","is_ascension_mode":true,"campfire_choices":[{"data":"Shrug It Off","floor":6.0,"key":"SMITH"},{"floor":8,"key":"REST"}],"neow_cost":"NONE","seed_source_timestamp":44251534233124,"circlet_count":0,"master_deck":["AscendersBane","Strike_R","Strike_R","Strike_R","Strike_R","Defend_R","Defend_R","Defend_R","Defend_R","Bash","Clothesline","Twin Strike","Shrug It Off+1","Spot Weakness"],"special_seed":0,"relics":["Burning Blood","Art of War","Boot","Lantern"],"potions_floor_usage":[10],"damage_taken":[{"damage":14.0,"enemies":"Jaw Worm","floor":1.0,"turns":4.0},{"damage":4.0,"enemies":"Cultist","floor":2.0,"turns":4.0},{"damage":15.0,"enemies":"2 Louse","floor":5.0,"turns":2.0},{"damage":34,"enemies":"Lagavulin","floor":7,"turns":11},{"damage":37,"enemies":"3 Sentries","floor":10,"turns":12},{"damage":2,"enemies":"Exordium Thugs","floor":12,"turns":3}],"seed_played":"7666195236302169600","potions_obtained":[{"floor":7,"key":"PowerPotion"},{"floor":10,"key":"GamblersBrew"},{"floor":11,"key":"Weak Potion"}],"is_trial":false,"path_per_floor":["M","M","?","?","M","R","E","R","T","E","?","M"],"character_chosen":"IRONCLAD","items_purchased":[],"campfire_rested":1,"item_purchase_floors":[],"current_hp_per_floor":[67,69,58,58,49,49,21,45,45,14,14,12],"gold":297,"neow_bonus":"TEN_PERCENT_HP_BONUS","is_prod":false,"is_daily":false,"chose_seed":false,"campfire_upgraded":1,"win_rate":0,"timestamp":1555319448,"path_taken":["M","M","?","?","?","R","E","R","T","E","?","M"],"build_version":"2019-01-23","purchased_purges":0,"victory":false,"max_hp_per_floor":[82,82,82,82,82,82,82,82,82,82,82,82],"card_choices":[{"not_picked":["Headbutt","Uppercut"],"picked":"Clothesline","floor":1.0},{"not_picked":["Havoc","Second Wind"],"picked":"Twin Strike","floor":2.0},{"not_picked":["Whirlwind","Armaments"],"picked":"Shrug It Off","floor":5.0},{"not_picked":["Perfected Strike","Second Wind","Dropkick"],"picked":"SKIP","floor":7},{"not_picked":["Rupture","Perfected Strike"],"picked":"Spot Weakness","floor":10}],"player_experience":715896,"relics_obtained":[{"floor":7,"key":"Art of War"},{"floor":9,"key":"Boot"},{"floor":10,"key":"Lantern"}],"event_choices":[{"damage_healed":0.0,"max_hp_gain":0.0,"max_hp_loss":0.0,"gold_gain":75.0,"event_name":"World of Goop","player_choice":"Gather Gold","floor":3.0,"gold_loss":0.0,"damage_taken":11.0},{"cards_removed":["Strike_R"],"damage_healed":0.0,"max_hp_gain":0.0,"max_hp_loss":0.0,"gold_gain":0.0,"event_name":"Purifier","player_choice":"Purged","floor":4.0,"gold_loss":0.0,"damage_taken":0.0},{"damage_healed":0,"gold_gain":0,"player_choice":"Bought 1 Potion","damage_taken":0,"max_hp_gain":0,"max_hp_loss":0,"event_name":"The Woman in Blue","floor":11,"gold_loss":0}],"is_beta":false,"boss_relics":[],"items_purged_floors":[],"is_endless":false,"potions_floor_spawned":[7,10],"killed_by":"Exordium Thugs","ascension_level":17}