{"gold_per_floor":[112,112,130,130,140,170,189,189,189,114,131,165,165,175,175,253,253,270,15,215,228,243,243,258,258,288,320,320],"floor_reached":28,"playtime":1337,"items_purged":["Strike_R"],"score":475,"play_id":"6348cd29-9b3e-4755-9f53-4638007de5d3","local_time":"20190412201154","is_ascension_mode":true,"campfire_choices":[{"floor":8.0,"key":"REST"},{"data":"Rampage","floor":13.0,"key":"SMITH"},{"data":"Battle Trance","floor":15.0,"key":"SMITH"},{"floor":23.0,"key":"REST"},{"floor":25.0,"key":"REST"}],"neow_cost":"NONE","seed_source_timestamp":256909874844000,"circlet_count":0,"master_deck":["AscendersBane","Strike_R","Strike_R","Strike_R+1","Strike_R+1","Defend_R","Defend_R","Defend_R","Defend_R","Bash","Rampage+1","Battle Trance+1","True Grit","Shrug It Off","Offering","Battle Trance","Inflame","Immolate","Inflame+1","Evolve","Clothesline+1"],"special_seed":0,"relics":["Burning Blood","Vajra","Paper Frog","Orichalcum","Whetstone","Mark of Pain","Dream Catcher","Tiny Chest","Lantern"],"potions_floor_usage":[],"damage_taken":[{"damage":21.0,"enemies":"Jaw Worm","floor":1.0,"turns":5.0},{"damage":10.0,"enemies":"Small Slimes","floor":3.0,"turns":3.0},{"damage":0.0,"enemies":"Cultist","floor":5.0,"turns":2.0},{"damage":35.0,"enemies":"3 Sentries","floor":6.0,"turns":10.0},{"damage":6.0,"enemies":"Looter","floor":7.0,"turns":4.0},{"damage":18.0,"enemies":"Exordium Thugs","floor":11.0,"turns":4.0},{"damage":23.0,"enemies":"Gremlin Nob","floor":12.0,"turns":4.0},{"damage":0.0,"enemies":"Exordium Wildlife","floor":14.0,"turns":3.0},{"damage":11.0,"enemies":"Hexaghost","floor":16.0,"turns":8.0},{"damage":27.0,"enemies":"2 Thieves","floor":18.0,"turns":4.0},{"damage":6.0,"enemies":"Chosen","floor":21.0,"turns":3.0},{"damage":18.0,"enemies":"Snecko","floor":22.0,"turns":5.0},{"damage":31.0,"enemies":"Centurion and Healer","floor":24.0,"turns":4.0},{"damage":41.0,"enemies":"Slavers","floor":27.0,"turns":4.0},{"damage":12,"enemies":"Cultist and Chosen","floor":28,"turns":3}],"seed_played":"7181551954813356425","potions_obtained":[{"floor":0.0,"key":"Block Potion"},{"floor":0.0,"key":"Fire Potion"},{"floor":11.0,"key":"Poison Potion"},{"floor":14.0,"key":"Fire Potion"},{"floor":27.0,"key":"SpeedPotion"}],"is_trial":false,"path_per_floor":["M","?","M","?","M","E","M","R","T","$","M","E","R","M","R","B",null,"M","$","?","M","M","R","M","R","T","E","M"],"character_chosen":"IRONCLAD","items_purchased":["Dream Catcher","Inflame"],"campfire_rested":3,"item_purchase_floors":[19,19],"current_hp_per_floor":[53,42,38,38,44,15,15,37,37,37,25,8,8,14,14,9,59,38,38,38,38,26,48,23,45,45,10,0],"gold":320,"neow_bonus":"THREE_SMALL_POTIONS","is_prod":false,"is_daily":false,"chose_seed":false,"campfire_upgraded":2,"win_rate":0,"timestamp":1555125114,"path_taken":["M","?","M","?","M","E","M","R","T","$","M","E","R","M","R","BOSS","M","$","?","?","M","R","M","R","T","E","M"],"build_version":"2019-01-23","purchased_purges":1,"victory":false,"max_hp_per_floor":[75,75,75,75,75,75,75,75,75,75,75,75,75,75,75,75,75,75,75,75,75,75,75,75,75,75,75,75],"card_choices":[{"not_picked":["Thunderclap","Shrug It Off"],"picked":"Rampage","floor":1.0},{"not_picked":["Fire Breathing","Searing Blow","Warcry"],"picked":"SKIP","floor":3.0},{"not_picked":["Sentinel","Perfected Strike","Body Slam"],"picked":"SKIP","floor":5.0},{"not_picked":["Armaments","Hemokinesis"],"picked":"Battle Trance","floor":6.0},{"not_picked":["Blood for Blood","Havoc"],"picked":"True Grit","floor":7.0},{"not_picked":["Flex","Wild Strike","Pommel Strike"],"picked":"SKIP","floor":11.0},{"not_picked":["Bloodletting","Anger"],"picked":"Shrug It Off","floor":12.0},{"not_picked":["Wild Strike","Carnage","Combust"],"picked":"SKIP","floor":14.0},{"not_picked":["Double Tap","Impervious"],"picked":"Offering","floor":16.0},{"not_picked":["Flex","Pummel"],"picked":"Battle Trance","floor":18.0},{"not_picked":["Armaments","Fire Breathing","Seeing Red"],"picked":"SKIP","floor":21.0},{"not_picked":["Cleave","Iron Wave"],"picked":"Immolate","floor":22.0},{"not_picked":["Havoc+1","Battle Trance"],"picked":"Inflame+1","floor":23.0},{"not_picked":["Rampage","Warcry"],"picked":"Evolve","floor":24.0},{"not_picked":["Inflame","Second Wind"],"picked":"Clothesline+1","floor":27.0}],"player_experience":541920,"relics_obtained":[{"floor":6.0,"key":"Paper Frog"},{"floor":9.0,"key":"Orichalcum"},{"floor":12.0,"key":"Whetstone"},{"floor":26.0,"key":"Tiny Chest"},{"floor":27.0,"key":"Lantern"}],"event_choices":[{"damage_healed":0.0,"max_hp_gain":0.0,"max_hp_loss":0.0,"gold_gain":0.0,"event_name":"Scrap Ooze","player_choice":"Success","floor":2.0,"gold_loss":0.0,"damage_taken":11.0,"relics_obtained":["Vajra"]},{"damage_healed":0.0,"max_hp_gain":0.0,"max_hp_loss":0.0,"gold_gain":0.0,"event_name":"Liars Game","player_choice":"Ignored","floor":4.0,"gold_loss":0.0,"damage_taken":0.0},{"damage_healed":0.0,"max_hp_gain":0.0,"max_hp_loss":0.0,"gold_gain":200.0,"event_name":"Wheel of Change","player_choice":"Gold","floor":20.0,"gold_loss":0.0,"damage_taken":0.0}],"is_beta":false,"boss_relics":[{"not_picked":["Ectoplasm","Fusion Hammer"],"picked":"Mark of Pain"}],"items_purged_floors":[10],"is_endless":false,"potions_floor_spawned":[5,11,14,16,21,27],"killed_by":"Cultist and Chosen","ascension_level":18}