{"gold_per_floor":[115,115,115,115,40,40,54,69,69,112,88,102,102,116,116,239,239,253,253,253,253,271,271,305,12,35,51,51,72,72],"floor_reached":30,"playtime":1463,"items_purged":["Injury"],"score":260,"play_id":"d1281bba-7b83-4b29-9870-921b80d8379c","local_time":"20181005215104","is_ascension_mode":true,"campfire_choices":[{"data":"Noxious Fumes","floor":6,"key":"SMITH"},{"floor":13,"key":"REST"},{"data":"Noxious Fumes","floor":15,"key":"SMITH"},{"floor":23,"key":"REST"},{"floor":28,"key":"REST"}],"neow_cost":"NONE","seed_source_timestamp":96999469532276,"circlet_count":0,"master_deck":["Defend_G","Defend_G","Defend_G","Defend_G","Defend_G","Strike_G","Strike_G","Strike_G","Strike_G","Strike_G","Survivor","Neutralize","Doppelganger","Noxious Fumes+1","Escape Plan","Noxious Fumes","Corpse Explosion","Deadly Poison","Noxious Fumes+1","Tactician","Blade Dance+1","Unload","Catalyst","Footwork","All Out Attack","Backflip"],"relics":["Ring of the Snake","Golden Idol","Pen Nib","Mummified Hand","HoveringKite","Lantern","Strawberry","Regal Pillow","Juzu Bracelet"],"potions_floor_usage":[10,24,24],"damage_taken":[{"damage":2,"enemies":"Small Slimes","floor":1,"turns":6},{"damage":0,"enemies":"Jaw Worm","floor":7,"turns":5},{"damage":1,"enemies":"2 Louse","floor":8,"turns":4},{"damage":25,"enemies":"Gremlin Nob","floor":10,"turns":5},{"damage":0,"enemies":"Looter","floor":12,"turns":3},{"damage":7,"enemies":"3 Louse","floor":14,"turns":2},{"damage":24,"enemies":"Hexaghost","floor":16,"turns":8},{"damage":14,"enemies":"3 Byrds","floor":18,"turns":3},{"damage":0,"enemies":"Chosen","floor":22,"turns":4},{"damage":53,"enemies":"Gremlin Leader","floor":24,"turns":6},{"damage":20,"enemies":"Snecko","floor":27,"turns":4},{"damage":39,"enemies":"Snake Plant","floor":29,"turns":5},{"damage":9,"enemies":"Slavers","floor":30,"turns":1}],"seed_played":"-8941870984933341197","potions_obtained":[{"floor":7,"key":"SteroidPotion"},{"floor":8,"key":"FearPotion"},{"floor":16,"key":"Weak Potion"},{"floor":22,"key":"Poison Potion"}],"is_trial":false,"path_per_floor":["M","?","?","?","$","R","M","M","T","E","$","M","R","M","R","B",null,"M","?","?","?","M","R","E","$","T","M","R","M"],"character_chosen":"THE_SILENT","items_purchased":["Deadly Poison","Strawberry","Regal Pillow"],"campfire_rested":3,"item_purchase_floors":[11,25,25],"current_hp_per_floor":[68,68,73,73,73,73,73,72,72,47,47,47,69,62,62,38,75,61,61,61,61,61,75,22,29,29,9,48,9,0],"gold":72,"neow_bonus":"ONE_RANDOM_RARE_CARD","is_prod":false,"is_daily":false,"chose_seed":false,"campfire_upgraded":2,"win_rate":0,"timestamp":1538790664,"path_taken":["M","?","?","?","$","R","M","M","T","E","$","M","R","M","R","BOSS","M","?","?","?","M","R","E","$","T","M","R","M","E"],"build_version":"2018-10-04","purchased_purges":1,"victory":false,"max_hp_per_floor":[70,70,75,75,75,75,75,75,75,75,75,75,75,75,75,75,75,75,75,75,75,75,75,75,82,82,82,82,82,82],"card_choices":[{"not_picked":["Deflect","Flying Knee"],"picked":"Noxious Fumes","floor":1},{"not_picked":["Sucker Punch","Footwork"],"picked":"Escape Plan","floor":7},{"not_picked":["Slice","Bouncing Flask"],"picked":"Noxious Fumes","floor":8},{"not_picked":["Choke","Dagger Throw"],"picked":"Corpse Explosion","floor":10},{"not_picked":["Dagger Throw","Dodge and Roll","Outmaneuver"],"picked":"SKIP","floor":12},{"not_picked":["Acrobatics","Underhanded Strike"],"picked":"Noxious Fumes","floor":14},{"not_picked":["Blade Dance","Terror"],"picked":"Tactician","floor":18},{"not_picked":["Reflex","Caltrops+1"],"picked":"Catalyst","floor":22},{"not_picked":["Cloak And Dagger+1","PiercingWail+1"],"picked":"Footwork","floor":24},{"not_picked":["Masterful Stab+1","Deflect"],"picked":"All Out Attack","floor":27},{"not_picked":["Deflect+1","Sucker Punch"],"picked":"Backflip","floor":29}],"player_experience":97335,"relics_obtained":[{"floor":9,"key":"Pen Nib"},{"floor":10,"key":"Mummified Hand"},{"floor":24,"key":"Lantern"},{"floor":26,"key":"Juzu Bracelet"}],"event_choices":[{"event_name":"Golden Idol","player_choice":"Take Wound","floor":2,"damage_taken":0},{"event_name":"Big Fish","player_choice":"Donut","floor":3,"damage_taken":0},{"event_name":"Shining Light","player_choice":"Ignored","floor":4,"damage_taken":0},{"event_name":"Match and Keep!","player_choice":"2 cards matched","floor":19,"damage_taken":0},{"event_name":"Upgrade Shrine","player_choice":"Upgraded","floor":20,"damage_taken":0},{"event_name":"Ghosts","player_choice":"Ignored","floor":21,"damage_taken":0}],"is_beta":false,"boss_relics":[{"not_picked":["Coffee Dripper","Snecko Eye"],"picked":"HoveringKite"}],"items_purged_floors":[5],"is_endless":false,"potions_floor_spawned":[7,8,16,22],"killed_by":"Slavers","ascension_level":1}