{"gold_per_floor":[116,126,139,154,154,154,169,169,169,202,202,217,217,231,231,329,329,342,52,72,72,92,92,102,102,102,102,121,133,163,181,181,278,278,293,293,92,442,457,457,486,561,610,624,650,60,60,71,71,71],"floor_reached":51,"playtime":4961,"items_purged":["Strike_G","Slice","Heel Hook"],"score":908,"play_id":"d34a2718-ec35-4df6-a9b6-9c57ed6b4d6c","local_time":"20190419142112","is_ascension_mode":true,"campfire_choices":[{"data":"Reflex","floor":6.0,"key":"SMITH"},{"data":"Neutralize","floor":8.0,"key":"SMITH"},{"data":"Accuracy","floor":13.0,"key":"SMITH"},{"data":"Storm of Steel","floor":15.0,"key":"SMITH"},{"data":"Strike_G","floor":23.0,"key":"PURGE"},{"floor":27.0,"key":"REST"},{"data":"Acrobatics","floor":32.0,"key":"SMITH"},{"floor":40.0,"key":"REST"},{"floor":49,"key":"REST"}],"neow_cost":"PERCENT_DAMAGE","seed_source_timestamp":10873956897953,"circlet_count":0,"master_deck":["Survivor","Neutralize+1","PiercingWail","Cloak And Dagger","Acrobatics+1","Reflex+1","Prepared","Backflip","Storm of Steel+1","Accuracy+1","Crippling Poison","A Thousand Cuts","Outmaneuver+1","Footwork+1","Burst","Calculated Gamble+1","Tools of the Trade","After Image","Envenom","Infinite Blades","Prepared","Phantasmal Killer","Accuracy","Backflip","Reflex+1","Backstab","Blur","Blade Dance"],"special_seed":0,"relics":["Ring of the Snake","Tough Bandages","Mercury Hourglass","The Courier","Question Card","Sozu","Peace Pipe","Kunai","Ornamental Fan","Pandora\u0027s Box","Vajra","Old Coin","Darkstone Periapt","Potion Belt","Strawberry","Regal Pillow","Bag of Marbles","Bronze Scales","Oddly Smooth Stone","Paper Crane"],"potions_floor_usage":[50],"damage_taken":[{"damage":0.0,"enemies":"2 Louse","floor":1.0,"turns":4.0},{"damage":2.0,"enemies":"Jaw Worm","floor":2.0,"turns":6.0},{"damage":4.0,"enemies":"Small Slimes","floor":3.0,"turns":6.0},{"damage":0.0,"enemies":"Blue Slaver","floor":4.0,"turns":7.0},{"damage":3.0,"enemies":"Large Slime","floor":7.0,"turns":11.0},{"damage":19.0,"enemies":"Lagavulin","floor":10.0,"turns":9.0},{"damage":0.0,"enemies":"Exordium Thugs","floor":12.0,"turns":4.0},{"damage":0.0,"enemies":"3 Louse","floor":14.0,"turns":3.0},{"damage":4.0,"enemies":"Slime Boss","floor":16.0,"turns":7.0},{"damage":0.0,"enemies":"Shell Parasite","floor":18.0,"turns":7.0},{"damage":4.0,"enemies":"Spheric Guardian","floor":20.0,"turns":4.0},{"damage":0.0,"enemies":"Centurion and Healer","floor":22.0,"turns":5.0},{"damage":24.0,"enemies":"Chosen and Byrds","floor":24.0,"turns":8.0},{"damage":0.0,"enemies":"3 Cultists","floor":28.0,"turns":4.0},{"damage":0.0,"enemies":"Sentry and Sphere","floor":29.0,"turns":8.0},{"damage":0.0,"enemies":"Gremlin Leader","floor":30.0,"turns":6.0},{"damage":4.0,"enemies":"Shelled Parasite and Fungi","floor":31.0,"turns":5.0},{"damage":7.0,"enemies":"Champ","floor":33.0,"turns":13.0},{"damage":2.0,"enemies":"3 Shapes","floor":35.0,"turns":5.0},{"damage":23.0,"enemies":"2 Orb Walkers","floor":38.0,"turns":4.0},{"damage":27.0,"enemies":"3 Darklings","floor":39.0,"turns":8.0},{"damage":7.0,"enemies":"Giant Head","floor":41.0,"turns":6.0},{"damage":6,"enemies":"4 Shapes","floor":44,"turns":7},{"damage":10,"enemies":"Reptomancer","floor":45,"turns":7},{"damage":0,"enemies":"Maw","floor":48,"turns":5},{"damage":20,"enemies":"Awakened One","floor":50,"turns":13}],"seed_played":"5149191564645670985","potions_obtained":[{"floor":1.0,"key":"Strength Potion"},{"floor":7.0,"key":"SpeedPotion"},{"floor":10.0,"key":"Regen Potion"},{"floor":14.0,"key":"Dexterity Potion"},{"floor":16.0,"key":"Weak Potion"}],"is_trial":false,"path_per_floor":["M","M","M","M","?","R","M","R","T","E","T","M","R","M","R","B",null,"M","$","M","?","M","R","M","?","T","R","M","M","E","M","R","B",null,"M","?","$","?","M","R","E","?","T","M","E","$","T","M","R","B",null],"character_chosen":"THE_SILENT","items_purchased":["Peace Pipe","Vajra","Regal Pillow","Blade Dance","Bag of Marbles","Bronze Scales","Oddly Smooth Stone"],"campfire_rested":3,"item_purchase_floors":[19,37,46,46,46,46,46],"current_hp_per_floor":[49,47,43,43,43,43,40,40,40,21,21,21,21,21,21,31,60,60,60,56,43,43,43,19,19,19,41,41,41,41,37,37,30,64,62,62,62,39,12,34,27,20,20,14,11,11,11,11,50,30],"gold":71,"neow_bonus":"ONE_RARE_RELIC","is_prod":false,"is_daily":false,"chose_seed":false,"campfire_upgraded":5,"win_rate":0,"timestamp":1555651272,"path_taken":["M","M","M","M","?","R","M","R","T","E","?","M","R","M","R","BOSS","M","$","M","?","M","R","M","?","T","R","M","M","E","M","R","BOSS","M","?","$","?","?","R","E","?","T","?","E","$","?","M","R","BOSS"],"build_version":"2019-01-23","purchased_purges":3,"victory":true,"max_hp_per_floor":[70,70,70,70,70,70,70,70,70,70,70,70,70,70,70,70,70,70,70,70,75,75,75,75,75,75,75,75,75,75,75,75,75,75,75,75,75,75,75,75,75,75,75,75,82,82,82,82,82,82],"card_choices":[{"not_picked":["Deadly Poison","Dagger Spray"],"picked":"PiercingWail","floor":1.0},{"not_picked":["Poisoned Stab","Deflect"],"picked":"Cloak And Dagger","floor":2.0},{"not_picked":["Masterful Stab","Terror"],"picked":"Acrobatics","floor":3.0},{"not_picked":["Sucker Punch","Acrobatics"],"picked":"Reflex","floor":4.0},{"not_picked":["Finisher","Poisoned Stab"],"picked":"Backflip","floor":7.0},{"not_picked":["Phantasmal Killer","Acrobatics"],"picked":"Storm of Steel","floor":10.0},{"not_picked":["Underhanded Strike","Catalyst","Dagger Spray"],"picked":"Accuracy","floor":12.0},{"not_picked":["Dagger Spray","Heel Hook","PiercingWail"],"picked":"Crippling Poison","floor":14.0},{"not_picked":["Wraith Form v2","Burst","Venomology"],"picked":"A Thousand Cuts","floor":16.0},{"not_picked":["Sucker Punch","Deadly Poison","Bane"],"picked":"Outmaneuver+1","floor":18.0},{"not_picked":["Sucker Punch+1","Dagger Spray","Deadly Poison"],"picked":"Footwork+1","floor":20.0},{"not_picked":["Poisoned Stab","Cloak And Dagger","Outmaneuver"],"picked":"Burst","floor":22.0},{"not_picked":["Riddle With Holes+1","Finisher","Quick Slash","Masterful Stab"],"picked":"SKIP","floor":24.0},{"not_picked":["Dodge and Roll","Deadly Poison","Backflip+1"],"picked":"Calculated Gamble+1","floor":28.0},{"not_picked":["Deflect","Masterful Stab","Prepared"],"picked":"Tools of the Trade","floor":29.0},{"not_picked":["Eviscerate","Underhanded Strike+1","Sucker Punch","Blade Dance"],"picked":"SKIP","floor":30.0},{"not_picked":["Cloak And Dagger+1","Outmaneuver+1","Backflip"],"picked":"After Image","floor":31.0},{"not_picked":["Night Terror","Venomology","Wraith Form v2"],"picked":"Envenom","floor":33.0},{"not_picked":["Underhanded Strike+1","Endless Agony","Outmaneuver","Riddle With Holes+1"],"picked":"SKIP","floor":35.0},{"not_picked":["Predator","Underhanded Strike+1","Sucker Punch+1"],"picked":"Backflip","floor":38.0},{"not_picked":["Deflect","Bane+1","Slice+1"],"picked":"Reflex+1","floor":39.0},{"not_picked":["Deadly Poison","PiercingWail","Catalyst"],"picked":"Backstab","floor":41.0},{"not_picked":["Noxious Fumes+1","Dagger Throw","Escape Plan+1"],"picked":"Blur","floor":44},{"not_picked":["Night Terror","Quick Slash+1","Flechettes","Predator+1"],"picked":"SKIP","floor":45},{"not_picked":["Distraction+1","Flechettes+1","Calculated Gamble","Blade Dance"],"picked":"SKIP","floor":48}],"player_experience":633285,"relics_obtained":[{"floor":9.0,"key":"Mercury Hourglass"},{"floor":10.0,"key":"The Courier"},{"floor":11.0,"key":"Question Card"},{"floor":26.0,"key":"Kunai"},{"floor":30.0,"key":"Ornamental Fan"},{"floor":38.0,"key":"Old Coin"},{"floor":41.0,"key":"Darkstone Periapt"},{"floor":43,"key":"Potion Belt"},{"floor":45,"key":"Strawberry"},{"floor":47,"key":"Paper Crane"}],"event_choices":[{"damage_healed":0.0,"max_hp_gain":0.0,"max_hp_loss":0.0,"gold_gain":0.0,"cards_transformed":["Strike_G"],"event_name":"Living Wall","player_choice":"Change","floor":5.0,"gold_loss":0.0,"damage_taken":0.0,"cards_obtained":["Prepared"]},{"damage_healed":0.0,"max_hp_gain":5.0,"max_hp_loss":0.0,"gold_gain":0.0,"event_name":"Forgotten Altar","player_choice":"Shed Blood","floor":21.0,"gold_loss":0.0,"damage_taken":18.0},{"damage_healed":0.0,"max_hp_gain":0.0,"max_hp_loss":0.0,"gold_gain":0.0,"event_name":"Vampires","player_choice":"Ignored","floor":25.0,"gold_loss":0.0,"damage_taken":0.0},{"cards_removed":["Bane"],"damage_healed":0.0,"max_hp_gain":0.0,"max_hp_loss":0.0,"gold_gain":0.0,"event_name":"Falling","player_choice":"Removed Attack","floor":36.0,"gold_loss":0.0,"damage_taken":0.0},{"damage_healed":0.0,"max_hp_gain":0.0,"max_hp_loss":0.0,"gold_gain":0.0,"event_name":"Mysterious Sphere","player_choice":"Fight","floor":38.0,"gold_loss":0.0,"damage_taken":0.0},{"damage_healed":0,"gold_gain":75,"player_choice":"Touch","damage_taken":7,"max_hp_gain":0,"max_hp_loss":0,"event_name":"FaceTrader","floor":42,"gold_loss":0}],"is_beta":false,"boss_relics":[{"not_picked":["Velvet Choker","Fusion Hammer"],"picked":"Sozu"},{"not_picked":["Cursed Key","WristBlade"],"picked":"Pandora\u0027s Box"}],"items_purged_floors":[19,37,46],"is_endless":false,"potions_floor_spawned":[1,7,10,14,16,18,22,24,30,38,45],"ascension_level":5}