{"gold_per_floor":[119,119,137,137,148,180,180,199,199,199,213,11,23,57,57,158,158,171,171,171,171,191,191,206,206,206,224,244,30,45,9,9,9],"floor_reached":33,"playtime":2298,"items_purged":["Strike_G"],"score":272,"play_id":"b17155f9-8011-4113-a9b2-dc76b78d3adc","local_time":"20181006172211","is_ascension_mode":true,"campfire_choices":[{"floor":7,"key":"REST"},{"data":"Cloak And Dagger","floor":10,"key":"SMITH"},{"floor":15,"key":"REST"},{"floor":23,"key":"REST"},{"floor":25,"key":"REST"},{"floor":32,"key":"REST"}],"neow_cost":"NONE","seed_source_timestamp":166435247882735,"circlet_count":0,"master_deck":["Defend_G","Defend_G","Defend_G","Defend_G","Defend_G","Strike_G","Strike_G","Strike_G+1","Survivor","Neutralize","Cloak And Dagger+1","Sucker Punch","Flying Knee","Cloak And Dagger+1","Sucker Punch","Well Laid Plans","Accuracy+1","Prepared","PiercingWail","Caltrops+1","Night Terror","Finisher","Blade Dance","Cloak And Dagger+1","Caltrops+1","All Out Attack"],"relics":["Ring of the Snake","Blue Candle","Gremlin Horn","Frozen Egg 2","WristBlade","Gambling Chip","Vajra"],"potions_floor_usage":[6,24,28,33,33],"damage_taken":[{"damage":0,"enemies":"2 Louse","floor":1,"turns":4},{"damage":0,"enemies":"Small Slimes","floor":3,"turns":3},{"damage":0,"enemies":"Cultist","floor":5,"turns":3},{"damage":18,"enemies":"Lagavulin","floor":6,"turns":8},{"damage":1,"enemies":"Large Slime","floor":8,"turns":7},{"damage":0,"enemies":"Looter","floor":11,"turns":4},{"damage":0,"enemies":"3 Louse","floor":13,"turns":2},{"damage":31,"enemies":"Gremlin Nob","floor":14,"turns":5},{"damage":27,"enemies":"Hexaghost","floor":16,"turns":9},{"damage":14,"enemies":"Spheric Guardian","floor":18,"turns":4},{"damage":13,"enemies":"Colosseum Slavers","floor":20,"turns":3},{"damage":4,"enemies":"Shell Parasite","floor":22,"turns":4},{"damage":15,"enemies":"Chosen and Byrds","floor":24,"turns":6},{"damage":16,"enemies":"Cultist and Chosen","floor":27,"turns":5},{"damage":6,"enemies":"Centurion and Healer","floor":28,"turns":4},{"damage":31,"enemies":"Snecko","floor":30,"turns":5},{"damage":39,"enemies":"Champ","floor":33,"turns":9}],"seed_played":"7678074482321594822","potions_obtained":[{"floor":1,"key":"Regen Potion"},{"floor":5,"key":"Explosive Potion"},{"floor":14,"key":"Swift Potion"},{"floor":24,"key":"Ancient Potion"},{"floor":27,"key":"Block Potion"}],"is_trial":false,"path_per_floor":["M","?","M","?","M","E","R","M","T","R","M","$","M","E","R","B",null,"M","?","?","?","M","R","M","R","T","M","M","$","M","$","R"],"character_chosen":"THE_SILENT","items_purchased":["Accuracy","Prepared","Vajra","Caltrops+1","All Out Attack"],"campfire_rested":5,"item_purchase_floors":[12,12,29,29,31],"current_hp_per_floor":[77,62,62,55,55,52,75,74,74,74,74,74,74,43,66,39,77,63,63,50,36,32,56,41,65,65,49,43,43,12,12,36,0],"gold":9,"neow_bonus":"TEN_PERCENT_HP_BONUS","is_prod":false,"is_daily":false,"chose_seed":false,"campfire_upgraded":1,"win_rate":0,"timestamp":1538860931,"path_taken":["M","?","?","?","M","E","R","M","T","R","?","$","M","E","R","BOSS","M","?","?","?","M","R","M","R","T","M","?","$","M","?","R","BOSS"],"build_version":"2018-10-04v2","purchased_purges":1,"victory":false,"max_hp_per_floor":[77,77,77,77,77,77,77,77,77,77,77,77,77,77,77,77,77,77,77,77,82,82,82,82,82,82,82,82,82,82,82,82,82],"card_choices":[{"not_picked":["Skewer","Eviscerate"],"picked":"Cloak And Dagger","floor":1},{"not_picked":["Dodge and Roll","Blade Dance"],"picked":"Sucker Punch","floor":3},{"not_picked":["Dodge and Roll","Acrobatics"],"picked":"Flying Knee","floor":5},{"not_picked":["Flying Knee","Bane"],"picked":"Cloak And Dagger","floor":6},{"not_picked":["Dodge and Roll","Predator"],"picked":"Sucker Punch","floor":8},{"not_picked":["Dodge and Roll","Slice"],"picked":"Well Laid Plans","floor":11},{"not_picked":["Doppelganger","Sucker Punch"],"picked":"PiercingWail","floor":13},{"not_picked":["PiercingWail","Eviscerate"],"picked":"Caltrops","floor":14},{"not_picked":["Storm of Steel","Bullet Time"],"picked":"Night Terror","floor":16},{"not_picked":["Slice","PiercingWail"],"picked":"Finisher","floor":18},{"not_picked":["Tactician","Heel Hook"],"picked":"Blade Dance","floor":22},{"not_picked":["Flying Knee","Blur","Backflip"],"picked":"SKIP","floor":24},{"not_picked":["Endless Agony+1","Poisoned Stab"],"picked":"Cloak And Dagger+1","floor":27},{"not_picked":["Poisoned Stab","Deadly Poison","Sucker Punch"],"picked":"SKIP","floor":28},{"not_picked":["Flying Knee","Deadly Poison","Underhanded Strike"],"picked":"SKIP","floor":30}],"player_experience":98798,"relics_obtained":[{"floor":6,"key":"Blue Candle"},{"floor":9,"key":"Gremlin Horn"},{"floor":14,"key":"Frozen Egg 2"},{"floor":26,"key":"Gambling Chip"}],"event_choices":[{"event_name":"Shining Light","player_choice":"Entered Light","floor":2,"damage_taken":0},{"event_name":"Golden Wing","player_choice":"Card Removal","floor":4,"damage_taken":0},{"event_name":"Accursed Blacksmith","player_choice":"Forge","floor":19,"damage_taken":0},{"event_name":"Colosseum","player_choice":"Fight","floor":20,"damage_taken":0},{"event_name":"Colosseum","player_choice":"Fled From Nobs","floor":20,"damage_taken":0},{"event_name":"Forgotten Altar","player_choice":"Shed Blood","floor":21,"damage_taken":0}],"is_beta":false,"boss_relics":[{"not_picked":["Runic Dome","Velvet Choker"],"picked":"WristBlade"}],"items_purged_floors":[12],"is_endless":false,"potions_floor_spawned":[1,5,14,20,24,27],"killed_by":"Champ","ascension_level":1}