{"gold_per_floor":[118,118,132,148,160,160,160,204,204,204,224,224,239,258,258,258],"floor_reached":16,"playtime":892,"items_purged":[],"score":125,"play_id":"21ae7eee-6323-4d2b-9d11-9e92f78f7c4e","local_time":"20190419003337","is_ascension_mode":true,"campfire_choices":[{"data":"Bash","floor":6,"key":"SMITH"},{"floor":10,"key":"REST"},{"floor":12,"key":"REST"},{"floor":15,"key":"REST"}],"neow_cost":"NONE","seed_source_timestamp":402907914888654,"circlet_count":0,"master_deck":["Strike_R","Strike_R","Strike_R","Strike_R","Strike_R","Defend_R","Defend_R","Defend_R","Bash+1","Spot Weakness","Warcry","Sentinel","True Grit","Limit Break","Flame Barrier","Seeing Red"],"relics":["Burning Blood","CultistMask","Golden Idol","Kunai","Molten Egg 2"],"potions_floor_usage":[16,16,16],"damage_taken":[{"damage":16,"enemies":"Jaw Worm","floor":1,"turns":4},{"damage":1,"enemies":"Cultist","floor":3,"turns":3},{"damage":11,"enemies":"2 Louse","floor":4,"turns":3},{"damage":18,"enemies":"Exordium Wildlife","floor":5,"turns":4},{"damage":33,"enemies":"Gremlin Nob","floor":8,"turns":4},{"damage":14,"enemies":"2 Fungi Beasts","floor":11,"turns":5},{"damage":11,"enemies":"Looter","floor":13,"turns":2},{"damage":13,"enemies":"Large Slime","floor":14,"turns":7},{"damage":84,"enemies":"Slime Boss","floor":16,"turns":12}],"seed_played":"7455349347887803055","potions_obtained":[{"floor":3,"key":"Fire Potion"},{"floor":4,"key":"SkillPotion"},{"floor":5,"key":"Energy Potion"},{"floor":14,"key":"Regen Potion"}],"is_trial":false,"path_per_floor":["M","?","M","M","M","R","?","E","T","R","M","R","M","M","R","B"],"character_chosen":"IRONCLAD","items_purchased":[],"campfire_rested":3,"item_purchase_floors":[],"current_hp_per_floor":[70,70,75,70,58,58,38,11,11,35,27,51,46,39,63,0],"gold":258,"neow_bonus":"REMOVE_CARD","is_prod":false,"is_daily":false,"chose_seed":false,"campfire_upgraded":1,"win_rate":0,"timestamp":1555648417,"path_taken":["M","?","?","M","?","R","?","E","T","R","M","R","M","M","R","BOSS"],"build_version":"2019-01-23","purchased_purges":0,"victory":false,"max_hp_per_floor":[80,80,80,80,80,80,80,80,80,80,80,80,80,80,80,80],"card_choices":[{"not_picked":["Clash","Armaments"],"picked":"Spot Weakness","floor":1},{"not_picked":["Sword Boomerang","Cleave"],"picked":"Warcry","floor":3},{"not_picked":["Searing Blow","Hemokinesis","Clash"],"picked":"SKIP","floor":4},{"not_picked":["Clash","Heavy Blade"],"picked":"Sentinel","floor":5},{"not_picked":["Clothesline","Thunderclap"],"picked":"True Grit","floor":8},{"not_picked":["Anger+1","Iron Wave+1"],"picked":"Limit Break","floor":11},{"not_picked":["Heavy Blade+1","Evolve"],"picked":"Flame Barrier","floor":13},{"not_picked":["Anger+1","Body Slam+1"],"picked":"Seeing Red","floor":14}],"player_experience":205136,"relics_obtained":[{"floor":8,"key":"Kunai"},{"floor":9,"key":"Molten Egg 2"}],"event_choices":[{"damage_healed":0,"gold_gain":0,"player_choice":"Trade","damage_taken":0,"relics_obtained":["CultistMask"],"max_hp_gain":0,"max_hp_loss":0,"event_name":"FaceTrader","floor":2,"gold_loss":0},{"damage_healed":0,"gold_gain":0,"player_choice":"Take Damage","damage_taken":20,"relics_obtained":["Golden Idol"],"max_hp_gain":0,"max_hp_loss":0,"event_name":"Golden Idol","floor":7,"gold_loss":0}],"is_beta":false,"boss_relics":[],"items_purged_floors":[],"is_endless":false,"potions_floor_spawned":[3,4,5,14],"killed_by":"Slime Boss","ascension_level":4}