{"gold_per_floor":[117,147,147,165,21,65,65,89,114,114,150,173,173,25,25,155,155,174,197,197,20,43,43,43],"floor_reached":24,"playtime":1143,"items_purged":["Strike_R"],"score":245,"play_id":"af5007c7-8029-4018-8745-f647238164b8","local_time":"20190417231707","is_ascension_mode":true,"campfire_choices":[{"floor":7,"key":"REST"},{"data":"Armaments","floor":13,"key":"SMITH"},{"floor":15,"key":"REST"},{"floor":23,"key":"REST"}],"neow_cost":"NONE","seed_source_timestamp":311662429641913,"circlet_count":0,"master_deck":["Strike_R+1","Strike_R+1","Strike_R","Strike_R","Defend_R","Defend_R","Defend_R","Defend_R","Bash","Sword Boomerang","Shrug It Off","Spot Weakness","Cleave","Armaments+1","Juggernaut","Heavy Blade","Cleave","RitualDagger","Carnage+1"],"relics":["Burning Blood","Tiny Chest","Golden Idol","Oddly Smooth Stone","Potion Belt","PreservedInsect","Whetstone","Juzu Bracelet","Mark of Pain"],"potions_floor_usage":[6,16,16,16,21,24],"damage_taken":[{"damage":10,"enemies":"2 Louse","floor":1,"turns":3},{"damage":0,"enemies":"Small Slimes","floor":4,"turns":3},{"damage":37,"enemies":"3 Sentries","floor":6,"turns":10},{"damage":0,"enemies":"Cultist","floor":8,"turns":3},{"damage":31,"enemies":"Lagavulin","floor":11,"turns":4},{"damage":2,"enemies":"Exordium Wildlife","floor":12,"turns":4},{"damage":64,"enemies":"Slime Boss","floor":16,"turns":11},{"damage":8,"enemies":"Spheric Guardian","floor":18,"turns":4},{"damage":12,"enemies":"Chosen","floor":19,"turns":5},{"damage":60,"enemies":"3 Cultists","floor":22,"turns":6},{"damage":43,"enemies":"Slavers","floor":24,"turns":3}],"seed_played":"-4088021516351847830","potions_obtained":[{"floor":0,"key":"FearPotion"},{"floor":0,"key":"SkillPotion"},{"floor":0,"key":"Fire Potion"},{"floor":4,"key":"PowerPotion"},{"floor":6,"key":"SteroidPotion"},{"floor":12,"key":"BloodPotion"},{"floor":22,"key":"Dexterity Potion"}],"is_trial":false,"path_per_floor":["M","?","?","M","$","E","R","M","T","?","E","M","R","$","R","B",null,"M","M","?","$","M","R","E"],"character_chosen":"IRONCLAD","items_purchased":["Oddly Smooth Stone","Juzu Bracelet","Fruit Juice"],"campfire_rested":3,"item_purchase_floors":[5,14,21],"current_hp_per_floor":[76,64,64,70,70,39,63,69,69,69,44,48,48,48,72,22,80,78,72,66,71,17,42,0],"gold":43,"neow_bonus":"THREE_SMALL_POTIONS","is_prod":false,"is_daily":false,"chose_seed":false,"campfire_upgraded":1,"win_rate":0,"timestamp":1555557427,"path_taken":["M","?","?","M","$","E","R","M","T","?","E","M","R","$","R","BOSS","M","M","?","$","M","R","E"],"build_version":"2019-01-23","purchased_purges":1,"victory":false,"max_hp_per_floor":[80,80,80,80,80,80,80,80,80,80,80,80,80,80,80,80,80,80,80,80,85,85,85,85],"card_choices":[{"not_picked":["Searing Blow","Dual Wield"],"picked":"Sword Boomerang","floor":1},{"not_picked":["Body Slam","Iron Wave"],"picked":"Shrug It Off","floor":4},{"not_picked":["Body Slam","Heavy Blade"],"picked":"Spot Weakness","floor":6},{"not_picked":["True Grit","Sever Soul"],"picked":"Cleave","floor":8},{"not_picked":["Bloodletting","Flex","Thunderclap"],"picked":"SKIP","floor":11},{"not_picked":["Flex","Impervious"],"picked":"Armaments","floor":12},{"not_picked":["Reaper","Limit Break"],"picked":"Juggernaut","floor":16},{"not_picked":["Pommel Strike","Dropkick"],"picked":"Heavy Blade","floor":18},{"not_picked":["Second Wind+1","Sword Boomerang"],"picked":"Cleave","floor":19},{"not_picked":["Hemokinesis","True Grit"],"picked":"Carnage+1","floor":22}],"player_experience":200592,"relics_obtained":[{"floor":6,"key":"Potion Belt"},{"floor":9,"key":"PreservedInsect"},{"floor":11,"key":"Whetstone"}],"event_choices":[{"damage_healed":0,"gold_gain":0,"player_choice":"Success","damage_taken":12,"relics_obtained":["Tiny Chest"],"max_hp_gain":0,"max_hp_loss":0,"event_name":"Scrap Ooze","floor":2,"gold_loss":0},{"damage_healed":0,"gold_gain":0,"player_choice":"Take Wound","damage_taken":0,"relics_obtained":["Golden Idol"],"max_hp_gain":0,"max_hp_loss":0,"event_name":"Golden Idol","floor":3,"gold_loss":0,"cards_obtained":["Injury"]},{"cards_removed":["Injury"],"damage_healed":0,"gold_gain":0,"player_choice":"Purged","damage_taken":0,"max_hp_gain":0,"max_hp_loss":0,"event_name":"Purifier","floor":10,"gold_loss":0},{"damage_healed":0,"gold_gain":0,"player_choice":"Joined the Cult","damage_taken":6,"max_hp_gain":0,"max_hp_loss":0,"event_name":"Nest","floor":20,"gold_loss":0,"cards_obtained":["RitualDagger"]}],"is_beta":false,"boss_relics":[{"not_picked":["Lizard Tail","Philosopher\u0027s Stone"],"picked":"Mark of Pain"}],"items_purged_floors":[21],"is_endless":false,"potions_floor_spawned":[4,6,12,22],"killed_by":"Slavers","ascension_level":4}