{"gold_per_floor":[117,130,100,100,66,96,106,122,122,122,149,149,149],"floor_reached":13,"playtime":673,"items_purged":[],"score":130,"play_id":"edf90761-5b94-4c5b-a019-d1bf8d8be052","local_time":"20181011184313","is_ascension_mode":true,"campfire_choices":[{"data":"Terror","floor":10,"key":"SMITH"}],"neow_cost":"NONE","seed_source_timestamp":604957180368651,"circlet_count":0,"master_deck":["Defend_G","Defend_G","Defend_G","Defend_G","Defend_G","Strike_G","Strike_G","Strike_G","Strike_G","Strike_G","Survivor","Neutralize","Backflip","Terror+1","Footwork","Flying Knee","Well Laid Plans","Accuracy"],"relics":["Ring of the Snake","NeowsBlessing","Pantograph","Singing Bowl","Meat on the Bone"],"potions_floor_usage":[],"damage_taken":[{"damage":0,"enemies":"Cultist","floor":1,"turns":1},{"damage":0,"enemies":"2 Louse","floor":2,"turns":1},{"damage":0,"enemies":"Lagavulin","floor":6,"turns":1},{"damage":0,"enemies":"Small Slimes","floor":7,"turns":3},{"damage":0,"enemies":"Red Slaver","floor":8,"turns":5},{"damage":40,"enemies":"3 Sentries","floor":11,"turns":14},{"damage":34,"enemies":"Gremlin Gang","floor":13,"turns":3}],"seed_played":"-8881365120932349067","potions_obtained":[{"floor":2,"key":"Dexterity Potion"},{"floor":3,"key":"Weak Potion"},{"floor":3,"key":"GamblersBrew"},{"floor":7,"key":"Ancient Potion"},{"floor":11,"key":"Strength Potion"}],"is_trial":false,"path_per_floor":["M","M","?","?","$","E","M","M","T","R","E","?"],"character_chosen":"THE_SILENT","items_purchased":["Footwork"],"campfire_rested":0,"item_purchase_floors":[5],"current_hp_per_floor":[70,70,70,63,63,63,63,63,63,63,25,25,0],"gold":149,"neow_bonus":"THREE_ENEMY_KILL","is_prod":false,"is_daily":false,"chose_seed":false,"campfire_upgraded":1,"win_rate":0,"timestamp":1539297793,"path_taken":["M","M","?","?","$","E","M","M","T","R","E","?","?"],"build_version":"2018-10-04v2","purchased_purges":0,"victory":false,"max_hp_per_floor":[70,70,70,70,70,70,70,70,70,70,72,72,72],"card_choices":[{"not_picked":["Dagger Throw","Bane"],"picked":"Backflip","floor":1},{"not_picked":["Flying Knee","Endless Agony"],"picked":"Terror","floor":2},{"not_picked":["Riddle With Holes","Escape Plan"],"picked":"Flying Knee","floor":6},{"not_picked":["Venomology","Dodge and Roll"],"picked":"Well Laid Plans","floor":7},{"not_picked":["Eviscerate","Dodge and Roll"],"picked":"Accuracy","floor":8},{"not_picked":["Backflip","Flechettes","Masterful Stab"],"picked":"Singing Bowl","floor":11}],"player_experience":124797,"relics_obtained":[{"floor":6,"key":"Pantograph"},{"floor":9,"key":"Singing Bowl"},{"floor":11,"key":"Meat on the Bone"}],"event_choices":[{"event_name":"The Woman in Blue","player_choice":"Bought 2 Potions","floor":3,"damage_taken":0},{"event_name":"Wheel of Change","player_choice":"Damage","floor":4,"damage_taken":0},{"event_name":"Scrap Ooze","player_choice":"unsuccessful","floor":12,"damage_taken":0}],"is_beta":false,"boss_relics":[],"items_purged_floors":[],"is_endless":false,"potions_floor_spawned":[2,7,11],"killed_by":"Gremlin Gang","ascension_level":2}