{"gold_per_floor":[114,64,64,64,64,103,103,146,158,214,246,272,284,331,343,486,498,531,556,483,495,522,534,546,558,570,607,638,650,102,116,116,236,236,256,589,589,589,601,601,630,630,630,647,659,487,487,505,505,505],"floor_reached":50,"playtime":3283,"items_purged":["Defend_B","Coolheaded"],"score":625,"play_id":"67a6fa48-2cc7-4aa1-8188-d2100523bbd6","local_time":"20181006181756","is_ascension_mode":true,"campfire_choices":[{"data":"Zap","floor":7,"key":"SMITH"},{"floor":13,"key":"REST"},{"floor":15,"key":"REST"},{"floor":23,"key":"REST"},{"floor":25,"key":"REST"},{"floor":29,"key":"REST"},{"floor":32,"key":"REST"},{"floor":40,"key":"REST"},{"floor":42,"key":"REST"},{"floor":47,"key":"REST"},{"floor":49,"key":"REST"}],"neow_cost":"NONE","seed_source_timestamp":168767004301941,"circlet_count":0,"master_deck":["Strike_B","Strike_B","Defend_B","Defend_B","Defend_B","Zap+1","Dualcast","Ball Lightning","Seek","Conserve Battery","Rebound+1","Conserve Battery","White Noise","Creative AI","Stack+1","Rebound+1","Zap","Go for the Eyes+1","Sweeping Beam+1","Sweeping Beam+1","Capacitor","Rebound+1","Electrodynamics","Capacitor+1","Transmutation","Static Discharge","Storm+1","Stack+1","Force Field"],"relics":["Cracked Core","NeowsBlessing","Omamori","MawBank","Vajra","Molten Egg 2","Blood Vial","Velvet Choker","Sundial","Necronomicon","Bottled Lightning","Oddly Smooth Stone","Pear","Busted Crown","Mango","Lantern","Matryoshka"],"potions_floor_usage":[10,14,19,28,33,33,41,50,50,50],"damage_taken":[{"damage":0,"enemies":"Jaw Worm","floor":1,"turns":1},{"damage":0,"enemies":"3 Sentries","floor":6,"turns":1},{"damage":0,"enemies":"Gremlin Nob","floor":8,"turns":1},{"damage":12,"enemies":"Lagavulin","floor":10,"turns":6},{"damage":0,"enemies":"2 Louse","floor":11,"turns":2},{"damage":0,"enemies":"Small Slimes","floor":12,"turns":2},{"damage":22,"enemies":"Gremlin Nob","floor":14,"turns":4},{"damage":51,"enemies":"Hexaghost","floor":16,"turns":12},{"damage":2,"enemies":"Shell Parasite","floor":18,"turns":7},{"damage":20,"enemies":"2 Thieves","floor":19,"turns":4},{"damage":32,"enemies":"3 Cultists","floor":22,"turns":6},{"damage":16,"enemies":"Snecko","floor":27,"turns":5},{"damage":5,"enemies":"Centurion and Healer","floor":28,"turns":6},{"damage":3,"enemies":"Cultist and Chosen","floor":31,"turns":6},{"damage":76,"enemies":"Collector","floor":33,"turns":8},{"damage":29,"enemies":"3 Shapes","floor":35,"turns":4},{"damage":8,"enemies":"Mind Bloom Boss Battle","floor":38,"turns":6},{"damage":11,"enemies":"Orb Walker","floor":39,"turns":4},{"damage":76,"enemies":"Giant Head","floor":41,"turns":9},{"damage":30,"enemies":"Maw","floor":44,"turns":8},{"damage":8,"enemies":"Reptomancer","floor":45,"turns":5},{"damage":23,"enemies":"3 Darklings","floor":48,"turns":3},{"damage":48,"enemies":"Time Eater","floor":50,"turns":8}],"seed_played":"-3407213513520482897","potions_obtained":[{"floor":6,"key":"Block Potion"},{"floor":10,"key":"EssenceOfSteel"},{"floor":11,"key":"SneckoOil"},{"floor":14,"key":"Ancient Potion"},{"floor":16,"key":"LiquidBronze"},{"floor":27,"key":"PowerPotion"},{"floor":28,"key":"AttackPotion"},{"floor":31,"key":"Poison Potion"},{"floor":35,"key":"LiquidBronze"},{"floor":39,"key":"Ancient Potion"},{"floor":44,"key":"AttackPotion"}],"is_trial":false,"path_per_floor":["M","?","$","?","?","E","R","E","T","E","M","M","R","E","R","B",null,"M","M","?","?","M","R","?","R","T","M","M","R","$","M","R","B",null,"M","?","?","?","M","R","E","R","T","M","M","$","R","M","R"],"character_chosen":"DEFECT","items_purchased":["Oddly Smooth Stone","Capacitor","Pear","Force Field"],"campfire_rested":10,"item_purchase_floors":[30,30,30,46],"current_hp_per_floor":[75,75,75,75,57,57,57,57,57,45,45,45,67,45,67,18,75,73,55,55,39,9,31,31,53,53,39,36,58,68,67,85,9,85,56,56,56,64,55,84,10,39,39,11,5,5,34,13,42,0],"gold":505,"neow_bonus":"THREE_ENEMY_KILL","is_prod":false,"is_daily":false,"chose_seed":false,"campfire_upgraded":1,"win_rate":0,"timestamp":1538864276,"path_taken":["M","?","$","?","?","E","R","E","T","E","M","?","R","E","R","BOSS","M","M","?","?","M","R","?","R","T","M","M","R","$","M","R","BOSS","M","?","?","?","M","R","E","R","T","M","M","$","R","?","R","BOSS"],"build_version":"2018-10-04v2","purchased_purges":2,"victory":false,"max_hp_per_floor":[75,75,75,75,75,75,75,75,75,75,75,75,75,75,75,75,75,75,75,75,75,75,75,75,75,75,75,75,75,85,85,85,85,85,85,85,85,99,99,99,99,99,99,99,99,99,99,99,99,99],"card_choices":[{"not_picked":["Stack","Turbo"],"picked":"Ball Lightning","floor":1},{"not_picked":["Leap","Darkness"],"picked":"Coolheaded","floor":6},{"not_picked":["Beam Cell","Gash"],"picked":"Seek","floor":8},{"not_picked":["Tempest","Streamline"],"picked":"Conserve Battery","floor":10},{"not_picked":["Turbo","Go for the Eyes+1"],"picked":"Rebound+1","floor":11},{"not_picked":["Undo","Turbo"],"picked":"Conserve Battery","floor":12},{"not_picked":["Fission","FTL+1"],"picked":"White Noise","floor":14},{"not_picked":["All For One+1","Reboot"],"picked":"Creative AI","floor":16},{"not_picked":["Turbo","Steam Power+1"],"picked":"Stack+1","floor":18},{"not_picked":["Genetic Algorithm","Fusion"],"picked":"Rebound+1","floor":19},{"not_picked":["Aggregate","Hologram+1","Force Field"],"picked":"SKIP","floor":22},{"not_picked":["Hologram","Streamline+1"],"picked":"Sweeping Beam+1","floor":27},{"not_picked":["Hologram","Force Field"],"picked":"Sweeping Beam+1","floor":28},{"not_picked":["Glacier","Compile Driver+1"],"picked":"Rebound+1","floor":31},{"not_picked":["Buffer","Thunder Strike+1"],"picked":"Electrodynamics","floor":33},{"not_picked":[],"picked":"Capacitor+1","floor":35},{"not_picked":[],"picked":"Transmutation","floor":37},{"not_picked":[],"picked":"Static Discharge","floor":39},{"not_picked":["Go for the Eyes+1"],"picked":"SKIP","floor":41},{"not_picked":[],"picked":"Storm+1","floor":44},{"not_picked":[],"picked":"Stack+1","floor":45},{"not_picked":["Blizzard+1"],"picked":"SKIP","floor":48}],"player_experience":101096,"relics_obtained":[{"floor":6,"key":"Omamori"},{"floor":8,"key":"MawBank"},{"floor":9,"key":"Vajra"},{"floor":10,"key":"Molten Egg 2"},{"floor":14,"key":"Blood Vial"},{"floor":21,"key":"Necronomicon"},{"floor":26,"key":"Bottled Lightning"},{"floor":38,"key":"Mango"},{"floor":41,"key":"Lantern"},{"floor":43,"key":"Matryoshka"}],"event_choices":[{"event_name":"The Cleric","player_choice":"Card Removal","floor":2,"damage_taken":0},{"event_name":"Bonfire Elementals","player_choice":"BASIC","floor":4,"damage_taken":0},{"event_name":"Golden Idol","player_choice":"Take Damage","floor":5,"damage_taken":0},{"event_name":"Addict","player_choice":"Obtained Relic","floor":20,"damage_taken":0},{"event_name":"Cursed Tome","player_choice":"Obtained Book","floor":21,"damage_taken":0},{"event_name":"Match and Keep!","player_choice":"2 cards matched","floor":24,"damage_taken":0},{"event_name":"The Moai Head","player_choice":"Gave Idol","floor":36,"damage_taken":0},{"event_name":"SensoryStone","player_choice":"Memory 1","floor":37,"damage_taken":0},{"event_name":"MindBloom","player_choice":"Fight","floor":38,"damage_taken":0}],"is_beta":false,"boss_relics":[{"not_picked":["Coffee Dripper","Lizard Tail"],"picked":"Velvet Choker"},{"not_picked":["Empty Cage","Sozu"],"picked":"Busted Crown"}],"items_purged_floors":[30,46],"is_endless":false,"potions_floor_spawned":[6,10,11,14,16,27,28,31,35,39,44,48],"killed_by":"Time Eater","ascension_level":1}