{"gold_per_floor":[111,123,133,208,133,133,158,158,158,174,174,200,200,233,233,307,307,326,346,76,76,96,96,128,128,152,90,104,104,138,157,157,229,229,245,263,273,18,30,64,84,116,142,142,142,142,142,42,42,42,42,42,0,33,33],"floor_reached":55,"playtime":5538,"items_purged":["Strike_R","Strike_R","Rupture+1"],"score":1478,"play_id":"1365a4bf-a3d5-4646-844d-af6c98ef4556","local_time":"20190416210355","is_ascension_mode":true,"campfire_choices":[{"data":"Bash","floor":6.0,"key":"SMITH"},{"data":"Wild Strike","floor":11.0,"key":"SMITH"},{"floor":13.0,"key":"REST"},{"data":"Disarm","floor":15.0,"key":"SMITH"},{"data":"Fiend Fire","floor":23.0,"key":"SMITH"},{"data":"Demon Form","floor":25.0,"key":"SMITH"},{"floor":29.0,"key":"REST"},{"data":"Uppercut","floor":32.0,"key":"SMITH"},{"data":"Battle Trance","floor":45.0,"key":"SMITH"},{"floor":47.0,"key":"RECALL"},{"floor":49.0,"key":"REST"},{"data":"Heavy Blade","floor":52.0,"key":"SMITH"}],"neow_cost":"NONE","seed_source_timestamp":599620817518500,"circlet_count":0,"master_deck":["AscendersBane","Defend_R","Defend_R","Defend_R","Defend_R","Bash+1","Battle Trance+1","Disarm+1","Sword Boomerang+1","Wild Strike+1","Shrug It Off+1","Iron Wave","Demon Form+1","Blood for Blood","Fiend Fire+1","Barricade","Flame Barrier+1","Uppercut+1","Juggernaut","Pommel Strike+1","Evolve+1","Reaper","Reaper","Power Through+1","Heavy Blade+1","Fiend Fire"],"special_seed":0,"relics":["Burning Blood","Whetstone","The Courier","Toxic Egg 2","Dodecahedron","Snecko Eye","Bottled Tornado","Dream Catcher","Art of War","Astrolabe","DollysMirror","Vajra","Sundial","Boot"],"potions_floor_usage":[55,55],"damage_taken":[{"damage":14.0,"enemies":"Jaw Worm","floor":1.0,"turns":4.0},{"damage":18.0,"enemies":"Small Slimes","floor":2.0,"turns":5.0},{"damage":1.0,"enemies":"Cultist","floor":3.0,"turns":3.0},{"damage":8.0,"enemies":"Gremlin Nob","floor":7.0,"turns":3.0},{"damage":12.0,"enemies":"Looter","floor":10.0,"turns":3.0},{"damage":15.0,"enemies":"3 Sentries","floor":12.0,"turns":3.0},{"damage":16.0,"enemies":"Gremlin Nob","floor":14.0,"turns":4.0},{"damage":37.0,"enemies":"The Guardian","floor":16.0,"turns":13.0},{"damage":18.0,"enemies":"3 Byrds","floor":18.0,"turns":6.0},{"damage":29.0,"enemies":"2 Thieves","floor":19.0,"turns":4.0},{"damage":0.0,"enemies":"Snecko","floor":22.0,"turns":3.0},{"damage":18.0,"enemies":"Gremlin Leader","floor":24.0,"turns":5.0},{"damage":2.0,"enemies":"Cultist and Chosen","floor":28.0,"turns":3.0},{"damage":0.0,"enemies":"Book of Stabbing","floor":30.0,"turns":1.0},{"damage":0.0,"enemies":"Centurion and Healer","floor":31.0,"turns":5.0},{"damage":10.0,"enemies":"Champ","floor":33.0,"turns":8.0},{"damage":25.0,"enemies":"3 Shapes","floor":35.0,"turns":4.0},{"damage":0.0,"enemies":"Orb Walker","floor":36.0,"turns":2.0},{"damage":12.0,"enemies":"Writhing Mass","floor":37.0,"turns":6.0},{"damage":23.0,"enemies":"3 Darklings","floor":39.0,"turns":5.0},{"damage":19.0,"enemies":"Nemesis","floor":40.0,"turns":5.0},{"damage":1.0,"enemies":"Transient","floor":41.0,"turns":6.0},{"damage":64.0,"enemies":"Reptomancer","floor":42.0,"turns":5.0},{"damage":67.0,"enemies":"Awakened One","floor":50.0,"turns":11.0},{"damage":45.0,"enemies":"Shield and Spear","floor":54.0,"turns":6.0},{"damage":118,"enemies":"The Heart","floor":55,"turns":6}],"seed_played":"-8530178437487909280","potions_obtained":[{"floor":0.0,"key":"Fruit Juice"},{"floor":0.0,"key":"Block Potion"},{"floor":0.0,"key":"SteroidPotion"},{"floor":7.0,"key":"AttackPotion"},{"floor":19.0,"key":"EssenceOfSteel"},{"floor":28.0,"key":"SteroidPotion"},{"floor":33.0,"key":"Strength Potion"},{"floor":37.0,"key":"LiquidBronze"},{"floor":42.0,"key":"EssenceOfSteel"},{"floor":54.0,"key":"LiquidBronze"}],"is_trial":false,"path_per_floor":["M","M","M","?","$","R","E","?","T","M","R","E","R","E","R","B",null,"M","M","$","?","M","R","E","R","T","$","M","R","E","M","R","B",null,"M","M","M","$","M","E","M","E","T","?","R","?","R","$","R","B",null,"R","$","E","B"],"character_chosen":"IRONCLAD","items_purchased":["Blood for Blood","Fiend Fire","Barricade","Reaper","DollysMirror","FearPotion"],"campfire_rested":3,"item_purchase_floors":[20,20,27,38,38,53],"current_hp_per_floor":[65,53,58,47,47,47,45,45,45,39,39,30,54,44,44,13,63,51,28,28,28,34,34,22,22,22,22,26,50,56,62,62,58,75,56,62,56,56,72,78,80,46,46,46,46,46,46,46,70,73,78,78,78,80,0],"gold":33,"neow_bonus":"THREE_SMALL_POTIONS","is_prod":false,"is_daily":false,"chose_seed":false,"campfire_upgraded":8,"win_rate":0,"timestamp":1555473835,"path_taken":["M","M","M","?","$","R","E","?","T","M","R","E","R","E","R","BOSS","M","M","$","?","M","R","E","R","T","$","M","R","E","M","R","BOSS","M","?","M","$","M","E","M","E","T","?","R","?","R","?","R","BOSS","R","$","E","BOSS"],"build_version":"2019-01-23","purchased_purges":3,"victory":false,"max_hp_per_floor":[80,80,80,80,80,80,80,80,80,80,80,80,80,80,80,80,80,80,80,80,80,80,80,80,80,80,80,80,80,80,80,80,80,80,80,80,80,80,80,80,80,80,80,80,80,80,80,80,80,80,80,80,80,80,80],"card_choices":[{"not_picked":["Twin Strike","Dropkick"],"picked":"Battle Trance","floor":1.0},{"not_picked":["Pummel","Infernal Blade","Body Slam"],"picked":"SKIP","floor":2.0},{"not_picked":["Uppercut","Combust"],"picked":"Disarm","floor":3.0},{"not_picked":["Perfected Strike","Seeing Red"],"picked":"Sword Boomerang","floor":7.0},{"not_picked":["Twin Strike","Feel No Pain"],"picked":"Wild Strike","floor":10.0},{"not_picked":["Headbutt","Pummel"],"picked":"Shrug It Off","floor":12.0},{"not_picked":["Perfected Strike","Wild Strike"],"picked":"Iron Wave","floor":14.0},{"not_picked":["Double Tap+1","Berserk"],"picked":"Demon Form","floor":16.0},{"not_picked":["Shrug It Off+1","Sword Boomerang"],"picked":"Warcry+1","floor":18.0},{"not_picked":["Second Wind+1","Armaments+1","Disarm+1"],"picked":"SKIP","floor":19.0},{"not_picked":["Heavy Blade","Blood for Blood","Exhume+1"],"picked":"SKIP","floor":22.0},{"not_picked":["Havoc+1","Warcry+1","Shrug It Off+1"],"picked":"SKIP","floor":24.0},{"not_picked":["Thunderclap","Wild Strike","Whirlwind"],"picked":"SKIP","floor":28.0},{"not_picked":["Ghostly Armor+1","Perfected Strike"],"picked":"Flame Barrier+1","floor":30.0},{"not_picked":["Clothesline","Intimidate+1"],"picked":"Uppercut","floor":31.0},{"not_picked":["Barricade","Brutality"],"picked":"Juggernaut","floor":33.0},{"not_picked":["Reckless Charge+1","Armaments+1","Warcry+1"],"picked":"SKIP","floor":35.0},{"not_picked":["Combust","Headbutt","Searing Blow"],"picked":"SKIP","floor":36.0},{"not_picked":["Warcry+1","Entrench+1","Pommel Strike"],"picked":"SKIP","floor":37.0},{"not_picked":["Rampage","Headbutt","Sword Boomerang"],"picked":"SKIP","floor":39.0},{"not_picked":["Burning Pact+1","Body Slam"],"picked":"Power Through+1","floor":40.0},{"not_picked":["Armaments+1","Cleave","Havoc+1"],"picked":"SKIP","floor":41.0},{"not_picked":["Seeing Red+1","Offering+1","Bloodletting+1"],"picked":"SKIP","floor":42.0},{"not_picked":["Headbutt","Shrug It Off+1"],"picked":"Heavy Blade","floor":49.0},{"not_picked":["Thunderclap","Wild Strike"],"picked":"Fiend Fire","floor":54.0}],"player_experience":564655,"relics_obtained":[{"floor":7.0,"key":"Whetstone"},{"floor":9.0,"key":"The Courier"},{"floor":12.0,"key":"Toxic Egg 2"},{"floor":14.0,"key":"Dodecahedron"},{"floor":24.0,"key":"Bottled Tornado"},{"floor":26.0,"key":"Dream Catcher"},{"floor":30.0,"key":"Art of War"},{"floor":40.0,"key":"Vajra"},{"floor":42.0,"key":"Sundial"},{"floor":54.0,"key":"Boot"}],"event_choices":[{"damage_healed":0.0,"max_hp_gain":0.0,"max_hp_loss":0.0,"gold_gain":75.0,"event_name":"World of Goop","player_choice":"Gather Gold","floor":4.0,"gold_loss":0.0,"damage_taken":11.0},{"damage_healed":0.0,"max_hp_gain":0.0,"max_hp_loss":0.0,"gold_gain":0.0,"event_name":"Shining Light","player_choice":"Ignored","floor":8.0,"gold_loss":0.0,"damage_taken":0.0},{"cards_removed":["Strike_R"],"damage_healed":0.0,"max_hp_gain":0.0,"max_hp_loss":0.0,"gold_gain":0.0,"event_name":"Bonfire Elementals","player_choice":"Offered Basic","floor":21.0,"gold_loss":0.0,"damage_taken":0.0},{"damage_healed":0.0,"max_hp_gain":0.0,"max_hp_loss":0.0,"gold_gain":0.0,"event_name":"SensoryStone","player_choice":"Memory 1","floor":44.0,"gold_loss":0.0,"damage_taken":0.0},{"damage_healed":0.0,"max_hp_gain":0.0,"max_hp_loss":0.0,"gold_gain":0.0,"event_name":"Mysterious Sphere","player_choice":"Ignored","floor":46.0,"gold_loss":0.0,"damage_taken":0.0}],"is_beta":false,"boss_relics":[{"not_picked":["Fusion Hammer","Sozu"],"picked":"Snecko Eye"},{"not_picked":["Calling Bell","Pandora\u0027s Box"],"picked":"Astrolabe"}],"items_purged_floors":[5,20,48],"is_endless":false,"potions_floor_spawned":[3,7,10,19,28,33,37,41,42,54],"killed_by":"The Heart","ascension_level":19}