{"gold_per_floor":[114,64,64,64,75,75,103,117,140,175,175,195,227,6,6,105,105,118,168,186,186,33,58,69,81,81,81,81,113,113,128,128,227,227,237,237,237,254,27,27,127,153,205,215,233,233,253,287,287,287],"floor_reached":50,"playtime":2511,"items_purged":["Pain"],"score":780,"play_id":"e280f328-463f-4216-a1c1-279893661acf","local_time":"20181130193415","is_ascension_mode":true,"campfire_choices":[{"floor":6,"key":"REST"},{"floor":11,"key":"REST"},{"floor":15,"key":"REST"},{"floor":27,"key":"REST"},{"floor":32,"key":"REST"},{"data":"Armaments","floor":40,"key":"SMITH"},{"floor":46,"key":"REST"},{"floor":49,"key":"REST"}],"neow_cost":"NONE","seed_source_timestamp":1048206658901159,"circlet_count":0,"master_deck":["Strike_R+1","Strike_R","Strike_R","Strike_R","Defend_R","Defend_R","Defend_R+1","Defend_R","Bash","Heavy Blade","Iron Wave","Feel No Pain","Heavy Blade","Shrug It Off","Flex","Limit Break","Headbutt","Immolate","Cleave","Cleave","Pommel Strike","Intimidate","Armaments+1","RitualDagger","Pummel+1","Inflame+1","Twin Strike+1","Double Tap","Intimidate+1","Metamorphosis","Immolate","Shrug It Off","Battle Trance","Armaments+1","Pommel Strike+1"],"relics":["Burning Blood","Bag of Preparation","Meat on the Bone","Happy Flower","Frozen Egg 2","Matryoshka","Sling","Mark of Pain","Blood Vial","Bag of Marbles","Pen Nib","The Courier","Regal Pillow","Black Star","WarpedTongs","Anchor","Pantograph","Sundial","Art of War","Red Skull","Charon\u0027s Ashes","Pocketwatch"],"potions_floor_usage":[13,13,23,24,33,42,45,47,47,50],"damage_taken":[{"damage":6,"enemies":"Cultist","floor":1,"turns":3},{"damage":0,"enemies":"2 Louse","floor":5,"turns":2},{"damage":44,"enemies":"3 Sentries","floor":7,"turns":12},{"damage":4,"enemies":"Jaw Worm","floor":8,"turns":2},{"damage":14,"enemies":"Gremlin Nob","floor":10,"turns":4},{"damage":14,"enemies":"Lots of Slimes","floor":12,"turns":5},{"damage":24,"enemies":"Lagavulin","floor":13,"turns":5},{"damage":38,"enemies":"Slime Boss","floor":16,"turns":12},{"damage":24,"enemies":"3 Byrds","floor":18,"turns":5},{"damage":15,"enemies":"2 Thieves","floor":20,"turns":3},{"damage":25,"enemies":"Colosseum Slavers","floor":21,"turns":3},{"damage":42,"enemies":"Slavers","floor":23,"turns":4},{"damage":13,"enemies":"Shelled Parasite and Fungi","floor":24,"turns":3},{"damage":0,"enemies":"Snecko","floor":25,"turns":2},{"damage":10,"enemies":"Gremlin Leader","floor":29,"turns":3},{"damage":22,"enemies":"Snake Plant","floor":31,"turns":3},{"damage":57,"enemies":"Automaton","floor":33,"turns":7},{"damage":3,"enemies":"Orb Walker","floor":35,"turns":2},{"damage":25,"enemies":"3 Shapes","floor":38,"turns":4},{"damage":0,"enemies":"Nemesis","floor":42,"turns":1},{"damage":38,"enemies":"Maw","floor":44,"turns":6},{"damage":35,"enemies":"Spire Growth","floor":45,"turns":4},{"damage":12,"enemies":"Jaw Worm Horde","floor":47,"turns":2},{"damage":48,"enemies":"Reptomancer","floor":48,"turns":4},{"damage":112,"enemies":"Time Eater","floor":50,"turns":6}],"seed_played":"-2186655185331523141","potions_obtained":[{"floor":0,"key":"AttackPotion"},{"floor":0,"key":"BloodPotion"},{"floor":0,"key":"Strength Potion"},{"floor":16,"key":"PowerPotion"},{"floor":29,"key":"SpeedPotion"},{"floor":31,"key":"BloodPotion"},{"floor":38,"key":"SkillPotion"},{"floor":44,"key":"FearPotion"},{"floor":45,"key":"PowerPotion"},{"floor":48,"key":"FairyPotion"}],"is_trial":false,"path_per_floor":["M","?","?","?","M","R","E","M","T","E","R","M","E","$","R","B",null,"M","?","M","?","$","E","M","M","T","R","?","E","?","M","R","B",null,"M","?","?","M","$","R","?","E","T","M","M","R","M","E","R","B"],"character_chosen":"IRONCLAD","items_purchased":["Headbutt","Sling","Blood Vial","Anchor","Strength Potion"],"campfire_rested":7,"item_purchase_floors":[14,14,22,39,39],"current_hp_per_floor":[80,80,68,52,58,80,42,56,56,48,72,64,58,58,80,48,80,62,62,53,46,46,32,39,47,47,71,65,63,63,49,80,41,80,80,80,80,61,61,61,61,69,69,51,44,80,74,46,80,0],"gold":287,"neow_bonus":"THREE_SMALL_POTIONS","is_prod":false,"is_daily":false,"chose_seed":false,"campfire_upgraded":1,"win_rate":0,"timestamp":1543624455,"path_taken":["M","?","?","?","M","R","E","M","T","E","R","?","E","?","R","BOSS","M","?","?","?","$","E","M","M","T","R","?","E","?","M","R","BOSS","M","?","?","?","?","R","?","E","T","?","M","R","M","E","R","BOSS"],"build_version":"2018-11-15","purchased_purges":1,"victory":false,"max_hp_per_floor":[80,80,80,80,80,80,80,80,80,80,80,80,80,80,80,80,80,80,80,80,80,80,80,80,80,80,80,80,80,80,80,80,80,80,80,80,80,80,80,80,80,80,80,80,80,80,80,80,80,80],"card_choices":[{"not_picked":["Wild Strike","Armaments"],"picked":"Heavy Blade","floor":1},{"not_picked":["Brutality","Reckless Charge"],"picked":"Iron Wave","floor":5},{"not_picked":["Headbutt","Rage"],"picked":"Feel No Pain","floor":7},{"not_picked":["Rupture","Blood for Blood"],"picked":"Heavy Blade","floor":8},{"not_picked":["Wild Strike","Heavy Blade"],"picked":"Shrug It Off","floor":10},{"not_picked":["Body Slam","Rupture+1"],"picked":"Flex","floor":12},{"not_picked":["Uppercut","Feed"],"picked":"Limit Break","floor":13},{"not_picked":["Brutality+1","Juggernaut+1"],"picked":"Immolate","floor":16},{"not_picked":["Warcry","Power Through"],"picked":"Cleave","floor":18},{"not_picked":["Body Slam","Second Wind"],"picked":"Cleave","floor":20},{"not_picked":["Thunderclap","Clothesline"],"picked":"Pommel Strike","floor":23},{"not_picked":["Shrug It Off","Iron Wave"],"picked":"Intimidate","floor":24},{"not_picked":["Havoc+1","Perfected Strike"],"picked":"Armaments","floor":25},{"not_picked":["Hemokinesis","Rupture+1"],"picked":"Pummel+1","floor":29},{"not_picked":["Perfected Strike","Thunderclap+1"],"picked":"Twin Strike+1","floor":31},{"not_picked":["Barricade+1","Juggernaut+1"],"picked":"Double Tap","floor":33},{"not_picked":["Clash","Thunderclap"],"picked":"Intimidate+1","floor":35},{"not_picked":["Forethought","The Bomb"],"picked":"Metamorphosis","floor":36},{"not_picked":["Wild Strike","Havoc+1","Power Through"],"picked":"SKIP","floor":38},{"not_picked":["Warcry","Disarm"],"picked":"Immolate","floor":42},{"not_picked":["Clothesline+1","Sever Soul"],"picked":"Shrug It Off","floor":44},{"not_picked":["Flex","Seeing Red+1"],"picked":"Battle Trance","floor":45},{"not_picked":["Feel No Pain+1","Headbutt"],"picked":"Armaments+1","floor":47},{"not_picked":["Entrench","Anger"],"picked":"Pommel Strike+1","floor":48}],"player_experience":166930,"relics_obtained":[{"floor":7,"key":"Meat on the Bone"},{"floor":9,"key":"Happy Flower"},{"floor":10,"key":"Frozen Egg 2"},{"floor":13,"key":"Matryoshka"},{"floor":23,"key":"Bag of Marbles"},{"floor":26,"key":"Pen Nib"},{"floor":26,"key":"The Courier"},{"floor":29,"key":"Regal Pillow"},{"floor":42,"key":"Pantograph"},{"floor":42,"key":"Sundial"},{"floor":43,"key":"Art of War"},{"floor":43,"key":"Red Skull"},{"floor":48,"key":"Charon\u0027s Ashes"},{"floor":48,"key":"Pocketwatch"}],"event_choices":[{"cards_removed":["Strike_R"],"damage_healed":0,"gold_gain":0,"player_choice":"Card Removal","damage_taken":0,"max_hp_gain":0,"max_hp_loss":0,"event_name":"The Cleric","floor":2,"gold_loss":50},{"damage_healed":0,"gold_gain":0,"player_choice":"Success","damage_taken":12,"relics_obtained":["Bag of Preparation"],"max_hp_gain":0,"max_hp_loss":0,"event_name":"Scrap Ooze","floor":3,"gold_loss":0},{"damage_healed":0,"gold_gain":0,"player_choice":"Entered Light","damage_taken":16,"max_hp_gain":0,"max_hp_loss":0,"event_name":"Shining Light","floor":4,"gold_loss":0,"cards_upgraded":["Defend_R","Strike_R"]},{"damage_healed":0,"gold_gain":100,"player_choice":"Bet on Murderer","damage_taken":0,"max_hp_gain":0,"max_hp_loss":0,"event_name":"The Joust","floor":19,"gold_loss":50},{"damage_healed":0,"gold_gain":0,"player_choice":"Fight","damage_taken":0,"max_hp_gain":0,"max_hp_loss":0,"event_name":"Colosseum","floor":21,"gold_loss":0},{"damage_healed":0,"gold_gain":0,"player_choice":"Fled From Nobs","damage_taken":0,"max_hp_gain":0,"max_hp_loss":0,"event_name":"Colosseum","floor":21,"gold_loss":0},{"damage_healed":0,"gold_gain":0,"player_choice":"Joined the Cult","damage_taken":6,"max_hp_gain":0,"max_hp_loss":0,"event_name":"Nest","floor":28,"gold_loss":0,"cards_obtained":["RitualDagger"]},{"damage_healed":0,"gold_gain":0,"player_choice":"Read","damage_taken":0,"max_hp_gain":0,"max_hp_loss":0,"event_name":"The Library","floor":30,"gold_loss":0,"cards_obtained":["Inflame"]},{"damage_healed":0,"gold_gain":0,"player_choice":"Memory 1","damage_taken":0,"max_hp_gain":0,"max_hp_loss":0,"event_name":"SensoryStone","floor":36,"gold_loss":0},{"damage_healed":0,"gold_gain":0,"player_choice":"Rummage","damage_taken":0,"relics_obtained":["WarpedTongs"],"max_hp_gain":0,"max_hp_loss":0,"event_name":"Accursed Blacksmith","floor":37,"gold_loss":0,"cards_obtained":["Pain"]},{"damage_healed":0,"gold_gain":100,"player_choice":"Pray","damage_taken":0,"max_hp_gain":0,"max_hp_loss":0,"event_name":"Golden Shrine","floor":41,"gold_loss":0}],"is_beta":false,"boss_relics":[{"not_picked":["Ectoplasm","Runic Cube"],"picked":"Mark of Pain"},{"not_picked":["Philosopher\u0027s Stone","Coffee Dripper"],"picked":"Black Star"}],"items_purged_floors":[39],"is_endless":false,"potions_floor_spawned":[5,10,16,21,29,31,38,44,45,48],"killed_by":"Time Eater","ascension_level":4}