{"gold_per_floor":[113,113,113,130,147,147,159,159,159,176,176,207,223,252,252,357,357,375,395,320,339,358,358,372,388,412,412,440,440,459,472,472,576,576,588,603,603,603,210,210,245,256,280,280,280,280,28,108,108,108],"floor_reached":51,"playtime":984,"items_purged":["Defend_R","Strike_R","Strike_R"],"score":714,"play_id":"c46d40c5-f0d8-43af-9cb3-1a35aafd81b6","local_time":"20190419174800","is_ascension_mode":false,"campfire_choices":[{"data":"Inflame","floor":6.0,"key":"SMITH"},{"data":"Bash","floor":8.0,"key":"SMITH"},{"data":"Twin Strike","floor":11.0,"key":"SMITH"},{"data":"Inflame","floor":15.0,"key":"SMITH"},{"data":"Heavy Blade","floor":23.0,"key":"SMITH"},{"data":"Clash","floor":27.0,"key":"SMITH"},{"data":"Clash","floor":29.0,"key":"SMITH"},{"data":"Heavy Blade","floor":32.0,"key":"SMITH"},{"data":"1","floor":40.0,"key":"LIFT"},{"data":"2","floor":45,"key":"LIFT"},{"data":"3","floor":49,"key":"LIFT"}],"neow_cost":"NONE","seed_source_timestamp":9810967047558,"circlet_count":0,"master_deck":["Strike_R","Strike_R","Defend_R","Bash+1","Inflame+1","Sentinel","Twin Strike+1","Battle Trance","Inflame+1","Heavy Blade+1","Clash+1","Clash+1","Flex+1","Heavy Blade+1","Offering","Whirlwind","Inflame"],"special_seed":0,"relics":["Burning Blood","NeowsBlessing","Lantern","Darkstone Periapt","Question Card","Busted Crown","Bronze Scales","Red Mask","White Beast Statue","Girya","Paper Frog","Boot","Sundial"],"potions_floor_usage":[50,50,50],"damage_taken":[{"damage":0.0,"enemies":"Small Slimes","floor":1.0,"turns":1.0},{"damage":0.0,"enemies":"Cultist","floor":4.0,"turns":1.0},{"damage":0.0,"enemies":"2 Louse","floor":5.0,"turns":1.0},{"damage":15.0,"enemies":"Exordium Thugs","floor":7.0,"turns":4.0},{"damage":10.0,"enemies":"Looter","floor":10.0,"turns":2.0},{"damage":13.0,"enemies":"Lagavulin","floor":12.0,"turns":5.0},{"damage":16.0,"enemies":"Lots of Slimes","floor":13.0,"turns":3.0},{"damage":26.0,"enemies":"3 Sentries","floor":14.0,"turns":5.0},{"damage":25.0,"enemies":"Slime Boss","floor":16.0,"turns":9.0},{"damage":22.0,"enemies":"Shell Parasite","floor":18.0,"turns":4.0},{"damage":10.0,"enemies":"Chosen","floor":19.0,"turns":2.0},{"damage":34.0,"enemies":"Sentry and Sphere","floor":21.0,"turns":5.0},{"damage":7.0,"enemies":"Centurion and Healer","floor":22.0,"turns":4.0},{"damage":5.0,"enemies":"Chosen and Byrds","floor":24.0,"turns":3.0},{"damage":0.0,"enemies":"Snecko","floor":25.0,"turns":2.0},{"damage":9.0,"enemies":"Masked Bandits","floor":28.0,"turns":3.0},{"damage":0.0,"enemies":"Snake Plant","floor":30.0,"turns":1.0},{"damage":5.0,"enemies":"Sentry and Sphere","floor":31.0,"turns":3.0},{"damage":13.0,"enemies":"Collector","floor":33.0,"turns":5.0},{"damage":1.0,"enemies":"3 Shapes","floor":35.0,"turns":2.0},{"damage":6.0,"enemies":"Orb Walker","floor":36.0,"turns":2.0},{"damage":24.0,"enemies":"Nemesis","floor":41.0,"turns":3.0},{"damage":21.0,"enemies":"Sphere and 2 Shapes","floor":42.0,"turns":3.0},{"damage":42,"enemies":"Donu and Deca","floor":50,"turns":5}],"seed_played":"-560392555978731646","potions_obtained":[{"floor":1.0,"key":"SpeedPotion"},{"floor":4.0,"key":"PowerPotion"},{"floor":7.0,"key":"FearPotion"},{"floor":12.0,"key":"PowerPotion"},{"floor":13.0,"key":"Strength Potion"},{"floor":18.0,"key":"SneckoOil"},{"floor":19.0,"key":"Poison Potion"},{"floor":21.0,"key":"SteroidPotion"},{"floor":30.0,"key":"Swift Potion"},{"floor":35.0,"key":"BloodPotion"},{"floor":36.0,"key":"PowerPotion"},{"floor":41.0,"key":"Fire Potion"},{"floor":42.0,"key":"Strength Potion"}],"is_trial":false,"path_per_floor":["M","?","?","M","M","R","M","R","T","M","R","E","M","E","R","B",null,"M","M","$","M","M","R","M","M","T","R","?","R","M","M","R","B",null,"M","M","?","?","$","R","E","M","T","?","R","?","$","T","R","B",null],"character_chosen":"IRONCLAD","items_purchased":["Girya","Inflame","Swift Potion"],"campfire_rested":0,"item_purchase_floors":[39,47,47],"current_hp_per_floor":[80,73,73,79,80,80,71,71,71,67,67,60,50,30,30,11,80,64,60,60,32,31,31,32,38,38,38,35,35,41,42,42,35,80,80,80,76,76,76,76,58,43,43,43,43,43,43,43,43,14],"gold":108,"neow_bonus":"THREE_ENEMY_KILL","is_prod":false,"is_daily":false,"chose_seed":false,"campfire_upgraded":8,"win_rate":0,"timestamp":1555717680,"path_taken":["M","?","?","M","M","R","M","R","T","M","R","E","?","E","R","BOSS","M","M","$","M","M","R","M","M","T","R","?","R","M","M","R","BOSS","M","M","?","?","$","R","E","?","T","?","R","?","$","?","R","BOSS"],"build_version":"2019-01-23","purchased_purges":3,"victory":true,"max_hp_per_floor":[80,80,80,80,80,80,80,80,80,80,80,80,80,80,80,80,80,80,80,80,80,80,80,80,80,80,80,80,80,80,80,80,80,80,80,80,76,76,76,76,76,76,76,76,76,76,76,76,76,76],"card_choices":[{"not_picked":["Thunderclap","Second Wind"],"picked":"Inflame","floor":1.0},{"not_picked":["Rupture","Iron Wave","Warcry"],"picked":"SKIP","floor":4.0},{"not_picked":["Metallicize","Anger","Thunderclap"],"picked":"SKIP","floor":5.0},{"not_picked":["Flex","Bloodletting"],"picked":"Twin Strike","floor":7.0},{"not_picked":["Fire Breathing","Feel No Pain"],"picked":"Battle Trance","floor":10.0},{"not_picked":["Pommel Strike","Rupture"],"picked":"Inflame","floor":12.0},{"not_picked":["Twin Strike","Sword Boomerang"],"picked":"Heavy Blade","floor":13.0},{"not_picked":["Pommel Strike","Shockwave","Rupture"],"picked":"SKIP","floor":14.0},{"not_picked":["Battle Trance"],"picked":"Clash","floor":18.0},{"not_picked":["Uppercut","Sever Soul"],"picked":"SKIP","floor":19.0},{"not_picked":["Clothesline"],"picked":"Clash","floor":21.0},{"not_picked":["Inflame"],"picked":"Flex+1","floor":22.0},{"not_picked":["Wild Strike","Body Slam"],"picked":"SKIP","floor":24.0},{"not_picked":["Iron Wave+1","Clothesline"],"picked":"SKIP","floor":25.0},{"not_picked":["Wild Strike+1","Bludgeon"],"picked":"SKIP","floor":30.0},{"not_picked":["Heavy Blade","Blood for Blood+1"],"picked":"SKIP","floor":31.0},{"not_picked":["Blood for Blood+1"],"picked":"Heavy Blade","floor":31.0},{"not_picked":["Berserk"],"picked":"Offering","floor":33.0},{"not_picked":["Clothesline","Fire Breathing+1"],"picked":"SKIP","floor":35.0},{"not_picked":["Armaments","Disarm"],"picked":"SKIP","floor":36.0},{"not_picked":["Headbutt+1","Infernal Blade+1"],"picked":"SKIP","floor":41.0},{"not_picked":["Wild Strike"],"picked":"Whirlwind","floor":42.0}],"player_experience":1260544,"relics_obtained":[{"floor":9.0,"key":"Lantern"},{"floor":12.0,"key":"Darkstone Periapt"},{"floor":14.0,"key":"Question Card"},{"floor":26.0,"key":"Bronze Scales"},{"floor":28.0,"key":"Red Mask"},{"floor":41.0,"key":"Paper Frog"},{"floor":43.0,"key":"Boot"},{"floor":48,"key":"Sundial"}],"event_choices":[{"cards_removed":["Defend_R"],"damage_healed":0.0,"max_hp_gain":0.0,"max_hp_loss":0.0,"gold_gain":0.0,"event_name":"Golden Wing","player_choice":"Card Removal","floor":2.0,"gold_loss":0.0,"damage_taken":7.0},{"damage_healed":0.0,"max_hp_gain":0.0,"max_hp_loss":0.0,"gold_gain":0.0,"cards_transformed":["Defend_R"],"event_name":"Transmorgrifier","player_choice":"Transformed","floor":3.0,"gold_loss":0.0,"damage_taken":0.0,"cards_obtained":["Sentinel"]},{"damage_healed":0.0,"max_hp_gain":0.0,"max_hp_loss":0.0,"gold_gain":0.0,"event_name":"Masked Bandits","player_choice":"Fought Bandits","floor":28.0,"gold_loss":0.0,"damage_taken":0.0},{"damage_healed":0.0,"max_hp_gain":0.0,"max_hp_loss":4.0,"gold_gain":0.0,"event_name":"Winding Halls","player_choice":"Max HP","floor":37.0,"gold_loss":0.0,"damage_taken":0.0},{"damage_healed":0.0,"max_hp_gain":0.0,"max_hp_loss":0.0,"gold_gain":0.0,"event_name":"Match and Keep!","player_choice":"0 cards matched","floor":38.0,"gold_loss":0.0,"damage_taken":0.0,"cards_obtained":[]},{"damage_healed":0,"gold_gain":0,"player_choice":"Ignored","damage_taken":0,"max_hp_gain":0,"max_hp_loss":0,"event_name":"Mysterious Sphere","floor":44,"gold_loss":0},{"cards_removed":["Strike_R"],"damage_healed":0,"gold_gain":0,"player_choice":"Removed Attack","damage_taken":0,"max_hp_gain":0,"max_hp_loss":0,"event_name":"Falling","floor":46,"gold_loss":0}],"is_beta":false,"boss_relics":[{"not_picked":["Calling Bell","Astrolabe"],"picked":"Busted Crown"},{"not_picked":["Snecko Eye","Mark of Pain"],"picked":"White Beast Statue"}],"items_purged_floors":[20,39,47],"is_endless":false,"potions_floor_spawned":[1,4,7,12,13,18,19,21,25,30,35,36,41,42],"ascension_level":0}