{"gold_per_floor":[369,544,494,419,434,434,709,722,747,747,775,790,801,40,40,40],"floor_reached":16,"playtime":439,"items_purged":["Strike_B","Regret"],"score":100,"play_id":"dae3bad0-670d-43cd-89bc-4735306c4c21","local_time":"20190410131039","is_ascension_mode":false,"campfire_choices":[{"data":"Zap","floor":6,"key":"SMITH"},{"data":"Chaos","floor":10,"key":"SMITH"},{"data":"Hologram","floor":15,"key":"SMITH"}],"neow_cost":"CURSE","seed_source_timestamp":6509556155358,"circlet_count":0,"master_deck":["Strike_B","Strike_B","Strike_B","Defend_B","Defend_B","Defend_B","Defend_B","Zap+1","Dualcast","Clumsy","Rebound","Chaos+1","Hologram+1","Sunder","Cold Snap","Coolheaded","Tempest","HandOfGreed","Self Repair"],"relics":["Cracked Core","Potion Belt","Lantern","MealTicket","Orichalcum"],"potions_floor_usage":[12,16],"damage_taken":[{"damage":0,"enemies":"2 Louse","floor":1,"turns":2},{"damage":2,"enemies":"Small Slimes","floor":5,"turns":3},{"damage":3,"enemies":"Jaw Worm","floor":8,"turns":3},{"damage":35,"enemies":"Lagavulin","floor":11,"turns":6},{"damage":8,"enemies":"Gremlin Gang","floor":12,"turns":2},{"damage":5,"enemies":"Blue Slaver","floor":13,"turns":2},{"damage":24,"enemies":"Hexaghost","floor":16,"turns":11}],"seed_played":"-5504036320793712813","potions_obtained":[{"floor":5,"key":"PowerPotion"},{"floor":11,"key":"Swift Potion"},{"floor":13,"key":"AttackPotion"}],"is_trial":false,"path_per_floor":["M","?","?","$","M","R","?","M","T","R","E","M","M","$","R","B"],"character_chosen":"DEFECT","items_purchased":["MealTicket","Tempest","Orichalcum","HandOfGreed","Self Repair"],"campfire_rested":0,"item_purchase_floors":[14,14,14,14,14],"current_hp_per_floor":[75,75,75,75,73,73,73,70,70,70,35,27,22,22,22,0],"gold":40,"neow_bonus":"TWO_FIFTY_GOLD","is_prod":false,"is_daily":false,"chose_seed":false,"campfire_upgraded":3,"win_rate":0,"timestamp":1554923439,"path_taken":["M","?","?","$","M","R","?","M","T","R","E","?","M","$","R","BOSS"],"build_version":"2019-01-23","purchased_purges":2,"victory":false,"max_hp_per_floor":[75,75,75,75,75,75,75,75,75,75,75,75,75,75,75,75],"card_choices":[{"not_picked":["Beam Cell","Auto Shields"],"picked":"Rebound","floor":1},{"not_picked":["Streamline","Redo"],"picked":"Chaos","floor":5},{"not_picked":["Redo","Gash"],"picked":"Hologram","floor":8},{"not_picked":["Storm","Stack"],"picked":"Sunder","floor":11},{"not_picked":["Undo","Hyperbeam"],"picked":"Cold Snap","floor":12},{"not_picked":["Chill","Leap"],"picked":"Coolheaded","floor":13}],"player_experience":1169033,"relics_obtained":[{"floor":9,"key":"Potion Belt"},{"floor":11,"key":"Lantern"}],"event_choices":[{"damage_healed":0,"gold_gain":175,"player_choice":"AGREE","damage_taken":0,"max_hp_gain":0,"max_hp_loss":0,"event_name":"Liars Game","floor":2,"gold_loss":0,"cards_obtained":["Doubt"]},{"cards_removed":["Doubt"],"damage_healed":0,"gold_gain":0,"player_choice":"Card Removal","damage_taken":0,"max_hp_gain":0,"max_hp_loss":0,"event_name":"The Cleric","floor":3,"gold_loss":50},{"damage_healed":0,"gold_gain":275,"player_choice":"Desecrate","damage_taken":0,"max_hp_gain":0,"max_hp_loss":0,"event_name":"Golden Shrine","floor":7,"gold_loss":0,"cards_obtained":["Regret"]}],"is_beta":false,"boss_relics":[],"items_purged_floors":[4,14],"is_endless":false,"potions_floor_spawned":[5,11,13],"killed_by":"Hexaghost","ascension_level":0}