{"gold_per_floor":[114,131,206,216,231,261,261,296,296,296,328,328,355,375,375,478,478,495,31,31,42,42,69,69,69,69,79,94,110,139,139],"floor_reached":31,"playtime":3229,"items_purged":[],"score":363,"play_id":"41376513-3453-43f9-a1f6-7eb6a18b9651","local_time":"20181005182827","is_ascension_mode":true,"campfire_choices":[{"floor":10,"key":"REST"},{"floor":12,"key":"REST"},{"floor":15,"key":"REST"},{"floor":24,"key":"REST"}],"neow_cost":"NONE","seed_source_timestamp":83075083458346,"circlet_count":0,"master_deck":["Strike_R","Strike_R","Strike_R","Defend_R","Defend_R","Defend_R","Defend_R","Bash","Searing Blow","Rage+1","Combust","Metallicize","Battle Trance","Spot Weakness","Immolate","True Grit+1","Headbutt","Metallicize","Exhume+1","Armaments+1","Shockwave+1","Heavy Blade","Inflame","Flex+1","Shrug It Off+1","Double Tap+1","Disarm+1","Clothesline","Havoc+1","Shrug It Off+1","Cleave+1","Warcry+1"],"relics":["Burning Blood","Happy Flower","Omamori","Toxic Egg 2","Question Card","Bag of Preparation","Orrery","Gambling Chip","Blue Candle","Molten Egg 2","Dead Branch"],"potions_floor_usage":[8,13,16,21,23,28,29,30,30,31],"damage_taken":[{"damage":13,"enemies":"Jaw Worm","floor":1,"turns":5},{"damage":0,"enemies":"Small Slimes","floor":2,"turns":3},{"damage":6,"enemies":"2 Louse","floor":4,"turns":2},{"damage":5,"enemies":"Large Slime","floor":5,"turns":5},{"damage":18,"enemies":"Gremlin Nob","floor":6,"turns":4},{"damage":22,"enemies":"Lagavulin","floor":8,"turns":6},{"damage":23,"enemies":"3 Sentries","floor":11,"turns":3},{"damage":28,"enemies":"Lagavulin","floor":13,"turns":4},{"damage":0,"enemies":"3 Louse","floor":14,"turns":1},{"damage":38,"enemies":"The Guardian","floor":16,"turns":9},{"damage":39,"enemies":"2 Thieves","floor":18,"turns":5},{"damage":10,"enemies":"Chosen","floor":21,"turns":3},{"damage":19,"enemies":"Book of Stabbing","floor":23,"turns":8},{"damage":0,"enemies":"Snecko","floor":27,"turns":4},{"damage":21,"enemies":"Cultist and Chosen","floor":28,"turns":5},{"damage":46,"enemies":"Sentry and Sphere","floor":29,"turns":8},{"damage":7,"enemies":"Gremlin Leader","floor":30,"turns":8},{"damage":14,"enemies":"Snake Plant","floor":31,"turns":3}],"seed_played":"1019630202710627952","potions_obtained":[{"floor":4,"key":"EssenceOfSteel"},{"floor":5,"key":"PowerPotion"},{"floor":8,"key":"FearPotion"},{"floor":11,"key":"BloodPotion"},{"floor":14,"key":"Swift Potion"},{"floor":16,"key":"Fire Potion"},{"floor":21,"key":"LiquidBronze"},{"floor":28,"key":"Poison Potion"},{"floor":29,"key":"PowerPotion"},{"floor":30,"key":"PowerPotion"}],"is_trial":false,"path_per_floor":["M","M","?","M","M","E","?","E","T","R","E","R","E","M","R","B",null,"M","$","$","M","?","E","R","$","T","M","M","M","E"],"character_chosen":"IRONCLAD","items_purchased":["Double Tap+1","Gambling Chip"],"campfire_rested":4,"item_purchase_floors":[19,19],"current_hp_per_floor":[73,79,68,68,69,57,57,41,41,65,48,72,50,56,80,48,80,47,47,47,51,51,38,62,62,62,68,53,13,12,0],"gold":139,"neow_bonus":"TRANSFORM_CARD","is_prod":false,"is_daily":false,"chose_seed":false,"campfire_upgraded":0,"win_rate":0,"timestamp":1538778507,"path_taken":["M","M","?","M","M","E","?","E","T","R","E","R","E","?","R","BOSS","M","?","$","?","?","E","R","$","T","?","M","M","E","M"],"build_version":"2018-10-04","purchased_purges":0,"victory":false,"max_hp_per_floor":[80,80,80,80,80,80,80,80,80,80,80,80,80,80,80,80,80,80,80,80,80,80,80,80,80,80,80,80,80,80,80],"card_choices":[{"not_picked":["Anger","Burning Pact"],"picked":"Rage","floor":1},{"not_picked":["Twin Strike","Sword Boomerang"],"picked":"Combust","floor":2},{"not_picked":["Corruption","Thunderclap"],"picked":"Metallicize","floor":4},{"not_picked":["Warcry","Anger"],"picked":"Battle Trance","floor":5},{"not_picked":["Flex","Shrug It Off"],"picked":"Spot Weakness","floor":6},{"not_picked":["Armaments","Searing Blow"],"picked":"Immolate","floor":8},{"not_picked":["Warcry+1","Combust"],"picked":"True Grit+1","floor":11},{"not_picked":["Power Through+1","Whirlwind","Sever Soul"],"picked":"Headbutt","floor":13},{"not_picked":["Headbutt","Clothesline","Heavy Blade"],"picked":"Metallicize","floor":14},{"not_picked":["Berserk","Bludgeon","Reaper"],"picked":"Exhume+1","floor":16},{"not_picked":["Carnage","Twin Strike","Second Wind+1"],"picked":"Armaments+1","floor":17},{"not_picked":["Warcry+1","Clothesline","Sword Boomerang"],"picked":"Shockwave+1","floor":17},{"not_picked":["Wild Strike","Perfected Strike","Bloodletting+1"],"picked":"Heavy Blade","floor":17},{"not_picked":["Reckless Charge","Havoc+1","Whirlwind"],"picked":"Inflame","floor":17},{"not_picked":["Pommel Strike","Feel No Pain","Evolve"],"picked":"Flex+1","floor":17},{"not_picked":["Whirlwind+1","Pommel Strike+1","Iron Wave"],"picked":"Shrug It Off+1","floor":18},{"not_picked":["Clash","Armaments+1","Flex+1"],"picked":"Disarm+1","floor":21},{"not_picked":["Dark Embrace","Thunderclap+1","Armaments+1"],"picked":"Havoc+1","floor":23},{"not_picked":["True Grit+1","Wild Strike+1","Pommel Strike+1","Heavy Blade+1"],"picked":"SKIP","floor":27},{"not_picked":["Twin Strike+1","Wild Strike+1","Juggernaut"],"picked":"Shrug It Off+1","floor":28},{"not_picked":["Hemokinesis+1","Power Through+1","Pommel Strike+1"],"picked":"Cleave+1","floor":29},{"not_picked":["Body Slam+1","Clash+1","Heavy Blade+1"],"picked":"Warcry+1","floor":30}],"player_experience":93245,"relics_obtained":[{"floor":6,"key":"Happy Flower"},{"floor":8,"key":"Omamori"},{"floor":9,"key":"Toxic Egg 2"},{"floor":11,"key":"Question Card"},{"floor":13,"key":"Bag of Preparation"},{"floor":23,"key":"Blue Candle"},{"floor":26,"key":"Molten Egg 2"},{"floor":30,"key":"Dead Branch"}],"event_choices":[{"event_name":"World of Goop","player_choice":"Gather Gold","floor":3,"damage_taken":0},{"event_name":"Living Wall","player_choice":"Grow","floor":7,"damage_taken":0},{"event_name":"Transmorgrifier","player_choice":"Transform","floor":22,"damage_taken":0}],"is_beta":false,"boss_relics":[{"not_picked":["Black Blood","Snecko Eye"],"picked":"Orrery"}],"items_purged_floors":[],"is_endless":false,"potions_floor_spawned":[4,5,8,11,14,16,21,28,29,30],"killed_by":"Snake Plant","ascension_level":2}