{"gold_per_floor":[112,112,0,10,10,10,41,41,41,41,58,89,17,33,33,129,129,149,64,79,79,79,94,128,128,128,59,59,71,15,32,32,127,127,141,141,155,2,2,2,37,37,85,101,136,136,136,156,156,156],"floor_reached":51,"playtime":3133,"items_purged":["Strike_G"],"score":824,"play_id":"58cd1fab-313d-4205-a255-c49c97f9c79a","local_time":"20181018180050","is_ascension_mode":true,"campfire_choices":[{"data":"Caltrops","floor":6,"key":"SMITH"},{"floor":8,"key":"REST"},{"floor":10,"key":"REST"},{"floor":15,"key":"REST"},{"floor":25,"key":"REST"},{"floor":28,"key":"REST"},{"floor":32,"key":"REST"},{"data":"Accuracy","floor":40,"key":"SMITH"},{"floor":42,"key":"REST"},{"floor":49,"key":"REST"}],"neow_cost":"TEN_PERCENT_HP_LOSS","seed_source_timestamp":68384974346006,"circlet_count":0,"master_deck":["Defend_G","Defend_G","Defend_G","Defend_G","Defend_G","Strike_G","Strike_G","Strike_G","Strike_G","Survivor","Neutralize","Choke","Accuracy+1","Caltrops+1","Distraction","Dagger Spray","Infinite Blades","Cloak And Dagger","Unload","Crippling Poison+1","Sucker Punch","Blur","Well Laid Plans+1","Infinite Blades+1","Deflect+1","PiercingWail","Phantasmal Killer","Cloak And Dagger","Slice","Infinite Blades+1","Accuracy+1","Cloak And Dagger+1","Dodge and Roll+1","Backflip+1","Accuracy+1","Prepared","Slice+1"],"relics":["Ring of the Snake","WingedGreaves","Blue Candle","Bronze Scales","Sundial","Art of War","WristBlade","Thread and Needle","MutagenicStrength","Frozen Egg 2","Ornamental Fan","Anchor","Lizard Tail","Incense Burner","Dream Catcher","Oddly Smooth Stone","Molten Egg 2"],"potions_floor_usage":[16,20,33,33,41,41,48,50],"damage_taken":[{"damage":0,"enemies":"Small Slimes","floor":1,"turns":3},{"damage":0,"enemies":"Cultist","floor":4,"turns":4},{"damage":40,"enemies":"Gremlin Nob","floor":7,"turns":4},{"damage":4,"enemies":"Jaw Worm","floor":11,"turns":3},{"damage":21,"enemies":"Lagavulin","floor":12,"turns":4},{"damage":0,"enemies":"3 Louse","floor":14,"turns":1},{"damage":3,"enemies":"Hexaghost","floor":16,"turns":8},{"damage":28,"enemies":"Shell Parasite","floor":18,"turns":5},{"damage":17,"enemies":"Spheric Guardian","floor":20,"turns":5},{"damage":8,"enemies":"3 Cultists","floor":23,"turns":4},{"damage":20,"enemies":"Slavers","floor":24,"turns":4},{"damage":6,"enemies":"Cultist and Chosen","floor":29,"turns":5},{"damage":21,"enemies":"Snecko","floor":31,"turns":5},{"damage":19,"enemies":"Champ","floor":33,"turns":10},{"damage":4,"enemies":"3 Darklings","floor":35,"turns":5},{"damage":3,"enemies":"Orb Walker","floor":37,"turns":3},{"damage":0,"enemies":"Mind Bloom Boss Battle","floor":39,"turns":5},{"damage":17,"enemies":"2 Orb Walkers","floor":41,"turns":4},{"damage":0,"enemies":"Maw","floor":44,"turns":7},{"damage":7,"enemies":"Giant Head","floor":45,"turns":7},{"damage":8,"enemies":"Reptomancer","floor":48,"turns":5},{"damage":40,"enemies":"Donu and Deca","floor":50,"turns":10}],"seed_played":"-7580573227411362004","potions_obtained":[{"floor":1,"key":"Dexterity Potion"},{"floor":7,"key":"SteroidPotion"},{"floor":12,"key":"Ancient Potion"},{"floor":16,"key":"Strength Potion"},{"floor":29,"key":"Explosive Potion"},{"floor":31,"key":"SkillPotion"},{"floor":33,"key":"Energy Potion"},{"floor":35,"key":"AttackPotion"},{"floor":37,"key":"Ancient Potion"},{"floor":45,"key":"Poison Potion"}],"is_trial":false,"path_per_floor":["M","?","$","M","?","R","E","R","T","R","M","E","$","M","R","B",null,"M","?","M","?","?","M","E","R","T","$","R","M","?","M","R","B",null,"M","?","M","$","?","R","E","R","T","M","E","?","?","M","R","B"],"character_chosen":"THE_SILENT","items_purchased":["Choke","Accuracy","Infinite Blades","Infinite Blades+1","Infinite Blades+1"],"campfire_rested":8,"item_purchase_floors":[3,3,13,27,38],"current_hp_per_floor":[63,63,63,63,51,51,11,29,29,47,43,22,22,22,40,37,63,35,35,18,39,39,31,11,29,29,29,47,41,41,20,38,19,63,59,59,56,56,56,56,39,57,57,57,50,63,60,52,60,20],"gold":156,"neow_bonus":"ONE_RARE_RELIC","is_prod":false,"is_daily":false,"chose_seed":false,"campfire_upgraded":2,"win_rate":0,"timestamp":1539900050,"path_taken":["M","?","?","?","?","R","E","R","T","R","M","E","?","M","R","BOSS","M","?","M","?","?","M","E","R","T","?","R","M","?","?","R","BOSS","M","?","M","$","?","R","E","R","T","?","E","?","?","M","R","BOSS"],"build_version":"2018-10-11","purchased_purges":1,"victory":true,"max_hp_per_floor":[63,63,63,63,63,63,63,63,63,63,63,63,63,63,63,63,63,63,63,63,63,63,63,63,63,63,63,63,63,63,63,63,63,63,63,63,63,63,63,63,63,63,63,63,63,63,60,60,60,60],"card_choices":[{"not_picked":["Backflip","Outmaneuver"],"picked":"Crippling Poison","floor":1},{"not_picked":["Slice","Poisoned Stab"],"picked":"Caltrops","floor":4},{"not_picked":["Endless Agony","Acrobatics"],"picked":"Distraction","floor":7},{"not_picked":["Tactician","Flechettes"],"picked":"Dagger Spray","floor":11},{"not_picked":["Bane","Dagger Throw","Finisher"],"picked":"SKIP","floor":12},{"not_picked":["Flying Knee","Quick Slash"],"picked":"Cloak And Dagger","floor":14},{"not_picked":["Malaise","After Image"],"picked":"Unload","floor":16},{"not_picked":["Flying Knee","Riddle With Holes"],"picked":"Crippling Poison+1","floor":18},{"not_picked":["Deadly Poison","Flying Knee+1"],"picked":"Sucker Punch","floor":20},{"not_picked":["Dodge and Roll","Deflect+1"],"picked":"Blur","floor":23},{"not_picked":["Leg Sweep","Flying Knee"],"picked":"Well Laid Plans","floor":24},{"not_picked":["Dodge and Roll","Tactician"],"picked":"Deflect+1","floor":29},{"not_picked":["Dagger Spray","Outmaneuver"],"picked":"PiercingWail","floor":31},{"not_picked":["Night Terror","Adrenaline"],"picked":"Phantasmal Killer","floor":33},{"not_picked":["Masterful Stab","Choke+1"],"picked":"Cloak And Dagger","floor":35},{"not_picked":["Predator+1","Tactician+1"],"picked":"Slice","floor":37},{"not_picked":["Terror+1","Predator+1"],"picked":"Accuracy+1","floor":39},{"not_picked":["Sucker Punch+1","Caltrops+1"],"picked":"Cloak And Dagger+1","floor":41},{"not_picked":["Backflip+1","Escape Plan"],"picked":"Dodge and Roll+1","floor":42},{"not_picked":["Concentrate","Dodge and Roll"],"picked":"Backflip+1","floor":44},{"not_picked":["All Out Attack","Dagger Throw"],"picked":"Accuracy+1","floor":45},{"not_picked":["Dash+1","Quick Slash+1"],"picked":"Prepared","floor":48},{"not_picked":["Outmaneuver+1","Bane+1"],"picked":"Slice+1","floor":49}],"player_experience":134997,"relics_obtained":[{"floor":7,"key":"Bronze Scales"},{"floor":9,"key":"Sundial"},{"floor":12,"key":"Art of War"},{"floor":24,"key":"Frozen Egg 2"},{"floor":26,"key":"Ornamental Fan"},{"floor":39,"key":"Incense Burner"},{"floor":41,"key":"Dream Catcher"},{"floor":43,"key":"Oddly Smooth Stone"},{"floor":45,"key":"Molten Egg 2"}],"event_choices":[{"event_name":"Living Wall","player_choice":"Grow","floor":2,"damage_taken":0},{"event_name":"Scrap Ooze","player_choice":"success","floor":5,"damage_taken":12},{"event_name":"Addict","player_choice":"Obtained Relic","floor":19,"damage_taken":0},{"event_name":"The Library","player_choice":"Heal","floor":21,"damage_taken":0},{"event_name":"Drug Dealer","player_choice":"Inject Mutagens","floor":22,"damage_taken":0},{"event_name":"WeMeetAgain","player_choice":"Gold","floor":30,"damage_taken":0},{"event_name":"Mysterious Sphere","player_choice":"Ignore","floor":36,"damage_taken":0},{"event_name":"MindBloom","player_choice":"Fight","floor":39,"damage_taken":0},{"event_name":"Bonfire Elementals","player_choice":"UNCOMMON","floor":46,"damage_taken":0},{"event_name":"Winding Halls","player_choice":"Max HP","floor":47,"damage_taken":0}],"is_beta":false,"boss_relics":[{"not_picked":["Velvet Choker","Eternal Feather"],"picked":"WristBlade"},{"not_picked":["Sozu","Black Star"],"picked":"Lizard Tail"}],"items_purged_floors":[38],"is_endless":false,"potions_floor_spawned":[1,7,12,16,29,31,33,35,37,45],"ascension_level":2}