{"gold_per_floor":[113,131,81,81,81,114,27,42,91,91,122,122,138,153,153,256,256,270,270,270,30,30,30,44,73,73,73],"floor_reached":27,"playtime":1009,"items_purged":[],"score":317,"play_id":"1b2a4599-75de-4ac4-8d98-fbc3fd167359","local_time":"20181020220326","is_ascension_mode":true,"campfire_choices":[{"data":"Armaments","floor":10,"key":"SMITH"},{"floor":12,"key":"REST"},{"data":"Clothesline","floor":15,"key":"SMITH"},{"floor":23,"key":"REST"}],"neow_cost":"NONE","seed_source_timestamp":257885801025249,"circlet_count":0,"master_deck":["Strike_R","Strike_R","Strike_R","Strike_R","Defend_R+1","Defend_R","Defend_R","Defend_R+1","Bash","Wild Strike","Headbutt","Clothesline+1","Evolve","Armaments+1","Twin Strike","Disarm","Ghostly Armor","Headbutt","Double Tap","Cleave","Rampage","Feed","Shrug It Off","RitualDagger","Infernal Blade"],"relics":["Burning Blood","NeowsBlessing","Omamori","Art of War","Bronze Scales","Orrery","Brimstone","Singing Bowl","Anchor"],"potions_floor_usage":[25,25],"damage_taken":[{"damage":0,"enemies":"Cultist","floor":1,"turns":1},{"damage":0,"enemies":"2 Louse","floor":2,"turns":1},{"damage":0,"enemies":"Gremlin Nob","floor":6,"turns":1},{"damage":0,"enemies":"Jaw Worm","floor":8,"turns":3},{"damage":38,"enemies":"Lagavulin","floor":11,"turns":7},{"damage":2,"enemies":"Exordium Thugs","floor":13,"turns":5},{"damage":8,"enemies":"Looter","floor":14,"turns":3},{"damage":50,"enemies":"Hexaghost","floor":16,"turns":10},{"damage":28,"enemies":"Spheric Guardian","floor":18,"turns":5},{"damage":36,"enemies":"3 Byrds","floor":24,"turns":4},{"damage":34,"enemies":"Book of Stabbing","floor":25,"turns":3},{"damage":20,"enemies":"Centurion and Healer","floor":27,"turns":4}],"seed_played":"-4622263664199737880","potions_obtained":[{"floor":2,"key":"FairyPotion"},{"floor":8,"key":"SteroidPotion"},{"floor":11,"key":"LiquidBronze"},{"floor":16,"key":"AttackPotion"},{"floor":25,"key":"EssenceOfSteel"}],"is_trial":false,"path_per_floor":["M","M","?","$","?","E","$","M","T","R","E","R","M","M","R","B",null,"M","?","$","$","?","R","M","E","T"],"character_chosen":"IRONCLAD","items_purchased":["Evolve","Armaments","Shrug It Off","Brimstone"],"campfire_rested":2,"item_purchase_floors":[7,7,21,21],"current_hp_per_floor":[80,80,80,80,64,70,70,76,76,76,44,68,72,70,70,26,80,58,58,58,58,52,76,46,20,20,0],"gold":73,"neow_bonus":"THREE_ENEMY_KILL","is_prod":false,"is_daily":false,"chose_seed":false,"campfire_upgraded":2,"win_rate":0,"timestamp":1540087406,"path_taken":["M","?","?","?","?","E","?","M","T","R","E","R","?","M","R","BOSS","M","?","?","$","?","R","M","E","T","M"],"build_version":"2018-10-18","purchased_purges":0,"victory":false,"max_hp_per_floor":[80,80,80,80,80,80,80,80,80,80,80,80,80,80,80,80,80,80,80,80,80,80,80,80,82,82,82],"card_choices":[{"not_picked":["Clash","Anger"],"picked":"Wild Strike","floor":1},{"not_picked":["Body Slam","Clothesline"],"picked":"Headbutt","floor":2},{"not_picked":["Clash","Havoc"],"picked":"Clothesline","floor":6},{"not_picked":["Havoc","Anger"],"picked":"Twin Strike","floor":8},{"not_picked":["Body Slam","Perfected Strike"],"picked":"Disarm","floor":11},{"not_picked":["Havoc","Brutality"],"picked":"Ghostly Armor","floor":13},{"not_picked":["Entrench","Pommel Strike"],"picked":"Headbutt","floor":14},{"not_picked":["Offering","Juggernaut"],"picked":"Double Tap","floor":16},{"not_picked":["Evolve","Clash"],"picked":"Cleave","floor":17},{"not_picked":["Anger","Body Slam"],"picked":"Rampage","floor":17},{"not_picked":["Feel No Pain","Twin Strike+1"],"picked":"Feed","floor":18},{"not_picked":["Rampage","Searing Blow"],"picked":"Infernal Blade","floor":24},{"not_picked":["Fire Breathing+1","Twin Strike","Shrug It Off"],"picked":"Singing Bowl","floor":25}],"player_experience":148201,"relics_obtained":[{"floor":6,"key":"Omamori"},{"floor":9,"key":"Art of War"},{"floor":11,"key":"Bronze Scales"},{"floor":25,"key":"Singing Bowl"},{"floor":26,"key":"Anchor"}],"event_choices":[{"cards_removed":["Strike_R"],"damage_healed":0,"gold_gain":0,"player_choice":"Card Removal","damage_taken":0,"max_hp_gain":0,"max_hp_loss":0,"event_name":"The Cleric","floor":3,"gold_loss":50},{"damage_healed":0,"gold_gain":0,"player_choice":"Entered Light","damage_taken":16,"max_hp_gain":0,"max_hp_loss":0,"event_name":"Shining Light","floor":5,"gold_loss":0,"cards_upgraded":["Defend_R","Defend_R"]},{"damage_healed":0,"gold_gain":0,"player_choice":"Ignored","damage_taken":0,"max_hp_gain":0,"max_hp_loss":0,"event_name":"Ghosts","floor":19,"gold_loss":0},{"damage_healed":0,"gold_gain":0,"player_choice":"Joined the Cult","damage_taken":6,"max_hp_gain":0,"max_hp_loss":0,"event_name":"Nest","floor":22,"gold_loss":0,"cards_obtained":["RitualDagger"]}],"is_beta":false,"boss_relics":[{"not_picked":["Eternal Feather","Empty Cage"],"picked":"Orrery"}],"items_purged_floors":[],"is_endless":false,"potions_floor_spawned":[2,8,11,16,25],"killed_by":"Centurion and Healer","ascension_level":4}