{"gold_per_floor":[121,146,158,70,83,83,98,98,98,114,114,114,131,151,151,256,256,269,269,88,107,32,32,48,48,48,148,160,17,33,33,33,129,129,139,155,119,119,139,139,70,70,97,110,110,122,48,64,64,64],"floor_reached":51,"playtime":2091,"items_purged":["Normality","Writhe"],"score":741,"play_id":"956d4af0-e2e3-49b8-b78b-82a6bf378b01","local_time":"20190410130308","is_ascension_mode":false,"campfire_choices":[{"data":"Zap","floor":6.0,"key":"SMITH"},{"data":"Dualcast","floor":8.0,"key":"SMITH"},{"data":"Electrodynamics","floor":15.0,"key":"SMITH"},{"data":"Machine Learning","floor":23.0,"key":"SMITH"},{"data":"Ball Lightning","floor":25.0,"key":"SMITH"},{"floor":32,"key":"REST"},{"data":"1","floor":40,"key":"LIFT"},{"data":"2","floor":42,"key":"LIFT"},{"data":"3","floor":49,"key":"LIFT"}],"neow_cost":"NONE","seed_source_timestamp":4327659396852,"circlet_count":0,"master_deck":["Strike_B+1","Strike_B","Strike_B","Defend_B+1","Defend_B","Defend_B","Defend_B","Zap+1","Dualcast+1","Genetic Algorithm+1","Cold Snap","Leap+1","Recycle+1","Stack+1","Turbo+1","Fusion+1","Electrodynamics+1","Machine Learning+1","Conserve Battery+1","Consume+1","White Noise+1","Hologram+1","Ball Lightning+1","Conserve Battery+1","Echo Form","Capacitor","White Noise+1","Chaos+1","Reboot+1","Chaos+1","Cold Snap","Hello World","Stack+1","Defragment","Ball Lightning+1","Ball Lightning+1","Hello World","Ball Lightning+1"],"special_seed":0,"relics":["Calling Bell","MawBank","Toxic Egg 2","Dead Branch","Anchor","Blue Candle","Philosopher\u0027s Stone","Shuriken","Girya","Dodecahedron","Eternal Feather","Centennial Puzzle"],"potions_floor_usage":[33,50,50,50],"damage_taken":[{"damage":14.0,"enemies":"Jaw Worm","floor":1.0,"turns":4.0},{"damage":11.0,"enemies":"2 Louse","floor":2.0,"turns":4.0},{"damage":0.0,"enemies":"Cultist","floor":5.0,"turns":4.0},{"damage":0.0,"enemies":"2 Fungi Beasts","floor":7.0,"turns":5.0},{"damage":8.0,"enemies":"Large Slime","floor":10.0,"turns":6.0},{"damage":0.0,"enemies":"Exordium Wildlife","floor":13.0,"turns":6.0},{"damage":0.0,"enemies":"Looter","floor":14.0,"turns":4.0},{"damage":1.0,"enemies":"Hexaghost","floor":16.0,"turns":9.0},{"damage":7.0,"enemies":"Shell Parasite","floor":18.0,"turns":6.0},{"damage":4.0,"enemies":"Spheric Guardian","floor":21.0,"turns":4.0},{"damage":2.0,"enemies":"Chosen and Byrds","floor":24.0,"turns":4.0},{"damage":0.0,"enemies":"Colosseum Slavers","floor":27.0,"turns":3.0},{"damage":9.0,"enemies":"Colosseum Nobs","floor":27.0,"turns":3.0},{"damage":0.0,"enemies":"Centurion and Healer","floor":28.0,"turns":5.0},{"damage":23,"enemies":"Sentry and Sphere","floor":30,"turns":6},{"damage":13,"enemies":"Collector","floor":33,"turns":6},{"damage":0,"enemies":"3 Shapes","floor":35,"turns":3},{"damage":1,"enemies":"Orb Walker","floor":36,"turns":4},{"damage":0,"enemies":"Writhing Mass","floor":39,"turns":7},{"damage":2,"enemies":"Sphere and 2 Shapes","floor":44,"turns":5},{"damage":18,"enemies":"4 Shapes","floor":46,"turns":2},{"damage":8,"enemies":"Jaw Worm Horde","floor":48,"turns":4},{"damage":34,"enemies":"Time Eater","floor":50,"turns":9}],"seed_played":"9139304885080012535","potions_obtained":[{"floor":1.0,"key":"Energy Potion"},{"floor":7.0,"key":"FocusPotion"},{"floor":10.0,"key":"EntropicBrew"},{"floor":14.0,"key":"AttackPotion"},{"floor":18.0,"key":"SteroidPotion"},{"floor":28.0,"key":"SkillPotion"},{"floor":30,"key":"PowerPotion"},{"floor":35,"key":"FocusPotion"}],"is_trial":false,"path_per_floor":["M","M","?","$","M","R","M","R","T","M","?","?","M","M","R","B",null,"M","?","$","M","?","R","M","R","T","?","M","$","M","$","R","B",null,"M","M","$","?","M","R","$","R","T","M","$","M","$","M","R","B",null],"character_chosen":"DEFECT","items_purchased":["Leap+1","White Noise+1","Capacitor","White Noise+1","Hello World","Defragment","Hello World"],"campfire_rested":1,"item_purchase_floors":[4,20,29,29,37,41,47],"current_hp_per_floor":[61,50,35,35,35,35,35,35,35,27,27,20,20,20,20,19,75,68,68,68,64,64,64,62,62,62,53,53,53,30,30,52,39,75,75,74,74,74,74,75,75,75,75,73,73,55,55,47,68,34],"gold":64,"neow_bonus":"BOSS_RELIC","is_prod":false,"is_daily":false,"chose_seed":false,"campfire_upgraded":5,"win_rate":0,"timestamp":1554922988,"path_taken":["M","M","?","$","M","R","M","R","T","M","?","?","M","M","R","BOSS","M","?","$","?","?","R","M","R","T","?","M","?","M","$","R","BOSS","M","M","$","?","?","R","$","R","T","M","?","?","$","M","R","BOSS"],"build_version":"2019-01-23","purchased_purges":2,"victory":true,"max_hp_per_floor":[75,75,75,75,75,75,75,75,75,75,75,75,75,75,75,75,75,75,75,75,75,75,75,75,75,75,75,75,75,75,75,75,75,75,75,75,75,75,75,75,75,75,75,75,75,75,75,75,75,75],"card_choices":[{"not_picked":["Steam Power+1","Static Discharge"],"picked":"Genetic Algorithm+1","floor":1.0},{"not_picked":["Gash","Blizzard"],"picked":"Cold Snap","floor":2.0},{"not_picked":["Double Energy+1","Sweeping Beam"],"picked":"Recycle+1","floor":5.0},{"not_picked":["Redo+1","Beam Cell"],"picked":"Stack+1","floor":7.0},{"not_picked":["Coolheaded+1","Cold Snap"],"picked":"Turbo+1","floor":10.0},{"not_picked":["Scrape","Undo+1"],"picked":"Fusion+1","floor":13.0},{"not_picked":["Gash","Steam+1"],"picked":"Electrodynamics","floor":14.0},{"not_picked":["Electrodynamics","All For One"],"picked":"Machine Learning","floor":16.0},{"not_picked":["Barrage","Streamline"],"picked":"Conserve Battery+1","floor":18.0},{"not_picked":["Rebound","Redo+1"],"picked":"Hologram+1","floor":21.0},{"not_picked":["Cold Snap","Steam+1"],"picked":"Ball Lightning","floor":24.0},{"not_picked":["Redo+1","Leap+1"],"picked":"Conserve Battery+1","floor":27.0},{"not_picked":["Hologram+1","Streamline"],"picked":"Echo Form","floor":28.0},{"not_picked":["Fusion+1","Genetic Algorithm+1"],"picked":"Chaos+1","floor":30},{"not_picked":["Thunder Strike","Electrodynamics"],"picked":"Reboot+1","floor":33},{"not_picked":["Steam Power+1","Capacitor+1"],"picked":"Chaos+1","floor":35},{"not_picked":["Beam Cell","Sweeping Beam"],"picked":"Cold Snap","floor":36},{"not_picked":["Genetic Algorithm+1","Undo+1"],"picked":"Stack+1","floor":39},{"not_picked":["Lockon","Gash"],"picked":"Ball Lightning+1","floor":44},{"not_picked":["Go for the Eyes+1","Consume+1"],"picked":"Ball Lightning+1","floor":46},{"not_picked":["Consume+1","Gash"],"picked":"Ball Lightning+1","floor":48}],"player_experience":1166942,"relics_obtained":[{"floor":0.0,"key":"MawBank"},{"floor":0.0,"key":"Toxic Egg 2"},{"floor":0.0,"key":"Dead Branch"},{"floor":9.0,"key":"Anchor"},{"floor":26.0,"key":"Shuriken"},{"floor":27.0,"key":"Girya"},{"floor":27.0,"key":"Dodecahedron"},{"floor":43,"key":"Centennial Puzzle"}],"event_choices":[{"damage_healed":0.0,"max_hp_gain":0.0,"max_hp_loss":0.0,"gold_gain":0.0,"event_name":"Shining Light","player_choice":"Entered Light","floor":3.0,"gold_loss":0.0,"damage_taken":15.0,"cards_upgraded":["Strike_B","Defend_B"]},{"damage_healed":0.0,"max_hp_gain":0.0,"max_hp_loss":0.0,"gold_gain":0.0,"event_name":"Dead Adventurer","player_choice":"Searched \u00270\u0027 times","floor":11.0,"gold_loss":0.0,"damage_taken":0.0},{"damage_healed":0.0,"max_hp_gain":0.0,"max_hp_loss":0.0,"gold_gain":0.0,"event_name":"Scrap Ooze","player_choice":"Success","floor":12.0,"gold_loss":0.0,"damage_taken":7.0,"relics_obtained":["Blue Candle"]},{"damage_healed":0.0,"max_hp_gain":0.0,"max_hp_loss":0.0,"gold_gain":0.0,"cards_transformed":["Strike_B"],"event_name":"Transmorgrifier","player_choice":"Transformed","floor":19.0,"gold_loss":0.0,"damage_taken":0.0,"cards_obtained":["Consume"]},{"cards_removed":["Decay"],"damage_healed":0.0,"max_hp_gain":0.0,"max_hp_loss":0.0,"gold_gain":0.0,"event_name":"Beggar","player_choice":"Gave Gold","floor":22.0,"gold_loss":75.0,"damage_taken":0.0},{"damage_healed":0.0,"max_hp_gain":0.0,"max_hp_loss":0.0,"gold_gain":0.0,"event_name":"Colosseum","player_choice":"Fight","floor":27.0,"gold_loss":0.0,"damage_taken":0.0},{"damage_healed":0.0,"max_hp_gain":0.0,"max_hp_loss":0.0,"gold_gain":0.0,"event_name":"Colosseum","player_choice":"Fought Nobs","floor":27.0,"gold_loss":0.0,"damage_taken":0.0},{"damage_healed":0,"gold_gain":0,"player_choice":"Got Potions","damage_taken":0,"max_hp_gain":0,"max_hp_loss":0,"event_name":"Lab","floor":38,"gold_loss":0}],"is_beta":false,"boss_relics":[{"not_picked":["Fusion Hammer","Busted Crown"],"picked":"Philosopher\u0027s Stone"},{"not_picked":["White Beast Statue","Orrery"],"picked":"Eternal Feather"}],"items_purged_floors":[4,20],"is_endless":false,"potions_floor_spawned":[1,7,10,14,18,27,28,30,35,44,48],"ascension_level":0}