{"gold_per_floor":[119,133,23,23,36,66,38,38,38,63,63,83,83,93,93,93],"floor_reached":16,"playtime":742,"items_purged":["Strike_G"],"score":133,"play_id":"fce6b201-3c9f-41a9-a553-a45697c34f86","local_time":"20190419162140","is_ascension_mode":true,"campfire_choices":[{"floor":8.0,"key":"REST"},{"data":"Cloak And Dagger","floor":11.0,"key":"SMITH"},{"data":"Acrobatics","floor":13,"key":"SMITH"},{"floor":15,"key":"REST"}],"neow_cost":"TEN_PERCENT_HP_LOSS","seed_source_timestamp":23154434727264,"circlet_count":0,"master_deck":["Defend_G","Defend_G","Defend_G","Defend_G+1","Strike_G","Strike_G+1","Strike_G","Survivor","Neutralize","Dagger Throw","Caltrops","Blade Dance","Acrobatics+1","Crippling Poison","Endless Agony","Cloak And Dagger+1","Backflip","Flying Knee","Deflect"],"special_seed":0,"relics":["Ring of the Snake","Sundial","Ninja Scroll","Strawberry"],"potions_floor_usage":[],"damage_taken":[{"damage":0.0,"enemies":"Cultist","floor":1.0,"turns":4.0},{"damage":4.0,"enemies":"Small Slimes","floor":2.0,"turns":3.0},{"damage":12.0,"enemies":"Jaw Worm","floor":5.0,"turns":4.0},{"damage":18.0,"enemies":"Lagavulin","floor":6.0,"turns":7.0},{"damage":12.0,"enemies":"Exordium Thugs","floor":7.0,"turns":5.0},{"damage":6,"enemies":"Gremlin Gang","floor":12,"turns":4},{"damage":2,"enemies":"3 Louse","floor":14,"turns":3},{"damage":32,"enemies":"Slime Boss","floor":16,"turns":7}],"seed_played":"8853533670587140216","potions_obtained":[{"floor":2.0,"key":"Block Potion"}],"is_trial":false,"path_per_floor":["M","M","$","?","M","E","M","R","T","T","R","M","R","M","R","B"],"character_chosen":"THE_SILENT","items_purchased":["Crippling Poison"],"campfire_rested":2,"item_purchase_floors":[3],"current_hp_per_floor":[63,59,59,46,34,16,4,22,22,29,29,23,23,21,42,10],"gold":93,"neow_bonus":"TRANSFORM_TWO_CARDS","is_prod":false,"is_daily":false,"chose_seed":false,"campfire_upgraded":2,"win_rate":0,"timestamp":1555658500,"path_taken":["M","M","?","?","M","E","?","R","T","?","R","?","R","?","R","BOSS"],"build_version":"2019-01-23","purchased_purges":1,"victory":false,"max_hp_per_floor":[63,63,63,63,63,63,63,63,63,70,70,70,70,70,70,70],"card_choices":[{"not_picked":["Bane","Outmaneuver"],"picked":"Blade Dance","floor":1.0},{"not_picked":["Flying Knee","Escape Plan"],"picked":"Acrobatics","floor":2.0},{"not_picked":["Choke","Phantasmal Killer"],"picked":"Endless Agony","floor":5.0},{"not_picked":["Bane","Blade Dance"],"picked":"Cloak And Dagger","floor":6.0},{"not_picked":["Quick Slash","Acrobatics"],"picked":"Backflip","floor":7.0},{"not_picked":["Bane","Sucker Punch"],"picked":"Flying Knee","floor":12},{"not_picked":["Heel Hook","Poisoned Stab"],"picked":"Deflect","floor":14}],"player_experience":638246,"relics_obtained":[{"floor":6.0,"key":"Sundial"},{"floor":9.0,"key":"Ninja Scroll"},{"floor":10.0,"key":"Strawberry"}],"event_choices":[{"damage_healed":0.0,"max_hp_gain":0.0,"max_hp_loss":0.0,"gold_gain":0.0,"event_name":"Shining Light","player_choice":"Entered Light","floor":4.0,"gold_loss":0.0,"damage_taken":13.0,"cards_upgraded":["Strike_G","Defend_G"]}],"is_beta":false,"boss_relics":[],"items_purged_floors":[3],"is_endless":false,"potions_floor_spawned":[2],"killed_by":"Slime Boss","ascension_level":6}