{"gold_per_floor":[114,114,125,142,162,162,193,193,193,223,223,248,248,248,248,372,372,386,386,427,115,190,190,205,205,276,35,76,76,95,126,126,250,250,268,292,317,317,337,337,67,67,146,189,114,134,34,48,48,48],"floor_reached":51,"playtime":1299,"items_purged":["Bloodletting","Pain","Strike_R","Decay"],"score":856,"play_id":"52c4ea96-6833-4313-88a4-bbc229c78f89","local_time":"20190419181034","is_ascension_mode":false,"campfire_choices":[{"data":"Feed","floor":6.0,"key":"SMITH"},{"data":"Inflame","floor":11.0,"key":"SMITH"},{"data":"Bash","floor":13.0,"key":"SMITH"},{"data":"Sword Boomerang","floor":15.0,"key":"SMITH"},{"data":"Battle Trance","floor":23.0,"key":"SMITH"},{"data":"Twin Strike","floor":25.0,"key":"SMITH"},{"data":"Headbutt","floor":32.0,"key":"SMITH"},{"data":"Defend_R","floor":40,"key":"SMITH"},{"data":"Defend_R","floor":42,"key":"SMITH"},{"data":"Strike_R","floor":49,"key":"SMITH"}],"neow_cost":"NONE","seed_source_timestamp":10856924572358,"circlet_count":0,"master_deck":["Strike_R","Strike_R","Strike_R+1","Defend_R","Defend_R+1","Defend_R","Defend_R+1","Bash+1","Twin Strike+1","Feed+1","Thunderclap+1","Sword Boomerang+1","Battle Trance+1","Inflame+1","Armaments+1","Heavy Blade+1","Headbutt+1","Havoc+1","Good Instincts+1","Shrug It Off+1","Corruption+1","Uppercut+1","Iron Wave+1","Shrug It Off+1","Intimidate+1","Sword Boomerang+1"],"special_seed":0,"relics":["Cursed Key","Blood Vial","Gremlin Horn","Unceasing Top","Toxic Egg 2","Golden Idol","Coffee Dripper","Red Mask","Bronze Scales","Frozen Egg 2","Happy Flower","Pen Nib","Juzu Bracelet","Sozu","Membership Card","Molten Egg 2","Nunchaku","Brimstone"],"potions_floor_usage":[],"damage_taken":[{"damage":0.0,"enemies":"Small Slimes","floor":1.0,"turns":2.0},{"damage":0.0,"enemies":"Cultist","floor":3.0,"turns":3.0},{"damage":0.0,"enemies":"2 Louse","floor":4.0,"turns":3.0},{"damage":11.0,"enemies":"Blue Slaver","floor":5.0,"turns":4.0},{"damage":28.0,"enemies":"Gremlin Nob","floor":7.0,"turns":4.0},{"damage":35.0,"enemies":"Lagavulin","floor":10.0,"turns":6.0},{"damage":0.0,"enemies":"Gremlin Nob","floor":12.0,"turns":2.0},{"damage":35.0,"enemies":"Hexaghost","floor":16.0,"turns":8.0},{"damage":3.0,"enemies":"3 Byrds","floor":18.0,"turns":4.0},{"damage":34.0,"enemies":"Masked Bandits","floor":20.0,"turns":4.0},{"damage":9.0,"enemies":"2 Thieves","floor":24.0,"turns":2.0},{"damage":2.0,"enemies":"Gremlin Leader","floor":28.0,"turns":3.0},{"damage":12.0,"enemies":"Snecko","floor":30.0,"turns":4.0},{"damage":22.0,"enemies":"Book of Stabbing","floor":31.0,"turns":4.0},{"damage":27,"enemies":"Automaton","floor":33,"turns":7},{"damage":0,"enemies":"3 Darklings","floor":35,"turns":4},{"damage":0,"enemies":"Orb Walker","floor":36,"turns":3},{"damage":31,"enemies":"Writhing Mass","floor":37,"turns":5},{"damage":6,"enemies":"3 Darklings","floor":39,"turns":2},{"damage":0,"enemies":"Giant Head","floor":44,"turns":4},{"damage":0,"enemies":"Spire Growth","floor":46,"turns":4},{"damage":0,"enemies":"Transient","floor":48,"turns":5},{"damage":48,"enemies":"Time Eater","floor":50,"turns":6}],"seed_played":"-424665490188335883","potions_obtained":[{"floor":4.0,"key":"BloodPotion"},{"floor":7.0,"key":"SkillPotion"},{"floor":18.0,"key":"BloodPotion"},{"floor":24.0,"key":"GamblersBrew"},{"floor":28.0,"key":"FearPotion"}],"is_trial":false,"path_per_floor":["M","?","M","M","M","R","E","?","T","E","R","E","R","?","R","B",null,"M","?","?","$","?","R","M","R","T","$","E","?","M","E","R","B",null,"M","M","M","?","M","R","$","R","T","E","$","M","$","M","R","B",null],"character_chosen":"IRONCLAD","items_purchased":["Headbutt","Bronze Scales","Havoc+1","Good Instincts+1","Shrug It Off+1","Membership Card","Brimstone"],"campfire_rested":0,"item_purchase_floors":[21,21,21,27,27,41,47],"current_hp_per_floor":[80,80,80,83,75,75,55,83,83,54,54,60,60,37,37,8,98,95,95,67,67,57,57,60,60,60,60,64,64,54,38,38,13,110,110,110,79,79,75,75,75,75,75,81,81,83,83,85,85,39],"gold":48,"neow_bonus":"BOSS_RELIC","is_prod":false,"is_daily":false,"chose_seed":false,"campfire_upgraded":10,"win_rate":0,"timestamp":1555719034,"path_taken":["M","?","M","?","?","R","E","?","T","E","R","E","R","?","R","BOSS","M","?","?","?","?","R","?","R","T","$","E","?","?","E","R","BOSS","M","M","M","?","M","R","$","R","T","E","?","M","$","M","R","BOSS"],"build_version":"2019-01-23","purchased_purges":4,"victory":true,"max_hp_per_floor":[80,80,80,83,86,86,86,86,86,90,90,94,94,94,94,98,98,98,98,102,102,102,102,102,102,102,102,106,106,106,110,110,110,110,110,110,110,110,110,110,110,110,110,114,114,114,114,114,114,114],"card_choices":[{"not_picked":["Headbutt","Havoc"],"picked":"Twin Strike","floor":1.0},{"not_picked":["Body Slam","Corruption"],"picked":"Feed","floor":3.0},{"not_picked":["Pommel Strike","Wild Strike"],"picked":"Thunderclap","floor":4.0},{"not_picked":["Sentinel","Burning Pact"],"picked":"Sword Boomerang","floor":5.0},{"not_picked":["Twin Strike","Spot Weakness"],"picked":"Battle Trance","floor":7.0},{"not_picked":["Pommel Strike","Iron Wave"],"picked":"Inflame","floor":10.0},{"not_picked":["Perfected Strike","Sever Soul","Bludgeon"],"picked":"SKIP","floor":12.0},{"not_picked":["Heavy Blade","Rage+1"],"picked":"Armaments+1","floor":18.0},{"not_picked":["Body Slam","Entrench+1"],"picked":"Heavy Blade+1","floor":20.0},{"not_picked":["Perfected Strike","Body Slam","Corruption"],"picked":"SKIP","floor":24.0},{"not_picked":["Power Through+1","Armaments+1"],"picked":"Corruption+1","floor":28.0},{"not_picked":["Wild Strike+1","Havoc+1"],"picked":"Uppercut+1","floor":30.0},{"not_picked":["Clothesline+1","Combust+1"],"picked":"Iron Wave+1","floor":31.0},{"not_picked":["Shockwave+1","Clothesline+1","True Grit+1"],"picked":"SKIP","floor":35},{"not_picked":["Burning Pact+1","Fire Breathing+1","Second Wind+1"],"picked":"SKIP","floor":36},{"not_picked":["True Grit+1","Sentinel+1"],"picked":"Shrug It Off+1","floor":37},{"not_picked":["Searing Blow","Havoc+1","Intimidate+1"],"picked":"SKIP","floor":39},{"not_picked":["Iron Wave+1","Perfected Strike+1","Thunderclap+1"],"picked":"SKIP","floor":44},{"not_picked":["Armaments+1","Body Slam+1"],"picked":"Intimidate+1","floor":46},{"not_picked":["Barricade+1","Wild Strike+1"],"picked":"Sword Boomerang+1","floor":48}],"player_experience":1261528,"relics_obtained":[{"floor":7.0,"key":"Blood Vial"},{"floor":9.0,"key":"Gremlin Horn"},{"floor":10.0,"key":"Unceasing Top"},{"floor":12.0,"key":"Toxic Egg 2"},{"floor":20.0,"key":"Red Mask"},{"floor":26.0,"key":"Frozen Egg 2"},{"floor":28.0,"key":"Happy Flower"},{"floor":31.0,"key":"Juzu Bracelet"},{"floor":43,"key":"Molten Egg 2"},{"floor":44,"key":"Nunchaku"}],"event_choices":[{"damage_healed":0.0,"max_hp_gain":0.0,"max_hp_loss":0.0,"gold_gain":0.0,"cards_transformed":["Strike_R"],"event_name":"Transmorgrifier","player_choice":"Transformed","floor":2.0,"gold_loss":0.0,"damage_taken":0.0,"cards_obtained":["Bloodletting"]},{"damage_healed":28.0,"max_hp_gain":0.0,"max_hp_loss":0.0,"gold_gain":0.0,"event_name":"Big Fish","player_choice":"Banana","floor":8.0,"gold_loss":0.0,"damage_taken":0.0},{"damage_healed":0.0,"max_hp_gain":0.0,"max_hp_loss":0.0,"gold_gain":0.0,"event_name":"Golden Idol","player_choice":"Take Damage","floor":14.0,"gold_loss":0.0,"damage_taken":23.0,"relics_obtained":["Golden Idol"]},{"cards_removed":["Writhe"],"damage_healed":0.0,"max_hp_gain":0.0,"max_hp_loss":0.0,"gold_gain":0.0,"event_name":"Back to Basics","player_choice":"Elegance","floor":19.0,"gold_loss":0.0,"damage_taken":0.0},{"damage_healed":0.0,"max_hp_gain":0.0,"max_hp_loss":0.0,"gold_gain":0.0,"event_name":"Masked Bandits","player_choice":"Fought Bandits","floor":20.0,"gold_loss":0.0,"damage_taken":0.0},{"damage_healed":0.0,"max_hp_gain":0.0,"max_hp_loss":0.0,"gold_gain":75.0,"event_name":"FaceTrader","player_choice":"Touch","floor":22.0,"gold_loss":0.0,"damage_taken":10.0},{"damage_healed":0.0,"max_hp_gain":0.0,"max_hp_loss":0.0,"gold_gain":0.0,"event_name":"WeMeetAgain","player_choice":"Gave Potion","floor":29.0,"gold_loss":0.0,"damage_taken":0.0,"relics_obtained":["Pen Nib"]},{"damage_healed":0,"gold_gain":0,"player_choice":"Upgraded","damage_taken":0,"max_hp_gain":0,"max_hp_loss":0,"event_name":"Upgrade Shrine","floor":38,"gold_loss":0,"cards_upgraded":["Thunderclap"]}],"is_beta":false,"boss_relics":[{"not_picked":["Runic Pyramid","Ectoplasm"],"picked":"Coffee Dripper"},{"not_picked":["Orrery","Philosopher\u0027s Stone"],"picked":"Sozu"}],"items_purged_floors":[21,27,41,45],"is_endless":false,"potions_floor_spawned":[4,7,18,24,28,39,44,48],"ascension_level":0}