{"gold_per_floor":[117,117,132,142,161,192,192,224,270,282,5,58,58,69,69,173,173,185,110,156,172,186,186,101,113,181,200,200,200,200,211,211,308,308,325,38,0,0,10,10,35,35,60,60,85,85,104,122,122,122],"floor_reached":51,"playtime":3961,"items_purged":["Strike_B"],"score":692,"play_id":"45a4d138-7688-44c0-a143-a3440b9f2f4e","local_time":"20181004182407","is_ascension_mode":false,"campfire_choices":[{"data":"Static Discharge","floor":7.0,"key":"SMITH"},{"floor":13.0,"key":"REST"},{"floor":15.0,"key":"REST"},{"data":"Consume","floor":23.0,"key":"SMITH"},{"floor":28.0,"key":"REST"},{"floor":30.0,"key":"REST"},{"floor":32.0,"key":"REST"},{"floor":40,"key":"REST"},{"floor":44,"key":"REST"},{"floor":46,"key":"REST"},{"floor":49,"key":"REST"}],"neow_cost":"NONE","seed_source_timestamp":0,"circlet_count":0,"master_deck":["Strike_B+1","Strike_B+1","Defend_B","Defend_B","Defend_B","Defend_B","Zap","Dualcast","Auto Shields","Consume+1","Conserve Battery","Steam","Fusion","Static Discharge+1","Capacitor","Rebound","Capacitor","Streamline","Machine Learning","Cold Snap+1","Conserve Battery+1","Conserve Battery+1","Redo","Barrage+1","Storm+1","Electrodynamics","Conserve Battery+1","Static Discharge","Steam","Consume","Beam Cell+1","Stack+1"],"special_seed":0,"relics":["Cracked Core","Vajra","Letter Opener","Boot","HandDrill","Tiny Chest","Nuclear Battery","Strawberry","Orichalcum","Molten Egg 2","Lizard Tail","StoneCalendar","Red Mask","Bronze Scales","Gremlin Horn","Regal Pillow","Whetstone"],"potions_floor_usage":[39,41,45,50],"damage_taken":[{"damage":0.0,"enemies":"Jaw Worm","floor":1.0,"turns":4.0},{"damage":0.0,"enemies":"Cultist","floor":3.0,"turns":4.0},{"damage":2.0,"enemies":"Small Slimes","floor":4.0,"turns":3.0},{"damage":1.0,"enemies":"Gremlin Gang","floor":5.0,"turns":3.0},{"damage":22.0,"enemies":"Lagavulin","floor":6.0,"turns":12.0},{"damage":12.0,"enemies":"3 Sentries","floor":8.0,"turns":7.0},{"damage":2.0,"enemies":"Exordium Thugs","floor":10.0,"turns":5.0},{"damage":8.0,"enemies":"Red Slaver","floor":14.0,"turns":4.0},{"damage":24.0,"enemies":"The Guardian","floor":16.0,"turns":9.0},{"damage":14.0,"enemies":"Shell Parasite","floor":18.0,"turns":6.0},{"damage":0.0,"enemies":"Chosen","floor":21.0,"turns":4.0},{"damage":13.0,"enemies":"Snake Plant","floor":22.0,"turns":4.0},{"damage":27.0,"enemies":"Snecko","floor":25.0,"turns":6.0},{"damage":8.0,"enemies":"Cultist and Chosen","floor":27.0,"turns":6.0},{"damage":18.0,"enemies":"Centurion and Healer","floor":31.0,"turns":6.0},{"damage":33.0,"enemies":"Automaton","floor":33.0,"turns":9.0},{"damage":17,"enemies":"3 Darklings","floor":35,"turns":3},{"damage":1,"enemies":"Orb Walker","floor":39,"turns":2},{"damage":51,"enemies":"2 Orb Walkers","floor":41,"turns":4},{"damage":94,"enemies":"Giant Head","floor":45,"turns":9},{"damage":12,"enemies":"Reptomancer","floor":47,"turns":5},{"damage":1,"enemies":"3 Darklings","floor":48,"turns":3},{"damage":74,"enemies":"Donu and Deca","floor":50,"turns":8}],"seed_played":"8596809416755752537","potions_obtained":[{"floor":1.0,"key":"Ancient Potion"},{"floor":3.0,"key":"Explosive Potion"},{"floor":4.0,"key":"SkillPotion"},{"floor":10.0,"key":"SteroidPotion"},{"floor":14.0,"key":"AttackPotion"},{"floor":18.0,"key":"Energy Potion"},{"floor":22.0,"key":"Dexterity Potion"},{"floor":33.0,"key":"Dexterity Potion"},{"floor":35,"key":"AttackPotion"},{"floor":41,"key":"AttackPotion"},{"floor":48,"key":"SpeedPotion"}],"is_trial":false,"path_per_floor":["M","?","M","M","M","E","R","E","T","M","$","T","R","M","R","B",null,"M","$","T","M","M","R","?","M","T","M","R","?","R","M","R","B",null,"M","$","?","?","M","R","E","$","T","R","E","R","M","M","R","B"],"character_chosen":"DEFECT","items_purchased":["Capacitor","HandDrill","StoneCalendar"],"campfire_rested":9,"item_purchase_floors":[11,11,36],"current_hp_per_floor":[75,75,75,73,72,50,50,38,38,36,36,36,58,50,72,48,75,61,61,68,68,55,55,55,28,28,20,44,44,68,50,74,41,82,65,65,65,65,64,82,31,31,31,70,41,80,68,67,82,8],"gold":122,"neow_bonus":"THREE_CARDS","is_prod":false,"is_daily":false,"chose_seed":false,"campfire_upgraded":2,"win_rate":0.0,"timestamp":1538691847,"path_taken":["M","?","M","?","M","E","R","E","T","M","$","?","R","M","R","BOSS","M","$","?","M","M","R","?","?","T","M","R","?","R","M","R","BOSS","M","$","?","?","M","R","E","$","T","R","E","R","M","M","R","BOSS"],"build_version":"2018-09-27","purchased_purges":1,"victory":true,"max_hp_per_floor":[75,75,75,75,75,75,75,75,75,75,75,75,75,75,75,75,75,75,75,82,82,82,82,82,82,82,82,82,82,82,82,82,82,82,82,82,82,82,82,82,82,82,82,82,82,82,82,82,82,82],"card_choices":[{"not_picked":["Reinforced Body","Self Repair"],"picked":"Auto Shields","floor":0.0},{"not_picked":["Cold Snap","Rebound"],"picked":"Consume","floor":1.0},{"not_picked":["Lockon","Coolheaded"],"picked":"Conserve Battery","floor":3.0},{"not_picked":["BootSequence","Double Energy"],"picked":"Steam","floor":4.0},{"not_picked":["Force Field","Gash"],"picked":"Fusion","floor":5.0},{"not_picked":["Hologram","FTL"],"picked":"Static Discharge","floor":6.0},{"not_picked":["Compile Driver","Tempest"],"picked":"Capacitor","floor":8.0},{"not_picked":["Storm","Rainbow"],"picked":"Rebound","floor":10.0},{"not_picked":["Storm","Steam"],"picked":"Streamline","floor":14.0},{"not_picked":["Biased Cognition","Multi-Cast"],"picked":"Machine Learning","floor":16.0},{"not_picked":["Barrage","Coolheaded"],"picked":"Cold Snap+1","floor":18.0},{"not_picked":["Genetic Algorithm","Glacier+1"],"picked":"Conserve Battery+1","floor":21.0},{"not_picked":["Coolheaded+1","Leap"],"picked":"Conserve Battery+1","floor":22.0},{"not_picked":["Fusion+1","Rip and Tear"],"picked":"Redo","floor":25.0},{"not_picked":["Reprogram","Ball Lightning+1"],"picked":"Barrage+1","floor":27.0},{"not_picked":["Gash+1","Reinforced Body"],"picked":"Storm+1","floor":31.0},{"not_picked":["Biased Cognition","All For One+1"],"picked":"Electrodynamics","floor":33.0},{"not_picked":["Lockon+1","Consume"],"picked":"Conserve Battery+1","floor":35},{"not_picked":["Leap","Fusion+1"],"picked":"Static Discharge","floor":39},{"not_picked":["Leap+1","Redo+1"],"picked":"Steam","floor":41},{"not_picked":["Heatsinks","Leap"],"picked":"Consume","floor":45},{"not_picked":["Go for the Eyes+1","Streamline+1"],"picked":"Beam Cell+1","floor":47},{"not_picked":["Streamline+1","Beam Cell+1"],"picked":"Stack+1","floor":48}],"player_experience":86632,"relics_obtained":[{"floor":6.0,"key":"Vajra"},{"floor":8.0,"key":"Letter Opener"},{"floor":9.0,"key":"Boot"},{"floor":12.0,"key":"Tiny Chest"},{"floor":20.0,"key":"Strawberry"},{"floor":26.0,"key":"Molten Egg 2"},{"floor":41,"key":"Gremlin Horn"},{"floor":43,"key":"Regal Pillow"},{"floor":45,"key":"Whetstone"}],"event_choices":[{"event_name":"Bonfire Elementals","player_choice":"BASIC","floor":2.0,"damage_taken":0.0},{"event_name":"Addict","player_choice":"Obtained Relic","floor":24.0,"damage_taken":0.0},{"event_name":"Vampires","player_choice":"Ignored","floor":29.0,"damage_taken":0.0},{"event_name":"Tomb of Lord Red Mask","player_choice":"Paid","floor":37,"damage_taken":0},{"event_name":"WeMeetAgain","player_choice":"Potion","floor":38,"damage_taken":0}],"is_beta":false,"boss_relics":[{"not_picked":["Eternal Feather","Orrery"],"picked":"Nuclear Battery"},{"not_picked":["Snecko Eye","Tiny House"],"picked":"Lizard Tail"}],"items_purged_floors":[19],"is_endless":false,"potions_floor_spawned":[1,3,4,10,14,18,22,33,35,41,48],"ascension_level":0}