{"gold_per_floor":[212,223,298,310,0,0,0,12,36,36,62,62,77,102,102,202,202,217,142,142,142,67,67,44,72,72,72,82,109,109,109,109,109],"floor_reached":33,"playtime":1325,"items_purged":["Strike_R"],"score":347,"play_id":"bf567480-674f-4ed7-b645-f59e6dc9e9a2","local_time":"20190417234757","is_ascension_mode":true,"campfire_choices":[{"data":"Bash","floor":6,"key":"SMITH"},{"floor":10,"key":"REST"},{"floor":12,"key":"REST"},{"data":"Flex","floor":15,"key":"SMITH"},{"data":"Double Tap","floor":23,"key":"SMITH"},{"data":"Infernal Blade","floor":30,"key":"SMITH"},{"floor":32,"key":"REST"}],"neow_cost":"NONE","seed_source_timestamp":313334253255319,"circlet_count":0,"master_deck":["Strike_R+1","Strike_R+1","Strike_R+1","Strike_R+1","Defend_R+1","Defend_R+1","Defend_R+1","Bash+1","Clothesline","Shockwave","Double Tap+1","Flex+1","Intimidate","Carnage","Twin Strike","Clash+1","Anger","Spot Weakness+1","Fire Breathing","Infernal Blade+1"],"relics":["Black Blood","Bronze Scales","Bag of Preparation","Anchor","Lantern","Shuriken","Mummified Hand","Potion Belt"],"potions_floor_usage":[16,33],"damage_taken":[{"damage":1,"enemies":"Cultist","floor":1,"turns":3},{"damage":31,"enemies":"Jaw Worm","floor":2,"turns":4},{"damage":4,"enemies":"Small Slimes","floor":4,"turns":4},{"damage":12,"enemies":"Blue Slaver","floor":8,"turns":3},{"damage":25,"enemies":"Lagavulin","floor":11,"turns":5},{"damage":12,"enemies":"2 Fungi Beasts","floor":13,"turns":3},{"damage":15,"enemies":"3 Sentries","floor":14,"turns":5},{"damage":44,"enemies":"The Guardian","floor":16,"turns":11},{"damage":12,"enemies":"Chosen","floor":18,"turns":5},{"damage":16,"enemies":"Gremlin Leader","floor":25,"turns":5},{"damage":12,"enemies":"Shell Parasite","floor":28,"turns":3},{"damage":23,"enemies":"Book of Stabbing","floor":29,"turns":4},{"damage":104,"enemies":"Automaton","floor":33,"turns":6}],"seed_played":"2319080624167778782","potions_obtained":[{"floor":2,"key":"Dexterity Potion"},{"floor":4,"key":"SkillPotion"},{"floor":8,"key":"GamblersBrew"},{"floor":18,"key":"Strength Potion"},{"floor":25,"key":"BloodPotion"},{"floor":28,"key":"Energy Potion"}],"is_trial":false,"path_per_floor":["M","M","?","M","$","R","$","M","T","R","E","R","M","E","R","B",null,"M","?","?","?","$","R","$","E","T","?","M","E","R","?","R","B"],"character_chosen":"IRONCLAD","items_purchased":["Bronze Scales","Double Tap","Anger"],"campfire_rested":3,"item_purchase_floors":[5,5,24],"current_hp_per_floor":[80,55,44,46,46,46,46,40,40,64,45,69,63,54,54,16,80,78,78,78,78,78,78,78,72,72,72,70,57,57,57,80,0],"gold":109,"neow_bonus":"HUNDRED_GOLD","is_prod":false,"is_daily":false,"chose_seed":false,"campfire_upgraded":4,"win_rate":0,"timestamp":1555559277,"path_taken":["M","M","?","M","$","R","$","M","T","R","E","R","M","E","R","BOSS","M","?","?","?","$","R","?","E","T","?","?","E","R","?","R","BOSS"],"build_version":"2019-01-23","purchased_purges":1,"victory":false,"max_hp_per_floor":[80,80,80,80,80,80,80,80,80,80,80,80,80,80,80,80,80,80,80,80,80,80,80,80,80,80,80,80,80,80,80,80,80],"card_choices":[{"not_picked":["Thunderclap","Rupture"],"picked":"Clothesline","floor":1},{"not_picked":["True Grit","Body Slam"],"picked":"Wild Strike","floor":2},{"not_picked":["Iron Wave","Wild Strike"],"picked":"Shockwave","floor":4},{"not_picked":["Pommel Strike","Rupture"],"picked":"Flex","floor":8},{"not_picked":["Armaments","Pommel Strike"],"picked":"Intimidate","floor":11},{"not_picked":["Reaper","Dual Wield"],"picked":"Carnage","floor":13},{"not_picked":["Clothesline","Sword Boomerang"],"picked":"Twin Strike","floor":14},{"not_picked":["Perfected Strike","Body Slam"],"picked":"Clash+1","floor":18},{"not_picked":["Rage","Iron Wave+1"],"picked":"Spot Weakness+1","floor":25},{"not_picked":["Reckless Charge","Disarm"],"picked":"Infernal Blade","floor":28},{"not_picked":["Juggernaut","Dual Wield+1","Limit Break"],"picked":"SKIP","floor":29}],"player_experience":202197,"relics_obtained":[{"floor":9,"key":"Bag of Preparation"},{"floor":11,"key":"Anchor"},{"floor":14,"key":"Lantern"},{"floor":25,"key":"Shuriken"},{"floor":26,"key":"Mummified Hand"},{"floor":29,"key":"Potion Belt"}],"event_choices":[{"damage_healed":0,"gold_gain":75,"player_choice":"Gather Gold","damage_taken":11,"max_hp_gain":0,"max_hp_loss":0,"event_name":"World of Goop","floor":3,"gold_loss":0},{"cards_removed":["Defend_R"],"damage_healed":0,"gold_gain":0,"player_choice":"Gave Gold","damage_taken":0,"max_hp_gain":0,"max_hp_loss":0,"event_name":"Beggar","floor":19,"gold_loss":75},{"damage_healed":0,"gold_gain":0,"player_choice":"Ignored","damage_taken":0,"max_hp_gain":0,"max_hp_loss":0,"event_name":"Vampires","floor":20,"gold_loss":0},{"damage_healed":0,"gold_gain":0,"player_choice":"Ignored","damage_taken":0,"max_hp_gain":0,"max_hp_loss":0,"event_name":"Ghosts","floor":21,"gold_loss":0},{"damage_healed":0,"gold_gain":0,"cards_transformed":["Wild Strike"],"player_choice":"Transformed","damage_taken":0,"max_hp_gain":0,"max_hp_loss":0,"event_name":"Transmorgrifier","floor":27,"gold_loss":0,"cards_obtained":["Fire Breathing"]},{"damage_healed":0,"gold_gain":0,"player_choice":"Simplicity","damage_taken":0,"max_hp_gain":0,"max_hp_loss":0,"event_name":"Back to Basics","floor":31,"gold_loss":0,"cards_upgraded":["Strike_R","Strike_R","Strike_R","Strike_R","Defend_R","Defend_R","Defend_R"]}],"is_beta":false,"boss_relics":[{"not_picked":["Fusion Hammer","Runic Dome"],"picked":"Black Blood"}],"items_purged_floors":[22],"is_endless":false,"potions_floor_spawned":[2,4,8,18,25,28],"killed_by":"Automaton","ascension_level":4}