{"gold_per_floor":[111,111,111,111,127,127,171,171,198,241,265,278,3,36,36,160,160,180,180,196,217,242,278,278,278,301,326,253,33,33,33],"floor_reached":31,"playtime":1659,"items_purged":[],"score":300,"play_id":"998ae5f3-da19-429d-bc6b-d7c9f4a54f71","local_time":"20181014223807","is_ascension_mode":true,"campfire_choices":[{"floor":6,"key":"REST"},{"floor":8,"key":"REST"},{"floor":15,"key":"REST"},{"floor":24,"key":"REST"}],"neow_cost":"","seed_source_timestamp":877275488563332,"circlet_count":0,"master_deck":["Defend_G","Defend_G","Defend_G","Defend_G","Defend_G","Strike_G","Strike_G","Strike_G","Strike_G","Survivor","Neutralize","Deadly Poison","Bullet Time","Terror","Deadly Poison","Die Die Die","Backflip","Accuracy","Blade Dance","Backflip","Dash","Phantasmal Killer","Leg Sweep","RitualDagger","Backstab+1","Backflip+1","Caltrops","Flechettes+1","Storm of Steel","PiercingWail","Dagger Spray"],"relics":["Ring of the Snake","Bloody Idol","Happy Flower","PreservedInsect","Strawberry","Membership Card","Unceasing Top","Sozu","Mercury Hourglass","MawBank","Ornamental Fan","Sling","Kunai"],"potions_floor_usage":[10,16],"damage_taken":[{"damage":2,"enemies":"Small Slimes","floor":1,"turns":3},{"damage":1,"enemies":"2 Louse","floor":5,"turns":6},{"damage":20,"enemies":"Gremlin Nob","floor":7,"turns":5},{"damage":33,"enemies":"3 Sentries","floor":10,"turns":7},{"damage":1,"enemies":"Cultist","floor":11,"turns":3},{"damage":0,"enemies":"Lots of Slimes","floor":12,"turns":1},{"damage":18,"enemies":"Lagavulin","floor":14,"turns":4},{"damage":34,"enemies":"Hexaghost","floor":16,"turns":10},{"damage":10,"enemies":"2 Thieves","floor":18,"turns":3},{"damage":14,"enemies":"3 Byrds","floor":20,"turns":7},{"damage":14,"enemies":"Snecko","floor":21,"turns":4},{"damage":2,"enemies":"3 Cultists","floor":22,"turns":5},{"damage":12,"enemies":"Book of Stabbing","floor":23,"turns":5},{"damage":34,"enemies":"Centurion and Healer","floor":27,"turns":4},{"damage":8,"enemies":"Shelled Parasite and Fungi","floor":31,"turns":2}],"seed_played":"-5122674699614316321","potions_obtained":[{"floor":7,"key":"AttackPotion"},{"floor":10,"key":"GamblersBrew"},{"floor":14,"key":"LiquidBronze"}],"is_trial":false,"path_per_floor":["M","?","?","?","M","R","E","R","T","E","M","M","$","E","R","B",null,"M","?","M","M","M","E","R","?","T","M","?","$","?"],"character_chosen":"THE_SILENT","items_purchased":["Blade Dance","Membership Card","Backflip","Sling","Kunai","Dagger Spray"],"campfire_rested":4,"item_purchase_floors":[13,13,13,29,29,29],"current_hp_per_floor":[68,68,51,51,50,70,50,70,70,44,43,43,43,25,48,14,77,67,61,47,33,31,19,42,42,42,8,8,8,8,0],"gold":33,"neow_bonus":"","is_prod":false,"is_daily":false,"chose_seed":false,"campfire_upgraded":0,"win_rate":0,"timestamp":1539571087,"path_taken":["M","?","?","?","?","R","E","R","T","E","M","?","$","E","R","BOSS","M","?","M","?","M","E","R","?","T","M","?","$","?","M"],"build_version":"2018-10-11","purchased_purges":0,"victory":false,"max_hp_per_floor":[70,70,70,70,70,70,70,70,70,77,77,77,77,77,77,77,77,77,77,77,77,77,77,77,77,77,77,77,77,77,77],"card_choices":[{"not_picked":["Dagger Spray","Slice"],"picked":"Deadly Poison","floor":1},{"not_picked":["Poisoned Stab","Outmaneuver"],"picked":"Terror","floor":5},{"not_picked":["Riddle With Holes","Underhanded Strike"],"picked":"Deadly Poison","floor":7},{"not_picked":["Prepared","Storm of Steel"],"picked":"Die Die Die","floor":10},{"not_picked":["Blade Dance","Quick Slash"],"picked":"Backflip","floor":11},{"not_picked":["Backflip","Deflect"],"picked":"Accuracy","floor":12},{"not_picked":["Heel Hook","Eviscerate"],"picked":"Dash","floor":14},{"not_picked":["After Image","Glass Knife"],"picked":"Phantasmal Killer","floor":16},{"not_picked":["Finisher","Slice"],"picked":"Leg Sweep","floor":18},{"not_picked":["Heel Hook+1","Deadly Poison"],"picked":"Backstab+1","floor":20},{"not_picked":["Riddle With Holes+1","PiercingWail"],"picked":"Backflip+1","floor":21},{"not_picked":["Slice","Dagger Throw"],"picked":"Caltrops","floor":22},{"not_picked":["Dagger Throw+1","Dodge and Roll"],"picked":"Flechettes+1","floor":23},{"not_picked":["Slice","Dagger Throw"],"picked":"PiercingWail","floor":27}],"player_experience":131221,"relics_obtained":[{"floor":7,"key":"Happy Flower"},{"floor":9,"key":"PreservedInsect"},{"floor":10,"key":"Strawberry"},{"floor":14,"key":"Unceasing Top"},{"floor":23,"key":"Mercury Hourglass"},{"floor":26,"key":"MawBank"}],"event_choices":[{"event_name":"Living Wall","player_choice":"Change","floor":2,"damage_taken":0},{"event_name":"Golden Idol","player_choice":"Take Damage","floor":3,"damage_taken":0},{"event_name":"Liars Game","player_choice":"disagreed","floor":4,"damage_taken":0},{"event_name":"Nest","player_choice":"Joined the Cult","floor":19,"damage_taken":0},{"event_name":"The Library","player_choice":"Read","floor":25,"damage_taken":0},{"event_name":"Addict","player_choice":"Obtained Relic","floor":28,"damage_taken":0},{"event_name":"Forgotten Altar","player_choice":"Gave Idol","floor":30,"damage_taken":0}],"is_beta":false,"boss_relics":[{"not_picked":["Tiny House","Empty Cage"],"picked":"Sozu"}],"items_purged_floors":[],"is_endless":false,"potions_floor_spawned":[7,10,14,18,21,23,27],"killed_by":"Shelled Parasite and Fungi","ascension_level":2}