{"gold_per_floor":[119,139,139,139,159,190,200,226,297,297,317,317,332,352,352,424,424,436,436,449,462,462,462,474,474,499,511,543,70,81,116,116,190,190,202,202,214,43,56,83,98,98,121,133,133,133,133,33,33,33,33,33,33,33,33],"floor_reached":55,"playtime":2874,"items_purged":["Strike_B","Strike_B"],"score":1808,"play_id":"369f32bb-6e71-4bf7-a961-d90890174f6c","local_time":"20190622113120","is_ascension_mode":true,"campfire_choices":[{"data":"Buffer","floor":10.0,"key":"SMITH"},{"data":"Go for the Eyes","floor":12.0,"key":"SMITH"},{"data":"Leap","floor":15.0,"key":"SMITH"},{"data":"Chill","floor":23.0,"key":"SMITH"},{"data":"Go for the Eyes","floor":25.0,"key":"SMITH"},{"data":"Dualcast","floor":32.0,"key":"SMITH"},{"floor":45.0,"key":"RECALL"},{"data":"Barrage","floor":47.0,"key":"SMITH"},{"data":"Coolheaded","floor":49.0,"key":"SMITH"},{"data":"Chill","floor":53.0,"key":"SMITH"}],"neow_cost":"NONE","seed_source_timestamp":0,"circlet_count":0,"master_deck":["AscendersBane","Strike_B","Defend_B","Defend_B","Defend_B","Zap+1","Dualcast+1","Go for the Eyes+1","BootSequence","Buffer+1","Streamline","Electrodynamics","Go for the Eyes+1","Chill+1","Conserve Battery","Biased Cognition+1","Leap+1","Electrodynamics+1","Coolheaded+1","Compile Driver","Ball Lightning","Consume+1","FTL+1","Capacitor+1","Chill+1","Ball Lightning","Buffer+1","Meteor Strike","Barrage+1","Hologram+1","Chaos+1","Skim+1","Coolheaded+1"],"special_seed":0,"relics":["Cracked Core","Omamori","Dead Branch","Frozen Egg 2","Odd Mushroom","Nuclear Battery","Oddly Smooth Stone","MawBank","Runic Capacitor","Blood Vial","Empty Cage","Bag of Preparation","Ancient Tea Set","Vajra"],"potions_floor_usage":[55],"damage_taken":[{"damage":4.0,"enemies":"Jaw Worm","floor":1.0,"turns":3.0},{"damage":7.0,"enemies":"Small Slimes","floor":2.0,"turns":3.0},{"damage":0.0,"enemies":"Cultist","floor":5.0,"turns":3.0},{"damage":10.0,"enemies":"Lagavulin","floor":6.0,"turns":6.0},{"damage":7.0,"enemies":"Looter","floor":7.0,"turns":3.0},{"damage":10.0,"enemies":"3 Sentries","floor":8.0,"turns":5.0},{"damage":0.0,"enemies":"Large Slime","floor":11.0,"turns":4.0},{"damage":0.0,"enemies":"Blue Slaver","floor":13.0,"turns":3.0},{"damage":0.0,"enemies":"The Mushroom Lair","floor":14.0,"turns":2.0},{"damage":3.0,"enemies":"The Guardian","floor":16.0,"turns":12.0},{"damage":9.0,"enemies":"2 Thieves","floor":18.0,"turns":3.0},{"damage":10.0,"enemies":"Shell Parasite","floor":20.0,"turns":3.0},{"damage":0.0,"enemies":"3 Cultists","floor":21.0,"turns":2.0},{"damage":1.0,"enemies":"Centurion and Healer","floor":24.0,"turns":4.0},{"damage":0.0,"enemies":"Sentry and Sphere","floor":28.0,"turns":4.0},{"damage":5.0,"enemies":"Snake Plant","floor":30.0,"turns":3.0},{"damage":7.0,"enemies":"Book of Stabbing","floor":31.0,"turns":5.0},{"damage":38.0,"enemies":"Automaton","floor":33.0,"turns":9.0},{"damage":0.0,"enemies":"Orb Walker","floor":35.0,"turns":3.0},{"damage":0.0,"enemies":"3 Shapes","floor":37.0,"turns":3.0},{"damage":0.0,"enemies":"Jaw Worm Horde","floor":39.0,"turns":2.0},{"damage":0.0,"enemies":"Giant Head","floor":40.0,"turns":7.0},{"damage":0.0,"enemies":"Maw","floor":41.0,"turns":7.0},{"damage":0.0,"enemies":"Writhing Mass","floor":44.0,"turns":7.0},{"damage":42.0,"enemies":"Awakened One","floor":50.0,"turns":13.0},{"damage":10.0,"enemies":"Donu and Deca","floor":51.0,"turns":10.0},{"damage":55,"enemies":"Shield and Spear","floor":55,"turns":5}],"seed_played":"2174468595939432982","potions_obtained":[{"floor":5.0,"key":"SpeedPotion"},{"floor":6.0,"key":"Ancient Potion"},{"floor":8.0,"key":"Energy Potion"},{"floor":18.0,"key":"SmokeBomb"},{"floor":21.0,"key":"Strength Potion"},{"floor":27.0,"key":"Regen Potion"},{"floor":31.0,"key":"Energy Potion"},{"floor":33.0,"key":"FocusPotion"}],"is_trial":false,"path_per_floor":["M","M","?","?","M","E","M","E","T","R","M","R","M","?","R","B",null,"M","?","M","M","?","R","M","R","T","?","M","$","M","E","R","B",null,"M","?","M","$","M","E","M","T","T","M","R","?","R","$","R","B","B",null,"R","$","E"],"character_chosen":"DEFECT","items_purchased":["Capacitor+1","Runic Capacitor","Chill","Ball Lightning","Bag of Preparation"],"campfire_rested":0,"item_purchase_floors":[29,29,29,29,38],"current_hp_per_floor":[60,53,53,53,53,43,36,26,26,26,26,26,26,26,26,23,59,50,50,40,40,54,54,53,53,53,53,53,53,48,55,55,19,58,60,60,62,62,64,66,67,67,67,67,67,57,57,57,57,17,9,53,53,53,0],"gold":33,"neow_bonus":"UPGRADE_CARD","is_prod":false,"is_daily":false,"chose_seed":false,"campfire_upgraded":9,"win_rate":0,"timestamp":1561217480,"path_taken":["M","M","?","?","M","E","M","E","T","R","?","R","M","?","R","BOSS","M","?","M","M","?","R","M","R","T","?","M","$","M","E","R","BOSS","M","?","M","?","?","E","M","?","T","M","R","?","R","$","R","BOSS","BOSS","R","$","E"],"build_version":"2019-01-23","purchased_purges":2,"victory":false,"max_hp_per_floor":[71,71,71,71,71,71,71,71,71,71,71,71,71,71,71,71,71,71,71,71,71,71,71,71,71,71,71,71,71,71,71,71,71,71,71,67,67,67,67,67,67,67,67,67,67,67,67,67,67,67,67,67,67,67,67],"card_choices":[{"not_picked":["Self Repair","Leap"],"picked":"Go for the Eyes","floor":1.0},{"not_picked":["Gash","Redo"],"picked":"BootSequence","floor":2.0},{"not_picked":["Barrage","Turbo"],"picked":"Streamline","floor":5.0},{"not_picked":["Capacitor","Coolheaded"],"picked":"Electrodynamics","floor":6.0},{"not_picked":["Force Field","Self Repair"],"picked":"Go for the Eyes","floor":7.0},{"not_picked":["Redo","Rebound"],"picked":"Chill","floor":8.0},{"not_picked":["Chaos","Chill"],"picked":"Conserve Battery","floor":11.0},{"not_picked":["Ball Lightning","Sweeping Beam"],"picked":"Biased Cognition+1","floor":13.0},{"not_picked":["White Noise","Chaos"],"picked":"Leap","floor":14.0},{"not_picked":["Multi-Cast","Meteor Strike"],"picked":"Electrodynamics+1","floor":16.0},{"not_picked":["Compile Driver","Redo"],"picked":"Coolheaded+1","floor":18.0},{"not_picked":["Auto Shields","Blizzard+1"],"picked":"Compile Driver","floor":20.0},{"not_picked":["Meteor Strike","Stack"],"picked":"Ball Lightning","floor":21.0},{"not_picked":["Conserve Battery","Barrage"],"picked":"Consume+1","floor":24.0},{"not_picked":["Consume","Sweeping Beam"],"picked":"FTL+1","floor":28.0},{"not_picked":["Conserve Battery","Rebound"],"picked":"Buffer+1","floor":30.0},{"not_picked":["Leap","Streamline","Go for the Eyes"],"picked":"SKIP","floor":31.0},{"not_picked":["Hyperbeam","Fission"],"picked":"Meteor Strike","floor":33.0},{"not_picked":["Auto Shields","Steam+1"],"picked":"Barrage","floor":35.0},{"not_picked":["Scrape","Self Repair+1"],"picked":"Hologram+1","floor":37.0},{"not_picked":["Gash","Cold Snap"],"picked":"Chaos+1","floor":39.0},{"not_picked":["Hologram","Leap"],"picked":"Skim+1","floor":40.0},{"not_picked":["Cold Snap","Aggregate+1","Rebound"],"picked":"SKIP","floor":41.0},{"not_picked":["Barrage","Redo+1"],"picked":"Coolheaded","floor":44.0}],"player_experience":1205531,"relics_obtained":[{"floor":6.0,"key":"Omamori"},{"floor":8.0,"key":"Dead Branch"},{"floor":9.0,"key":"Frozen Egg 2"},{"floor":14.0,"key":"Odd Mushroom"},{"floor":26.0,"key":"MawBank"},{"floor":31.0,"key":"Blood Vial"},{"floor":40.0,"key":"Ancient Tea Set"},{"floor":43.0,"key":"Vajra"}],"event_choices":[{"damage_healed":0.0,"max_hp_gain":0.0,"max_hp_loss":0.0,"gold_gain":0.0,"event_name":"Liars Game","player_choice":"Ignored","floor":3.0,"gold_loss":0.0,"damage_taken":0.0},{"damage_healed":0.0,"max_hp_gain":0.0,"max_hp_loss":0.0,"gold_gain":0.0,"event_name":"Match and Keep!","player_choice":"1 cards matched","floor":4.0,"gold_loss":0.0,"damage_taken":0.0,"cards_obtained":["Buffer"]},{"damage_healed":0.0,"max_hp_gain":0.0,"max_hp_loss":0.0,"gold_gain":0.0,"event_name":"Mushrooms","player_choice":"Fought Mushrooms","floor":14.0,"gold_loss":0.0,"damage_taken":0.0},{"damage_healed":0.0,"max_hp_gain":0.0,"max_hp_loss":0.0,"gold_gain":0.0,"event_name":"The Mausoleum","player_choice":"Opened","floor":19.0,"gold_loss":0.0,"damage_taken":0.0,"relics_obtained":["Oddly Smooth Stone"],"cards_obtained":["Writhe"]},{"damage_healed":14.0,"max_hp_gain":0.0,"max_hp_loss":0.0,"gold_gain":0.0,"event_name":"The Library","player_choice":"Heal","floor":22.0,"gold_loss":0.0,"damage_taken":0.0},{"damage_healed":0.0,"max_hp_gain":0.0,"max_hp_loss":0.0,"gold_gain":0.0,"event_name":"Lab","player_choice":"Got Potions","floor":27.0,"gold_loss":0.0,"damage_taken":0.0},{"damage_healed":0.0,"max_hp_gain":0.0,"max_hp_loss":4.0,"gold_gain":0.0,"event_name":"Winding Halls","player_choice":"Max HP","floor":36.0,"gold_loss":0.0,"damage_taken":0.0},{"damage_healed":0.0,"max_hp_gain":0.0,"max_hp_loss":0.0,"gold_gain":0.0,"event_name":"SensoryStone","player_choice":"Memory 3","floor":46.0,"gold_loss":0.0,"damage_taken":10.0}],"is_beta":false,"boss_relics":[{"not_picked":["Ectoplasm","Runic Pyramid"],"picked":"Nuclear Battery"},{"not_picked":["Inserter","Pandora\u0027s Box"],"picked":"Empty Cage"}],"items_purged_floors":[29,48],"is_endless":false,"potions_floor_spawned":[5,6,8,18,21,28,31,33,39,40,44],"killed_by":"Shield and Spear","ascension_level":20}