{"gold_per_floor":[117,132,149,149,163,163,193,193,220,235,3,61,71,89,89,164,164,175,192,244,259,309,336,35,35,62,62,12,27,27,55,55,55],"floor_reached":33,"playtime":2423,"items_purged":["Strike_R"],"score":545,"play_id":"6624ad91-ce80-44d3-96e1-5f9e9969d2a4","local_time":"20190831183115","is_ascension_mode":true,"campfire_choices":[{"data":"Uppercut","floor":6,"key":"SMITH"},{"data":"Bash","floor":8,"key":"SMITH"},{"data":"Bludgeon","floor":15,"key":"SMITH"},{"floor":25,"key":"REST"},{"floor":27,"key":"REST"},{"floor":32,"key":"REST"}],"neow_cost":"NONE","seed_source_timestamp":184728238538800,"circlet_count":0,"master_deck":["AscendersBane","Strike_R","Strike_R","Strike_R","Strike_R","Defend_R+1","Defend_R","Defend_R","Bash+1","Uppercut+1","Second Wind","Shrug It Off+1","Reaper","Flex","Inflame","Bludgeon+1","Headbutt","Feed","Twin Strike","Apotheosis","Shrug It Off","Writhe","Burning Pact"],"relics":["Burning Blood","War Paint","Happy Flower","Tiny Chest","Fusion Hammer","Smiling Mask","Juzu Bracelet","Bag of Marbles","Ginger","Mercury Hourglass"],"potions_floor_usage":[7,11,12,23,23,33],"damage_taken":[{"damage":14,"enemies":"Jaw Worm","floor":1,"turns":3},{"damage":1,"enemies":"Cultist","floor":2,"turns":3},{"damage":0,"enemies":"Small Slimes","floor":3,"turns":3},{"damage":33,"enemies":"Gremlin Gang","floor":5,"turns":7},{"damage":17,"enemies":"Lagavulin","floor":7,"turns":5},{"damage":0,"enemies":"Looter","floor":10,"turns":3},{"damage":10,"enemies":"3 Sentries","floor":12,"turns":6},{"damage":0,"enemies":"Large Slime","floor":13,"turns":2},{"damage":6,"enemies":"3 Louse","floor":14,"turns":3},{"damage":25,"enemies":"Slime Boss","floor":16,"turns":4},{"damage":12,"enemies":"Shell Parasite","floor":18,"turns":3},{"damage":46,"enemies":"2 Thieves","floor":19,"turns":5},{"damage":6,"enemies":"Centurion and Healer","floor":21,"turns":6},{"damage":15,"enemies":"Book of Stabbing","floor":23,"turns":5},{"damage":27,"enemies":"Sentry and Sphere","floor":29,"turns":4},{"damage":47,"enemies":"Gremlin Leader","floor":31,"turns":5},{"damage":105,"enemies":"Automaton","floor":33,"turns":8}],"seed_played":"2791421633308980393","potions_obtained":[{"floor":3,"key":"SneckoOil"},{"floor":5,"key":"Strength Potion"},{"floor":10,"key":"Fruit Juice"},{"floor":12,"key":"EssenceOfSteel"},{"floor":14,"key":"PowerPotion"},{"floor":18,"key":"GamblersBrew"}],"is_trial":false,"path_per_floor":["M","M","M","?","M","R","E","R","T","M","$","E","M","M","R","B",null,"M","M","T","M","?","E","$","R","T","R","$","M","?","E","R","B"],"character_chosen":"IRONCLAD","items_purchased":["Fire Potion","Inflame","Bludgeon","Apotheosis","Shrug It Off","SteroidPotion"],"campfire_rested":3,"item_purchase_floors":[11,11,11,24,24,24],"current_hp_per_floor":[67,72,78,78,51,51,40,40,40,46,51,47,53,65,65,46,77,71,31,31,43,43,34,34,61,61,88,88,70,70,69,97,0],"gold":55,"neow_bonus":"TEN_PERCENT_HP_BONUS","is_prod":false,"is_daily":false,"chose_seed":false,"campfire_upgraded":3,"win_rate":0,"timestamp":1567243875,"path_taken":["M","M","M","?","M","R","E","R","T","M","$","E","M","M","R","BOSS","M","M","?","M","?","E","$","R","T","R","$","M","?","E","R","BOSS"],"build_version":"2019-07-17","purchased_purges":1,"victory":false,"max_hp_per_floor":[82,82,82,82,82,82,82,82,82,82,87,87,87,87,87,87,87,87,87,87,90,90,90,90,90,90,90,90,93,93,97,97,97],"card_choices":[{"not_picked":["Clothesline","Power Through"],"picked":"Uppercut","floor":1},{"not_picked":["Heavy Blade","Thunderclap"],"picked":"Second Wind","floor":2},{"not_picked":["Iron Wave","Rampage"],"picked":"Shrug It Off","floor":3},{"not_picked":["Combust","Bloodletting","Warcry"],"picked":"SKIP","floor":5},{"not_picked":["Perfected Strike","Sever Soul"],"picked":"Reaper","floor":7},{"not_picked":["Rampage","Headbutt"],"picked":"Flex","floor":10},{"not_picked":["Juggernaut","Havoc","Pommel Strike"],"picked":"SKIP","floor":12},{"not_picked":["Clash","Perfected Strike","Iron Wave"],"picked":"SKIP","floor":13},{"not_picked":["Body Slam","Heavy Blade"],"picked":"Headbutt","floor":14},{"not_picked":["Dark Embrace","Berserk"],"picked":"Feed","floor":16},{"not_picked":["Flex","Wild Strike","Body Slam"],"picked":"SKIP","floor":18},{"not_picked":["Carnage","True Grit","Iron Wave"],"picked":"SKIP","floor":19},{"not_picked":["Flex","Blood for Blood","Heavy Blade"],"picked":"SKIP","floor":21},{"not_picked":["Rage","Armaments"],"picked":"Twin Strike","floor":23},{"not_picked":["Wild Strike","Thunderclap","Clash"],"picked":"SKIP","floor":29},{"not_picked":["Anger","Warcry+1"],"picked":"Burning Pact","floor":31}],"player_experience":520309,"relics_obtained":[{"floor":7,"key":"War Paint"},{"floor":9,"key":"Happy Flower"},{"floor":12,"key":"Tiny Chest"},{"floor":20,"key":"Smiling Mask"},{"floor":23,"key":"Juzu Bracelet"},{"floor":26,"key":"Bag of Marbles"},{"floor":31,"key":"Mercury Hourglass"}],"event_choices":[{"cards_removed":["Defend_R"],"damage_healed":0,"gold_gain":0,"player_choice":"Offered Basic","damage_taken":0,"max_hp_gain":0,"max_hp_loss":0,"event_name":"Bonfire Elementals","floor":4,"gold_loss":0},{"damage_healed":0,"gold_gain":50,"player_choice":"Pray","damage_taken":0,"max_hp_gain":0,"max_hp_loss":0,"event_name":"Golden Shrine","floor":22,"gold_loss":0},{"damage_healed":0,"gold_gain":0,"player_choice":"Opened","damage_taken":0,"relics_obtained":["Ginger"],"max_hp_gain":0,"max_hp_loss":0,"event_name":"The Mausoleum","floor":30,"gold_loss":0,"cards_obtained":["Writhe"]}],"is_beta":false,"boss_relics":[{"not_picked":["Orrery","Busted Crown"],"picked":"Fusion Hammer"}],"items_purged_floors":[28],"is_endless":false,"potions_floor_spawned":[3,5,10,12,14,18,19],"killed_by":"Automaton","ascension_level":15}