{"gold_per_floor":[130,154,184,211,239,277,289,11,36,47,60,87,87,117,117,189,189,205,224,24,24,40,40,67,82,159,159,182,182,211,211,211,211],"floor_reached":33,"playtime":1145,"items_purged":["Defend_G","Strike_G"],"score":664,"play_id":"bb224004-21e3-4e38-9a74-e316df47e1a9","local_time":"20190702212953","is_ascension_mode":true,"campfire_choices":[{"floor":7,"key":"REST"},{"floor":13,"key":"REST"},{"data":"Well Laid Plans","floor":15,"key":"SMITH"},{"floor":23,"key":"REST"},{"data":"Finisher","floor":27,"key":"SMITH"},{"floor":29,"key":"REST"},{"floor":32,"key":"REST"}],"neow_cost":"NONE","seed_source_timestamp":1040604911241400,"circlet_count":0,"master_deck":["AscendersBane","Strike_G","Strike_G","Strike_G","Strike_G","Defend_G","Defend_G","Defend_G","Defend_G","Survivor","Neutralize","Dagger Spray","All Out Attack","Dash","Dash","Finisher+1","Backstab","Well Laid Plans+1","Crippling Poison","Cloak And Dagger","PiercingWail","Die Die Die","Poisoned Stab","Finesse","Dagger Spray","Deadly Poison","Heel Hook+1"],"relics":["Ring of the Snake","MawBank","Ancient Tea Set","Vajra","Oddly Smooth Stone","PreservedInsect","Snake Skull","Sozu","Orichalcum","Ornamental Fan","Strawberry","Omamori"],"potions_floor_usage":[6,6,15,16,24],"damage_taken":[{"damage":6,"enemies":"Cultist","floor":1,"turns":6},{"damage":6,"enemies":"2 Louse","floor":2,"turns":3},{"damage":0,"enemies":"Jaw Worm","floor":3,"turns":4},{"damage":16,"enemies":"Gremlin Gang","floor":4,"turns":3},{"damage":0,"enemies":"Blue Slaver","floor":5,"turns":4},{"damage":22,"enemies":"Lagavulin","floor":6,"turns":5},{"damage":0,"enemies":"Looter","floor":10,"turns":1},{"damage":0,"enemies":"Large Slime","floor":11,"turns":3},{"damage":13,"enemies":"Gremlin Nob","floor":12,"turns":4},{"damage":0,"enemies":"3 Sentries","floor":14,"turns":6},{"damage":4,"enemies":"Slime Boss","floor":16,"turns":8},{"damage":8,"enemies":"2 Thieves","floor":18,"turns":3},{"damage":14,"enemies":"Spheric Guardian","floor":19,"turns":4},{"damage":5,"enemies":"3 Cultists","floor":22,"turns":4},{"damage":17,"enemies":"Book of Stabbing","floor":24,"turns":5},{"damage":10,"enemies":"Snake Plant","floor":25,"turns":4},{"damage":2,"enemies":"Slavers","floor":30,"turns":3},{"damage":68,"enemies":"Champ","floor":33,"turns":10}],"seed_played":"3971520638716727541","potions_obtained":[{"floor":4,"key":"Fire Potion"},{"floor":5,"key":"FearPotion"},{"floor":6,"key":"Dexterity Potion"},{"floor":14,"key":"Fruit Juice"},{"floor":16,"key":"PowerPotion"}],"is_trial":false,"path_per_floor":["M","M","M","M","M","E","R","$","T","M","M","E","R","E","R","B",null,"M","M","$","$","M","R","E","M","T","R","T","R","E","?","R","B"],"character_chosen":"THE_SILENT","items_purchased":["Vajra","Fire Potion","Finesse"],"campfire_rested":5,"item_purchase_floors":[8,8,20],"current_hp_per_floor":[53,47,47,31,31,9,28,28,28,28,28,15,34,34,39,35,62,54,40,40,40,35,56,39,29,29,29,36,59,57,35,59,0],"gold":211,"neow_bonus":"RANDOM_COMMON_RELIC","is_prod":false,"is_daily":false,"chose_seed":false,"campfire_upgraded":2,"win_rate":0,"timestamp":1562117393,"path_taken":["M","M","M","?","?","E","R","$","T","M","M","E","R","E","R","BOSS","M","M","?","$","M","R","E","M","T","R","?","R","E","?","R","BOSS"],"build_version":"2019-07-01","purchased_purges":2,"victory":false,"max_hp_per_floor":[66,66,66,66,66,66,66,66,66,66,66,66,66,66,71,71,71,71,71,71,71,71,71,71,71,71,71,78,78,78,83,83,83],"card_choices":[{"not_picked":["Slice","Calculated Gamble"],"picked":"Dagger Spray","floor":1},{"not_picked":["Concentrate","Terror"],"picked":"All Out Attack","floor":2},{"not_picked":["Prepared","Blur"],"picked":"Dash","floor":3},{"not_picked":["Eviscerate","Cloak And Dagger"],"picked":"Dash","floor":4},{"not_picked":["Prepared","Backflip"],"picked":"Finisher","floor":5},{"not_picked":["Blur","Dodge and Roll"],"picked":"Backstab","floor":6},{"not_picked":["Outmaneuver","Skewer"],"picked":"Well Laid Plans","floor":10},{"not_picked":["Accuracy","Malaise"],"picked":"Crippling Poison","floor":11},{"not_picked":["Riddle With Holes","Dodge and Roll"],"picked":"Cloak And Dagger","floor":12},{"not_picked":["Cloak And Dagger","Slice"],"picked":"PiercingWail","floor":14},{"not_picked":["Venomology","Tools of the Trade"],"picked":"Die Die Die","floor":16},{"not_picked":["Leg Sweep","Calculated Gamble"],"picked":"Poisoned Stab","floor":18},{"not_picked":["Masterful Stab","Skewer","Slice"],"picked":"SKIP","floor":19},{"not_picked":["Eviscerate","Acrobatics"],"picked":"Dagger Spray","floor":22},{"not_picked":["Setup+1","Tactician"],"picked":"Deadly Poison","floor":24},{"not_picked":["Concentrate","Dagger Spray","Quick Slash"],"picked":"SKIP","floor":25},{"not_picked":["Cloak And Dagger","Blade Dance"],"picked":"Heel Hook+1","floor":30}],"player_experience":1265082,"relics_obtained":[{"floor":6,"key":"Ancient Tea Set"},{"floor":9,"key":"Oddly Smooth Stone"},{"floor":12,"key":"PreservedInsect"},{"floor":14,"key":"Snake Skull"},{"floor":24,"key":"Orichalcum"},{"floor":26,"key":"Ornamental Fan"},{"floor":28,"key":"Strawberry"},{"floor":30,"key":"Omamori"}],"event_choices":[{"damage_healed":0,"gold_gain":0,"player_choice":"Shed Blood","damage_taken":27,"max_hp_gain":5,"max_hp_loss":0,"event_name":"Forgotten Altar","floor":31,"gold_loss":0}],"is_beta":false,"boss_relics":[{"not_picked":["Orrery","Pandora\u0027s Box"],"picked":"Sozu"}],"items_purged_floors":[8,20],"is_endless":false,"potions_floor_spawned":[4,5,6,14,16,19,22,30],"killed_by":"Champ","ascension_level":20}