{"gold_per_floor":[119,41,59,59,76,76,92,92,92,92,92,92,119,154,154,255,255,274,293,51,63,77,77,104,104,104,104,122,132,57,85,85,181,181,197,197,215,2,17,17,49,61,73,111,88,88,88,88,88,88],"floor_reached":51,"playtime":2419,"items_purged":["Strike_G"],"score":766,"play_id":"e5f4ed1a-28dd-4cd9-989e-4c8765564d08","local_time":"20190811185029","is_ascension_mode":false,"campfire_choices":[{"data":"Dagger Spray","floor":6,"key":"SMITH"},{"data":"Neutralize","floor":8,"key":"SMITH"},{"data":"Noxious Fumes","floor":10,"key":"SMITH"},{"data":"Masterful Stab","floor":12,"key":"SMITH"},{"data":"Survivor","floor":15,"key":"SMITH"},{"data":"Adrenaline","floor":23,"key":"SMITH"},{"data":"Noxious Fumes","floor":25,"key":"SMITH"},{"data":"Finesse","floor":27,"key":"SMITH"},{"data":"Defend_G","floor":32,"key":"SMITH"},{"data":"Magnetism","floor":40,"key":"SMITH"},{"data":"Caltrops","floor":42,"key":"SMITH"},{"floor":46,"key":"REST"},{"floor":49,"key":"REST"}],"neow_cost":"NONE","seed_source_timestamp":1774463974781900,"circlet_count":0,"master_deck":["Strike_G+1","Strike_G","Strike_G","Defend_G+1","Defend_G","Defend_G+1","Defend_G","Defend_G","Survivor+1","Neutralize+1","Backstab+1","Masterful Stab+1","Dagger Spray+1","Noxious Fumes+1","Acrobatics","Adrenaline+1","Finesse+1","Noxious Fumes+1","Dodge and Roll+1","Quick Slash+1","Dodge and Roll","Magnetism+1","Escape Plan","Caltrops+1","Escape Plan+1","Terror+1","Footwork+1","PiercingWail","Master of Strategy","Flash of Steel","Panacea"],"relics":["Ring of the Snake","Bronze Scales","Sundial","Lantern","Ornamental Fan","Busted Crown","Juzu Bracelet","Art of War","Pen Nib","Sozu","MawBank","Frozen Egg 2","Bottled Tornado"],"potions_floor_usage":[24,44,44,50],"damage_taken":[{"damage":0,"enemies":"Cultist","floor":1,"turns":4},{"damage":0,"enemies":"Small Slimes","floor":3,"turns":3},{"damage":0,"enemies":"Jaw Worm","floor":5,"turns":1},{"damage":0,"enemies":"Blue Slaver","floor":7,"turns":2},{"damage":6,"enemies":"Gremlin Nob","floor":14,"turns":3},{"damage":6,"enemies":"Hexaghost","floor":16,"turns":8},{"damage":0,"enemies":"Spheric Guardian","floor":18,"turns":1},{"damage":1,"enemies":"2 Thieves","floor":19,"turns":3},{"damage":0,"enemies":"Chosen and Byrds","floor":21,"turns":4},{"damage":3,"enemies":"Snake Plant","floor":22,"turns":4},{"damage":1,"enemies":"Book of Stabbing","floor":24,"turns":5},{"damage":5,"enemies":"3 Cultists","floor":28,"turns":4},{"damage":0,"enemies":"Chosen and Byrds","floor":29,"turns":3},{"damage":0,"enemies":"Gremlin Leader","floor":31,"turns":4},{"damage":31,"enemies":"Champ","floor":33,"turns":13},{"damage":0,"enemies":"3 Shapes","floor":35,"turns":4},{"damage":0,"enemies":"3 Darklings","floor":37,"turns":4},{"damage":0,"enemies":"Transient","floor":39,"turns":5},{"damage":3,"enemies":"Giant Head","floor":41,"turns":9},{"damage":18,"enemies":"Nemesis","floor":44,"turns":9},{"damage":14,"enemies":"Awakened One","floor":50,"turns":13}],"seed_played":"1172617396968533024","potions_obtained":[{"floor":1,"key":"Weak Potion"},{"floor":5,"key":"GhostInAJar"},{"floor":16,"key":"AttackPotion"},{"floor":24,"key":"Energy Potion"},{"floor":31,"key":"Block Potion"}],"is_trial":false,"path_per_floor":["M","$","M","?","M","R","M","R","T","R","?","R","T","E","R","B",null,"M","M","$","M","M","R","E","R","T","R","M","M","?","E","R","B",null,"M","?","M","$","M","R","E","R","T","E","$","R","?","?","R","B",null],"character_chosen":"THE_SILENT","items_purchased":["Backstab","Finesse","Noxious Fumes","Magnetism","Escape Plan","Footwork+1"],"campfire_rested":2,"item_purchase_floors":[2,20,20,38,38,45],"current_hp_per_floor":[70,70,70,70,70,70,70,70,70,70,56,56,56,50,50,44,70,70,69,69,69,66,66,65,65,65,65,60,60,60,60,60,29,70,70,70,70,70,70,70,67,67,67,49,49,70,70,60,70,56],"gold":88,"neow_bonus":"RANDOM_COMMON_RELIC","is_prod":false,"is_daily":false,"chose_seed":false,"campfire_upgraded":11,"win_rate":1,"timestamp":1565517029,"path_taken":["M","?","M","?","M","R","M","R","T","R","?","R","?","E","R","BOSS","M","M","$","M","M","R","E","R","T","R","M","M","?","E","R","BOSS","M","?","M","$","M","R","E","R","T","E","$","R","?","?","R","BOSS"],"build_version":"2019-07-17","purchased_purges":1,"victory":true,"max_hp_per_floor":[70,70,70,70,70,70,70,70,70,70,70,70,70,70,70,70,70,70,70,70,70,70,70,70,70,70,70,70,70,70,70,70,70,70,70,70,70,70,70,70,70,70,70,70,70,70,70,70,70,70],"card_choices":[{"not_picked":["Caltrops","Prepared"],"picked":"Infinite Blades","floor":1},{"not_picked":["Riddle With Holes","Outmaneuver"],"picked":"Masterful Stab","floor":3},{"not_picked":["Tactician","Dodge and Roll"],"picked":"Dagger Spray","floor":5},{"not_picked":["Bane","Concentrate"],"picked":"Noxious Fumes","floor":7},{"not_picked":["Underhanded Strike","Quick Slash"],"picked":"Acrobatics","floor":14},{"not_picked":["Burst","Venomology"],"picked":"Adrenaline","floor":16},{"not_picked":["Setup"],"picked":"SKIP","floor":18},{"not_picked":["Accuracy"],"picked":"SKIP","floor":19},{"not_picked":[],"picked":"Dodge and Roll+1","floor":21},{"not_picked":["Blade Dance"],"picked":"SKIP","floor":22},{"not_picked":[],"picked":"Quick Slash+1","floor":24},{"not_picked":["Dagger Spray"],"picked":"SKIP","floor":28},{"not_picked":["Quick Slash+1"],"picked":"SKIP","floor":29},{"not_picked":["Eviscerate"],"picked":"SKIP","floor":31},{"not_picked":[],"picked":"Dodge and Roll","floor":35},{"not_picked":["Quick Slash"],"picked":"SKIP","floor":37},{"not_picked":[],"picked":"Caltrops","floor":39},{"not_picked":[],"picked":"Escape Plan+1","floor":41},{"not_picked":[],"picked":"Terror+1","floor":44},{"not_picked":[],"picked":"Master of Strategy","floor":48},{"not_picked":[],"picked":"Flash of Steel","floor":48},{"not_picked":[],"picked":"Panacea","floor":48}],"player_experience":139469,"relics_obtained":[{"floor":9,"key":"Sundial"},{"floor":13,"key":"Lantern"},{"floor":14,"key":"Ornamental Fan"},{"floor":24,"key":"Juzu Bracelet"},{"floor":26,"key":"Art of War"},{"floor":31,"key":"Pen Nib"},{"floor":41,"key":"MawBank"},{"floor":43,"key":"Frozen Egg 2"},{"floor":44,"key":"Bottled Tornado"}],"event_choices":[{"damage_healed":0,"gold_gain":0,"player_choice":"Grow","damage_taken":0,"max_hp_gain":0,"max_hp_loss":0,"event_name":"Living Wall","floor":4,"gold_loss":0,"cards_upgraded":["Backstab"]},{"damage_healed":0,"gold_gain":0,"player_choice":"Entered Light","damage_taken":14,"max_hp_gain":0,"max_hp_loss":0,"event_name":"Shining Light","floor":11,"gold_loss":0,"cards_upgraded":["Strike_G","Defend_G"]},{"cards_removed":["Strike_G"],"damage_healed":0,"gold_gain":0,"player_choice":"Gave Gold","damage_taken":0,"max_hp_gain":0,"max_hp_loss":0,"event_name":"Beggar","floor":30,"gold_loss":75},{"cards_removed":["Infinite Blades"],"damage_healed":0,"gold_gain":0,"player_choice":"Removed Power","damage_taken":0,"max_hp_gain":0,"max_hp_loss":0,"event_name":"Falling","floor":36,"gold_loss":0},{"damage_healed":0,"gold_gain":0,"player_choice":"1 cards matched","damage_taken":0,"max_hp_gain":0,"max_hp_loss":0,"event_name":"Match and Keep!","floor":47,"gold_loss":0,"cards_obtained":["PiercingWail"]},{"damage_healed":0,"gold_gain":0,"player_choice":"Memory 3","damage_taken":10,"max_hp_gain":0,"max_hp_loss":0,"event_name":"SensoryStone","floor":48,"gold_loss":0}],"is_beta":false,"boss_relics":[{"not_picked":["White Beast Statue","HoveringKite"],"picked":"Busted Crown"},{"not_picked":["Coffee Dripper","Empty Cage"],"picked":"Sozu"}],"items_purged_floors":[20],"is_endless":false,"potions_floor_spawned":[1,5,16,19,24,29,31,41],"ascension_level":0}