{"gold_per_floor":[213,213,233,29,29,29,42,72,72,88,88,98,98,126,126,205,205,225,56,56,56,70,70,97,112,191,31,31,62,97,114,114,188,188,203,217,229,451,471,471,491,491,514,514,514,545,545,309,309,309,309],"floor_reached":51,"playtime":2113,"items_purged":["Strike_B","Strike_B"],"score":1421,"play_id":"1ed60076-f67f-44a5-80a7-d43cdf3d5dd9","local_time":"20190717184835","is_ascension_mode":true,"campfire_choices":[{"data":"Genetic Algorithm","floor":6.0,"key":"SMITH"},{"floor":11.0,"key":"REST"},{"data":"Go for the Eyes","floor":15.0,"key":"SMITH"},{"data":"Dualcast","floor":23.0,"key":"SMITH"},{"data":"Defragment","floor":28.0,"key":"SMITH"},{"floor":32.0,"key":"REST"},{"data":"Capacitor","floor":40.0,"key":"SMITH"},{"floor":42.0,"key":"RECALL"},{"data":"Seek","floor":44.0,"key":"SMITH"},{"floor":47.0,"key":"REST"},{"data":"Loop","floor":49,"key":"SMITH"}],"neow_cost":"NONE","seed_source_timestamp":265263544785799,"circlet_count":0,"master_deck":["AscendersBane","Strike_B","Strike_B","Defend_B","Defend_B","Defend_B","Defend_B","Zap+1","Dualcast+1","Go for the Eyes+1","Gash+1","Genetic Algorithm+1","Sweeping Beam+1","Compile Driver+1","Rip and Tear+1","Doom and Gloom+1","Beam Cell+1","Conserve Battery","Echo Form","Coolheaded+1","Cold Snap+1","Capacitor+1","Defragment+1","Seek+1","Coolheaded","Sunder+1","Electrodynamics","Undo","Loop+1"],"special_seed":0,"relics":["Cracked Core","Molten Egg 2","Ancient Tea Set","Bottled Flame","Philosopher\u0027s Stone","DataDisk","Symbiotic Virus","Pantograph","Singing Bowl","Red Mask","Busted Crown","Lantern","Strawberry"],"potions_floor_usage":[50,51],"damage_taken":[{"damage":7.0,"enemies":"Cultist","floor":1.0,"turns":4.0},{"damage":2.0,"enemies":"Small Slimes","floor":3.0,"turns":3.0},{"damage":1.0,"enemies":"2 Louse","floor":7.0,"turns":3.0},{"damage":26.0,"enemies":"Lagavulin","floor":8.0,"turns":5.0},{"damage":13.0,"enemies":"Exordium Thugs","floor":10.0,"turns":3.0},{"damage":8.0,"enemies":"Blue Slaver","floor":12.0,"turns":3.0},{"damage":16.0,"enemies":"3 Sentries","floor":14.0,"turns":6.0},{"damage":5.0,"enemies":"Hexaghost","floor":16.0,"turns":6.0},{"damage":12.0,"enemies":"2 Thieves","floor":18.0,"turns":2.0},{"damage":0.0,"enemies":"Shell Parasite","floor":22.0,"turns":2.0},{"damage":20.0,"enemies":"Gremlin Leader","floor":24.0,"turns":5.0},{"damage":0.0,"enemies":"Centurion and Healer","floor":25.0,"turns":3.0},{"damage":13.0,"enemies":"Slavers","floor":29.0,"turns":5.0},{"damage":0.0,"enemies":"Masked Bandits","floor":30.0,"turns":2.0},{"damage":14.0,"enemies":"Shelled Parasite and Fungi","floor":31.0,"turns":4.0},{"damage":8.0,"enemies":"Collector","floor":33.0,"turns":11.0},{"damage":0.0,"enemies":"3 Darklings","floor":35.0,"turns":3.0},{"damage":0.0,"enemies":"Orb Walker","floor":36.0,"turns":1.0},{"damage":1.0,"enemies":"Maw","floor":37.0,"turns":6.0},{"damage":1.0,"enemies":"Spire Growth","floor":39.0,"turns":5.0},{"damage":27.0,"enemies":"Writhing Mass","floor":41.0,"turns":9.0},{"damage":44.0,"enemies":"Nemesis","floor":46.0,"turns":7.0},{"damage":36,"enemies":"Time Eater","floor":50,"turns":15},{"damage":62,"enemies":"Awakened One","floor":51,"turns":12}],"seed_played":"-8995329196750428629","potions_obtained":[{"floor":1.0,"key":"FearPotion"},{"floor":8.0,"key":"GamblersBrew"},{"floor":12.0,"key":"EssenceOfSteel"},{"floor":14.0,"key":"FocusPotion"},{"floor":18.0,"key":"SkillPotion"},{"floor":25.0,"key":"Strength Potion"},{"floor":31.0,"key":"EssenceOfSteel"},{"floor":35.0,"key":"Poison Potion"},{"floor":37.0,"key":"Energy Potion"}],"is_trial":false,"path_per_floor":["M","T","M","$","?","R","M","E","T","M","R","M","?","E","R","B",null,"M","$","?","?","M","R","E","M","T","$","R","E","?","M","R","B",null,"M","M","M","?","M","R","M","R","T","R","?","E","R","$","R","B","B"],"character_chosen":"DEFECT","items_purchased":["Genetic Algorithm","Sweeping Beam+1","DataDisk","Defragment","Regen Potion","Swift Potion","Loop"],"campfire_rested":3,"item_purchase_floors":[4,4,19,27,27,48,48],"current_hp_per_floor":[57,57,55,55,60,60,59,33,33,20,42,34,34,18,18,13,60,48,48,48,48,48,48,28,28,28,28,28,29,29,15,37,54,71,73,75,74,74,75,75,50,50,50,50,50,15,41,41,41,30,0],"gold":309,"neow_bonus":"HUNDRED_GOLD","is_prod":false,"is_daily":false,"chose_seed":false,"campfire_upgraded":7,"win_rate":0,"timestamp":1563403715,"path_taken":["M","?","M","$","?","R","M","E","T","M","R","M","?","E","R","BOSS","M","$","?","?","?","R","E","M","T","$","R","E","?","M","R","BOSS","M","M","M","?","M","R","M","R","T","R","?","E","R","$","R","BOSS","BOSS"],"build_version":"2019-07-05","purchased_purges":2,"victory":false,"max_hp_per_floor":[71,71,71,71,76,76,76,76,76,76,76,76,76,76,76,76,76,76,76,76,76,76,76,76,76,76,76,76,76,76,76,76,76,76,78,80,80,80,82,82,84,84,84,84,80,89,89,89,89,89,89],"card_choices":[{"not_picked":["Loop","Gash"],"picked":"Go for the Eyes","floor":1.0},{"not_picked":["BootSequence","Hologram"],"picked":"Gash+1","floor":3.0},{"not_picked":["Storm","Skim"],"picked":"Compile Driver+1","floor":7.0},{"not_picked":["Genetic Algorithm","Rainbow"],"picked":"Rip and Tear+1","floor":8.0},{"not_picked":["Redo","Tempest"],"picked":"Doom and Gloom+1","floor":10.0},{"not_picked":["Force Field","Barrage+1"],"picked":"Beam Cell+1","floor":12.0},{"not_picked":["Streamline+1","Aggregate"],"picked":"Conserve Battery","floor":14.0},{"not_picked":["Creative AI","Rainbow"],"picked":"Echo Form","floor":16.0},{"not_picked":["Blizzard+1","Aggregate"],"picked":"Coolheaded+1","floor":18.0},{"not_picked":["Skim","Steam"],"picked":"Cold Snap+1","floor":22.0},{"not_picked":["Steam","Auto Shields","Sweeping Beam+1"],"picked":"SKIP","floor":24.0},{"not_picked":["Stack","Force Field"],"picked":"Capacitor","floor":25.0},{"not_picked":["Stack","Chill"],"picked":"Seek","floor":29.0},{"not_picked":["Turbo","Ball Lightning+1"],"picked":"Coolheaded","floor":30.0},{"not_picked":["Steam+1","Gash+1"],"picked":"Sunder+1","floor":31.0},{"not_picked":["Meteor Strike+1","Creative AI"],"picked":"Electrodynamics","floor":33.0},{"not_picked":["Go for the Eyes+1"],"picked":"Singing Bowl","floor":35.0},{"not_picked":["Gash+1"],"picked":"Singing Bowl","floor":36.0},{"not_picked":[],"picked":"Undo","floor":37.0},{"not_picked":["Steam Power"],"picked":"Singing Bowl","floor":39.0},{"not_picked":["Stack+1"],"picked":"Singing Bowl","floor":41.0},{"not_picked":["Gash+1"],"picked":"Singing Bowl","floor":46.0}],"player_experience":1363478,"relics_obtained":[{"floor":2.0,"key":"Molten Egg 2"},{"floor":8.0,"key":"Ancient Tea Set"},{"floor":14.0,"key":"Bottled Flame"},{"floor":24.0,"key":"Symbiotic Virus"},{"floor":26.0,"key":"Pantograph"},{"floor":29.0,"key":"Singing Bowl"},{"floor":30.0,"key":"Red Mask"},{"floor":43.0,"key":"Lantern"},{"floor":46.0,"key":"Strawberry"}],"event_choices":[{"damage_healed":0.0,"max_hp_gain":5.0,"max_hp_loss":0.0,"gold_gain":0.0,"event_name":"Big Fish","player_choice":"Donut","floor":5.0,"gold_loss":0.0,"damage_taken":0.0},{"damage_healed":0.0,"max_hp_gain":0.0,"max_hp_loss":0.0,"gold_gain":0.0,"event_name":"Shining Light","player_choice":"Ignored","floor":13.0,"gold_loss":0.0,"damage_taken":0.0},{"damage_healed":0.0,"max_hp_gain":0.0,"max_hp_loss":0.0,"gold_gain":0.0,"event_name":"Ghosts","player_choice":"Ignored","floor":20.0,"gold_loss":0.0,"damage_taken":0.0},{"damage_healed":0.0,"max_hp_gain":0.0,"max_hp_loss":0.0,"gold_gain":0.0,"event_name":"Upgrade Shrine","player_choice":"Upgraded","floor":21.0,"gold_loss":0.0,"damage_taken":0.0,"cards_upgraded":["Zap"]},{"damage_healed":0.0,"max_hp_gain":0.0,"max_hp_loss":0.0,"gold_gain":0.0,"event_name":"Masked Bandits","player_choice":"Fought Bandits","floor":30.0,"gold_loss":0.0,"damage_taken":0.0},{"damage_healed":0.0,"max_hp_gain":0.0,"max_hp_loss":0.0,"gold_gain":222.0,"event_name":"Tomb of Lord Red Mask","player_choice":"Wore Mask","floor":38.0,"gold_loss":0.0,"damage_taken":0.0},{"damage_healed":0.0,"max_hp_gain":0.0,"max_hp_loss":4.0,"gold_gain":0.0,"event_name":"Winding Halls","player_choice":"Max HP","floor":45.0,"gold_loss":0.0,"damage_taken":0.0}],"is_beta":false,"boss_relics":[{"not_picked":["Runic Pyramid","Empty Cage"],"picked":"Philosopher\u0027s Stone"},{"not_picked":["Runic Dome","Cursed Key"],"picked":"Busted Crown"}],"items_purged_floors":[4,48],"is_endless":false,"potions_floor_spawned":[1,8,12,14,18,25,31,35,37],"killed_by":"Awakened One","ascension_level":20}