{"gold_per_floor":[119,119,119,131,141,141,158,158,158,172,183,183,248,273,273,369,369,386,386,45,56,82,82,109,109,190,190,201,227,154,14,14,115,115,135,135,148,158,177,177,210,210,210,310,310,320,339,52,52,52],"floor_reached":51,"playtime":2693,"items_purged":["Strike_G","Strike_G","Strike_G"],"score":840,"play_id":"48f908d2-22b2-427e-9552-62ff20c51387","local_time":"20190718214928","is_ascension_mode":false,"campfire_choices":[{"data":"Bouncing Flask","floor":6.0,"key":"SMITH"},{"data":"Bouncing Flask","floor":8.0,"key":"SMITH"},{"data":"Neutralize","floor":12.0,"key":"SMITH"},{"data":"Blade Dance","floor":15.0,"key":"SMITH"},{"data":"Footwork","floor":23.0,"key":"SMITH"},{"data":"Noxious Fumes","floor":25.0,"key":"SMITH"},{"data":"Corpse Explosion","floor":27.0,"key":"SMITH"},{"data":"Tools of the Trade","floor":32.0,"key":"SMITH"},{"data":"Leg Sweep","floor":40.0,"key":"SMITH"},{"floor":42,"key":"REST"},{"data":"Backflip","floor":45,"key":"SMITH"},{"data":"Well Laid Plans","floor":49,"key":"SMITH"}],"neow_cost":"NONE","seed_source_timestamp":673037628206819,"circlet_count":0,"master_deck":["Strike_G","Defend_G","Defend_G","Defend_G","Defend_G","Defend_G","Survivor","Neutralize+1","Flying Knee","Bouncing Flask+1","Bouncing Flask+1","Backflip+1","Leg Sweep+1","Backstab","Blade Dance+1","Dodge and Roll","Corpse Explosion+1","Footwork+1","Backflip","Backflip","Noxious Fumes+1","Tools of the Trade+1","Caltrops+1","Backflip+1","Riddle With Holes+1","Dodge and Roll+1","Riddle With Holes+1","Crippling Poison","Well Laid Plans+1","Leg Sweep"],"special_seed":0,"relics":["Ring of the Snake","Orichalcum","Pear","Kunai","Pantograph","Velvet Choker","Vajra","Red Mask","Boot","Bottled Lightning","MawBank","Anchor","Snecko Eye","Bag of Marbles","Sundial"],"potions_floor_usage":[50,50,50],"damage_taken":[{"damage":0.0,"enemies":"Jaw Worm","floor":1.0,"turns":4.0},{"damage":0.0,"enemies":"Small Slimes","floor":4.0,"turns":4.0},{"damage":0.0,"enemies":"Cultist","floor":5.0,"turns":4.0},{"damage":7.0,"enemies":"Large Slime","floor":7.0,"turns":9.0},{"damage":0.0,"enemies":"2 Fungi Beasts","floor":10.0,"turns":4.0},{"damage":0.0,"enemies":"Looter","floor":11.0,"turns":3.0},{"damage":8.0,"enemies":"3 Sentries","floor":13.0,"turns":6.0},{"damage":0.0,"enemies":"Gremlin Nob","floor":14.0,"turns":2.0},{"damage":8.0,"enemies":"Hexaghost","floor":16.0,"turns":9.0},{"damage":0.0,"enemies":"Chosen","floor":18.0,"turns":4.0},{"damage":0.0,"enemies":"Shell Parasite","floor":21.0,"turns":5.0},{"damage":0.0,"enemies":"Masked Bandits","floor":22.0,"turns":3.0},{"damage":12.0,"enemies":"Gremlin Leader","floor":24.0,"turns":7.0},{"damage":0.0,"enemies":"Snecko","floor":28.0,"turns":5.0},{"damage":14.0,"enemies":"Slavers","floor":29.0,"turns":2.0},{"damage":27.0,"enemies":"Collector","floor":33.0,"turns":9.0},{"damage":0.0,"enemies":"3 Shapes","floor":35.0,"turns":5.0},{"damage":8.0,"enemies":"3 Darklings","floor":37.0,"turns":4.0},{"damage":4.0,"enemies":"Sphere and 2 Shapes","floor":38.0,"turns":4.0},{"damage":3.0,"enemies":"Writhing Mass","floor":39.0,"turns":4.0},{"damage":36,"enemies":"Reptomancer","floor":41,"turns":7},{"damage":0,"enemies":"Spire Growth","floor":46,"turns":6},{"damage":0,"enemies":"Jaw Worm Horde","floor":47,"turns":4},{"damage":0,"enemies":"Donu and Deca","floor":50,"turns":7}],"seed_played":"1857378775304725167","potions_obtained":[{"floor":4.0,"key":"Regen Potion"},{"floor":5.0,"key":"Ancient Potion"},{"floor":7.0,"key":"Energy Potion"},{"floor":14.0,"key":"PowerPotion"},{"floor":35.0,"key":"Fire Potion"},{"floor":38.0,"key":"Block Potion"}],"is_trial":false,"path_per_floor":["M","?","?","M","M","R","M","R","T","M","M","R","?","E","R","B",null,"M","?","$","M","?","R","E","R","T","R","M","E","?","$","R","B",null,"M","?","M","M","M","R","E","R","T","?","R","M","M","$","R","B",null],"character_chosen":"THE_SILENT","items_purchased":["Footwork","Backflip","Vajra","SteroidPotion","Well Laid Plans","Leg Sweep","Weak Potion"],"campfire_rested":1,"item_purchase_floors":[20,20,20,31,48,48,48],"current_hp_per_floor":[70,70,70,70,70,70,63,63,73,73,73,73,65,65,65,72,80,80,80,80,80,80,80,80,80,80,80,80,66,66,66,66,53,80,80,80,72,68,65,65,29,53,53,53,53,53,53,53,53,78],"gold":52,"neow_bonus":"RANDOM_COMMON_RELIC","is_prod":false,"is_daily":false,"chose_seed":false,"campfire_upgraded":11,"win_rate":1,"timestamp":1563454168,"path_taken":["M","?","?","M","M","R","M","R","T","M","?","R","?","E","R","BOSS","M","?","$","M","?","R","E","R","T","R","M","E","?","$","R","BOSS","M","?","M","?","?","R","E","R","T","?","R","M","M","$","R","BOSS"],"build_version":"2019-07-17","purchased_purges":3,"victory":true,"max_hp_per_floor":[70,70,70,70,70,70,70,70,80,80,80,80,80,80,80,80,80,80,80,80,80,80,80,80,80,80,80,80,80,80,80,80,80,80,80,80,80,80,80,80,80,80,80,80,80,80,80,80,80,80],"card_choices":[{"not_picked":["Outmaneuver","Sucker Punch"],"picked":"Flying Knee","floor":1.0},{"not_picked":["Dagger Spray","Backstab"],"picked":"Bouncing Flask","floor":4.0},{"not_picked":["All Out Attack","Cloak And Dagger"],"picked":"Bouncing Flask","floor":5.0},{"not_picked":["Predator","Underhanded Strike"],"picked":"Backflip","floor":7.0},{"not_picked":["Escape Plan","Dodge and Roll"],"picked":"Leg Sweep","floor":10.0},{"not_picked":["Skewer","Endless Agony"],"picked":"Backstab","floor":11.0},{"not_picked":["Accuracy","Outmaneuver"],"picked":"Blade Dance","floor":13.0},{"not_picked":["Dagger Throw","Deflect"],"picked":"Dodge and Roll","floor":14.0},{"not_picked":["Unload","Wraith Form v2"],"picked":"Corpse Explosion","floor":16.0},{"not_picked":["Heel Hook","Acrobatics+1","Deflect"],"picked":"SKIP","floor":18.0},{"not_picked":["Leg Sweep","Choke"],"picked":"Backflip","floor":21.0},{"not_picked":["Dodge and Roll","Bane"],"picked":"Noxious Fumes","floor":22.0},{"not_picked":["Choke","Noxious Fumes","Masterful Stab"],"picked":"SKIP","floor":24.0},{"not_picked":["Setup+1","Riddle With Holes"],"picked":"Tools of the Trade","floor":28.0},{"not_picked":["Outmaneuver+1","Blade Dance"],"picked":"Caltrops","floor":29.0},{"not_picked":["Riddle With Holes+1","Poisoned Stab"],"picked":"Backflip+1","floor":35.0},{"not_picked":["Dodge and Roll+1","Outmaneuver"],"picked":"Riddle With Holes+1","floor":37.0},{"not_picked":["Backstab+1","Tactician+1","Outmaneuver"],"picked":"SKIP","floor":38.0},{"not_picked":["Reflex+1","Deflect+1"],"picked":"Dodge and Roll+1","floor":39.0},{"not_picked":["Venomology","Quick Slash+1"],"picked":"Riddle With Holes+1","floor":41},{"not_picked":["Acrobatics","Underhanded Strike"],"picked":"Crippling Poison","floor":46},{"not_picked":["Dodge and Roll+1","Endless Agony","Deflect"],"picked":"SKIP","floor":47}],"player_experience":69009,"relics_obtained":[{"floor":9.0,"key":"Pear"},{"floor":13.0,"key":"Kunai"},{"floor":14.0,"key":"Pantograph"},{"floor":22.0,"key":"Red Mask"},{"floor":24.0,"key":"Boot"},{"floor":26.0,"key":"Bottled Lightning"},{"floor":29.0,"key":"MawBank"},{"floor":41,"key":"Bag of Marbles"},{"floor":43,"key":"Sundial"}],"event_choices":[{"damage_healed":0.0,"max_hp_gain":0.0,"max_hp_loss":0.0,"gold_gain":0.0,"event_name":"Liars Game","player_choice":"Ignored","floor":2.0,"gold_loss":0.0,"damage_taken":0.0},{"cards_removed":["Strike_G"],"damage_healed":0.0,"max_hp_gain":0.0,"max_hp_loss":0.0,"gold_gain":0.0,"event_name":"Purifier","player_choice":"Purged","floor":3.0,"gold_loss":0.0,"damage_taken":0.0},{"damage_healed":0.0,"max_hp_gain":0.0,"max_hp_loss":0.0,"gold_gain":0.0,"event_name":"Dead Adventurer","player_choice":"Searched \u00271\u0027 times","floor":13.0,"gold_loss":0.0,"damage_taken":0.0},{"damage_healed":0.0,"max_hp_gain":0.0,"max_hp_loss":0.0,"gold_gain":0.0,"event_name":"Ghosts","player_choice":"Ignored","floor":19.0,"gold_loss":0.0,"damage_taken":0.0},{"damage_healed":0.0,"max_hp_gain":0.0,"max_hp_loss":0.0,"gold_gain":0.0,"event_name":"Masked Bandits","player_choice":"Fought Bandits","floor":22.0,"gold_loss":0.0,"damage_taken":0.0},{"damage_healed":0.0,"max_hp_gain":0.0,"max_hp_loss":0.0,"gold_gain":0.0,"event_name":"Addict","player_choice":"Obtained Relic","floor":30.0,"gold_loss":85.0,"damage_taken":0.0,"relics_obtained":["Anchor"]},{"damage_healed":0.0,"max_hp_gain":0.0,"max_hp_loss":0.0,"gold_gain":0.0,"event_name":"Upgrade Shrine","player_choice":"Upgraded","floor":36.0,"gold_loss":0.0,"damage_taken":0.0,"cards_upgraded":["Caltrops"]},{"damage_healed":0,"gold_gain":100,"player_choice":"Pray","damage_taken":0,"max_hp_gain":0,"max_hp_loss":0,"event_name":"Golden Shrine","floor":44,"gold_loss":0}],"is_beta":false,"boss_relics":[{"not_picked":["Pandora\u0027s Box","Philosopher\u0027s Stone"],"picked":"Velvet Choker"},{"not_picked":["Eternal Feather","Runic Dome"],"picked":"Snecko Eye"}],"items_purged_floors":[20,31,48],"is_endless":false,"potions_floor_spawned":[4,5,7,14,16,21,22,35,38],"ascension_level":0}