{"gold_per_floor":[109,184,196,216,19,19,19,37,63,85,113,125,154,192,204,316,328,358,370,382,409,448,485,497,520,579,608,620,99,113,127,127,232,232,251,261,483,483,483],"floor_reached":40,"playtime":1798,"items_purged":["Strike_R"],"score":685,"play_id":"949a485b-93dc-4231-9ee1-825fd450853c","local_time":"20190827002254","is_ascension_mode":false,"campfire_choices":[{"data":"Bludgeon","floor":6,"key":"SMITH"},{"data":"Feel No Pain","floor":12,"key":"SMITH"},{"data":"Fiend Fire","floor":15,"key":"SMITH"},{"data":"Double Tap","floor":24,"key":"SMITH"},{"data":"Inflame","floor":28,"key":"SMITH"},{"data":"Inflame","floor":32,"key":"SMITH"}],"neow_cost":"NONE","seed_source_timestamp":538682446313100,"circlet_count":0,"master_deck":["Strike_R","Strike_R","Strike_R","Defend_R","Defend_R","Defend_R","Defend_R","Bash","Fiend Fire+1","Battle Trance","Reaper","Thunderclap","Feel No Pain+1","Bludgeon+1","True Grit","Strike_B","Warcry","Shockwave","Cleave","Double Tap+1","Inflame+1","True Grit","Carnage+1","Thunderclap+1","Uppercut","Battle Trance","Inflame+1","Reboot","Infinite Blades+1","Phantasmal Killer"],"relics":["Burning Blood","MawBank","Oddly Smooth Stone","Runic Dome","Happy Flower","Red Mask","Bronze Scales","Blood Vial","Lantern","PrismaticShard","Fusion Hammer"],"potions_floor_usage":[23,27,39,39],"damage_taken":[{"damage":0,"enemies":"Small Slimes","floor":1,"turns":3},{"damage":6,"enemies":"Jaw Worm","floor":3,"turns":2},{"damage":0,"enemies":"Cultist","floor":4,"turns":2},{"damage":0,"enemies":"Large Slime","floor":8,"turns":4},{"damage":6,"enemies":"3 Louse","floor":10,"turns":4},{"damage":5,"enemies":"Looter","floor":11,"turns":2},{"damage":13,"enemies":"Red Slaver","floor":13,"turns":3},{"damage":21,"enemies":"Lagavulin","floor":14,"turns":5},{"damage":0,"enemies":"Slime Boss","floor":16,"turns":6},{"damage":2,"enemies":"Spheric Guardian","floor":18,"turns":3},{"damage":11,"enemies":"Shell Parasite","floor":21,"turns":4},{"damage":12,"enemies":"Masked Bandits","floor":22,"turns":4},{"damage":15,"enemies":"Slavers","floor":23,"turns":5},{"damage":6,"enemies":"Centurion and Healer","floor":25,"turns":2},{"damage":1,"enemies":"Cultist and Chosen","floor":27,"turns":6},{"damage":14,"enemies":"Shelled Parasite and Fungi","floor":30,"turns":2},{"damage":0,"enemies":"Snake Plant","floor":31,"turns":2},{"damage":16,"enemies":"Champ","floor":33,"turns":7},{"damage":0,"enemies":"Orb Walker","floor":35,"turns":2},{"damage":0,"enemies":"3 Shapes","floor":36,"turns":3},{"damage":69,"enemies":"Time Eater","floor":39,"turns":8}],"seed_played":"7173344312615671063","potions_obtained":[{"floor":3,"key":"Swift Potion"},{"floor":4,"key":"SkillPotion"},{"floor":11,"key":"SkillPotion"},{"floor":23,"key":"PowerPotion"},{"floor":25,"key":"Dexterity Potion"},{"floor":27,"key":"Energy Potion"}],"is_trial":false,"path_per_floor":["M","?","M","M","$","R","?","M","T","M","M","R","M","E","R","B",null,"M","?","?","M","?","E","R","M","T","M","R","$","M","M","R","B",null,"M","M","?","?","B",null],"character_chosen":"IRONCLAD","items_purchased":["Feel No Pain","Bludgeon","True Grit","Lantern","Battle Trance","Inflame","PrismaticShard"],"campfire_rested":0,"item_purchase_floors":[5,5,5,29,29,29,29],"current_hp_per_floor":[80,69,69,75,75,75,75,80,80,80,80,80,73,58,58,64,80,80,80,80,80,80,71,71,71,71,78,78,78,72,80,80,70,80,80,80,80,80,27],"gold":483,"neow_bonus":"ONE_RANDOM_RARE_CARD","is_prod":false,"is_daily":false,"chose_seed":false,"campfire_upgraded":6,"win_rate":0,"timestamp":1566832974,"path_taken":["M","?","M","M","$","R","?","M","T","M","M","R","M","E","R","BOSS","M","?","?","M","?","E","R","M","T","M","R","$","M","M","R","BOSS","M","M","?","?","BOSS"],"build_version":"2019-07-17","purchased_purges":1,"victory":true,"max_hp_per_floor":[80,80,80,80,80,80,80,80,80,80,80,80,80,80,80,80,80,80,80,80,80,80,80,80,80,80,80,80,80,80,80,80,80,80,80,80,80,80,80],"card_choices":[{"not_picked":["Clash","Rage"],"picked":"Battle Trance","floor":1},{"not_picked":["Heavy Blade","Cleave"],"picked":"Reaper","floor":3},{"not_picked":["Wild Strike","Metallicize"],"picked":"Thunderclap","floor":4},{"not_picked":["Combust","Fire Breathing"],"picked":"Warcry","floor":8},{"not_picked":["Hemokinesis","Headbutt"],"picked":"Shockwave","floor":10},{"not_picked":["Dropkick","True Grit","Pommel Strike"],"picked":"SKIP","floor":11},{"not_picked":["Warcry","True Grit"],"picked":"Cleave","floor":13},{"not_picked":["Whirlwind","Sever Soul","Rampage"],"picked":"SKIP","floor":14},{"not_picked":["Dark Embrace","Berserk"],"picked":"Double Tap","floor":16},{"not_picked":["Havoc","Iron Wave","Hemokinesis"],"picked":"SKIP","floor":18},{"not_picked":["Infernal Blade","Sever Soul+1"],"picked":"True Grit","floor":21},{"not_picked":["Warcry","Fire Breathing"],"picked":"Carnage+1","floor":23},{"not_picked":["Hemokinesis","Havoc"],"picked":"Thunderclap+1","floor":25},{"not_picked":["Seeing Red","Sentinel"],"picked":"Uppercut","floor":27},{"not_picked":["Headbutt","Pommel Strike"],"picked":"Reboot","floor":30},{"not_picked":["Heatsinks+1","Body Slam+1"],"picked":"Infinite Blades+1","floor":31},{"not_picked":["Bullet Time","Chrysalis"],"picked":"Phantasmal Killer","floor":33},{"not_picked":["Twin Strike","Go for the Eyes","Deflect+1"],"picked":"SKIP","floor":35},{"not_picked":["Quick Slash","Searing Blow","Redo"],"picked":"SKIP","floor":36}],"player_experience":236330,"relics_obtained":[{"floor":9,"key":"MawBank"},{"floor":14,"key":"Oddly Smooth Stone"},{"floor":22,"key":"Red Mask"},{"floor":23,"key":"Bronze Scales"},{"floor":26,"key":"Blood Vial"}],"event_choices":[{"damage_healed":0,"gold_gain":75,"player_choice":"Gather Gold","damage_taken":11,"max_hp_gain":0,"max_hp_loss":0,"event_name":"World of Goop","floor":2,"gold_loss":0},{"cards_removed":["Strike_R"],"damage_healed":0,"gold_gain":0,"player_choice":"Took Card","damage_taken":0,"max_hp_gain":0,"max_hp_loss":0,"event_name":"NoteForYourself","floor":7,"gold_loss":0,"cards_obtained":["Strike_B"]},{"damage_healed":0,"gold_gain":0,"player_choice":"Read","damage_taken":0,"max_hp_gain":0,"max_hp_loss":0,"event_name":"The Library","floor":19,"gold_loss":0,"cards_obtained":["Inflame"]},{"damage_healed":0,"gold_gain":0,"player_choice":"Opened","damage_taken":0,"relics_obtained":["Happy Flower"],"max_hp_gain":0,"max_hp_loss":0,"event_name":"The Mausoleum","floor":20,"gold_loss":0},{"damage_healed":0,"gold_gain":0,"player_choice":"Fought Bandits","damage_taken":0,"max_hp_gain":0,"max_hp_loss":0,"event_name":"Masked Bandits","floor":22,"gold_loss":0},{"damage_healed":0,"gold_gain":222,"player_choice":"Wore Mask","damage_taken":0,"max_hp_gain":0,"max_hp_loss":0,"event_name":"Tomb of Lord Red Mask","floor":37,"gold_loss":0},{"damage_healed":0,"gold_gain":0,"player_choice":"Took Portal","damage_taken":0,"max_hp_gain":0,"max_hp_loss":0,"event_name":"SecretPortal","floor":38,"gold_loss":0}],"is_beta":false,"boss_relics":[{"not_picked":["Calling Bell","Black Star"],"picked":"Runic Dome"},{"not_picked":["White Beast Statue","Tiny House"],"picked":"Fusion Hammer"}],"items_purged_floors":[29],"is_endless":false,"potions_floor_spawned":[3,4,11,13,23,25,27,33,36],"ascension_level":0}