{"gold_per_floor":[113,113,132,40,57,57,91,91,114,131,143,168,168,318,318,391,391,406,18,18,29,29,61,61,90,113,113],"floor_reached":27,"playtime":1031,"items_purged":["Strike_G"],"score":518,"play_id":"746eaada-1d98-49b7-b3a5-a412c7d4a68c","local_time":"20190602181034","is_ascension_mode":true,"campfire_choices":[{"data":"Poisoned Stab","floor":6.0,"key":"SMITH"},{"floor":8.0,"key":"REST"},{"floor":13.0,"key":"REST"},{"data":"Footwork","floor":15.0,"key":"SMITH"},{"floor":24,"key":"DIG"}],"neow_cost":"NONE","seed_source_timestamp":518726406871500,"circlet_count":0,"master_deck":["AscendersBane","Defend_G","Defend_G","Defend_G","Defend_G","Defend_G+1","Strike_G","Strike_G","Strike_G","Survivor","Neutralize+1","Catalyst+1","Poisoned Stab+1","Footwork+1","Flying Knee","Dodge and Roll+1","Noxious Fumes","Noxious Fumes","Doppelganger+1","Adrenaline+1","Prepared+1","Corpse Explosion+1","Night Terror+1"],"special_seed":0,"relics":["Ring of the Snake","Omamori","War Paint","Toxic Egg 2","Black Star","Lee\u0027s Waffle","Enchiridion","Shovel","Regal Pillow","Question Card","Meat on the Bone","Ninja Scroll"],"potions_floor_usage":[23],"damage_taken":[{"damage":4.0,"enemies":"Cultist","floor":1.0,"turns":5.0},{"damage":1.0,"enemies":"Jaw Worm","floor":3.0,"turns":4.0},{"damage":12.0,"enemies":"Small Slimes","floor":5.0,"turns":4.0},{"damage":24.0,"enemies":"3 Sentries","floor":7.0,"turns":11.0},{"damage":0.0,"enemies":"Looter","floor":10.0,"turns":3.0},{"damage":1.0,"enemies":"Red Slaver","floor":11.0,"turns":4.0},{"damage":6.0,"enemies":"Lagavulin","floor":12.0,"turns":5.0},{"damage":12.0,"enemies":"Hexaghost","floor":16.0,"turns":9.0},{"damage":28,"enemies":"2 Thieves","floor":18,"turns":5},{"damage":10,"enemies":"3 Byrds","floor":21,"turns":3},{"damage":6,"enemies":"Slavers","floor":23,"turns":3},{"damage":32,"enemies":"Book of Stabbing","floor":25,"turns":5},{"damage":14,"enemies":"Centurion and Healer","floor":27,"turns":1}],"seed_played":"-24931140857459405","potions_obtained":[{"floor":1.0,"key":"Strength Potion"},{"floor":7.0,"key":"Poison Potion"},{"floor":12.0,"key":"SteroidPotion"},{"floor":25,"key":"SpeedPotion"}],"is_trial":false,"path_per_floor":["M","?","M","$","M","R","E","R","T","M","M","E","R","?","R","B",null,"M","$","?","M","?","E","R","E","T","M"],"character_chosen":"THE_SILENT","items_purchased":["Footwork","Flying Knee","Lee\u0027s Waffle","Corpse Explosion+1"],"campfire_rested":2,"item_purchase_floors":[4,4,19,19],"current_hp_per_floor":[61,39,38,38,26,26,2,23,23,23,22,16,37,37,37,25,60,32,79,58,48,48,42,42,10,10,0],"gold":113,"neow_bonus":"TEN_PERCENT_HP_BONUS","is_prod":false,"is_daily":false,"chose_seed":false,"campfire_upgraded":2,"win_rate":0,"timestamp":1559513434,"path_taken":["M","?","M","$","M","R","E","R","T","M","M","E","R","?","R","BOSS","M","$","?","M","?","E","R","E","T","?"],"build_version":"2019-01-23","purchased_purges":1,"victory":false,"max_hp_per_floor":[72,72,72,72,72,72,72,72,72,72,72,72,72,72,72,72,72,72,79,79,79,79,79,79,79,79,79],"card_choices":[{"not_picked":["Reflex","Deflect"],"picked":"Catalyst","floor":1.0},{"not_picked":["Dagger Throw","Sucker Punch"],"picked":"Poisoned Stab","floor":3.0},{"not_picked":["Concentrate","Blade Dance"],"picked":"Dodge and Roll","floor":5.0},{"not_picked":["Quick Slash","PiercingWail"],"picked":"Noxious Fumes","floor":7.0},{"not_picked":["Dagger Throw","Riddle With Holes"],"picked":"Noxious Fumes","floor":10.0},{"not_picked":["Caltrops","Endless Agony","Dagger Throw"],"picked":"SKIP","floor":11.0},{"not_picked":["Infinite Blades","Backflip"],"picked":"Doppelganger","floor":12.0},{"not_picked":["Storm of Steel+1","Die Die Die"],"picked":"Adrenaline+1","floor":16.0},{"not_picked":["Dagger Throw","Acrobatics+1"],"picked":"Prepared+1","floor":18},{"not_picked":["Bane","Cloak And Dagger+1","Dagger Throw"],"picked":"SKIP","floor":21},{"not_picked":["Dodge and Roll+1","Backflip+1"],"picked":"Night Terror+1","floor":23},{"not_picked":["Quick Slash","Dagger Spray+1","Deadly Poison+1","Noxious Fumes"],"picked":"SKIP","floor":25}],"player_experience":1134193,"relics_obtained":[{"floor":7.0,"key":"Omamori"},{"floor":9.0,"key":"War Paint"},{"floor":12.0,"key":"Toxic Egg 2"},{"floor":20,"key":"Enchiridion"},{"floor":23,"key":"Shovel"},{"floor":23,"key":"Regal Pillow"},{"floor":24,"key":"Question Card"},{"floor":25,"key":"Meat on the Bone"},{"floor":25,"key":"Ninja Scroll"}],"event_choices":[{"damage_healed":0.0,"max_hp_gain":0.0,"max_hp_loss":0.0,"gold_gain":0.0,"event_name":"Shining Light","player_choice":"Entered Light","floor":2.0,"gold_loss":0.0,"damage_taken":22.0,"cards_upgraded":["Catalyst","Neutralize"]},{"damage_healed":0.0,"max_hp_gain":0.0,"max_hp_loss":0.0,"gold_gain":150.0,"event_name":"Liars Game","player_choice":"AGREE","floor":14.0,"gold_loss":0.0,"damage_taken":0.0,"cards_obtained":["Doubt"]},{"damage_healed":0,"gold_gain":0,"player_choice":"Obtained Book","damage_taken":21,"max_hp_gain":0,"max_hp_loss":0,"event_name":"Cursed Tome","floor":20,"gold_loss":0},{"cards_removed":["Strike_G"],"damage_healed":0,"gold_gain":0,"player_choice":"Offered Basic","damage_taken":0,"max_hp_gain":0,"max_hp_loss":0,"event_name":"Bonfire Elementals","floor":22,"gold_loss":0}],"is_beta":false,"boss_relics":[{"not_picked":["Ring of the Serpent","Orrery"],"picked":"Black Star"}],"items_purged_floors":[19],"is_endless":false,"potions_floor_spawned":[1,7,12,25],"killed_by":"Centurion and Healer","ascension_level":20}