{"gold_per_floor":[117,117,117,117,117,149,149,74,123,84,99,99,130,62,62,164,164,179,94,129,129,143,143,153,153,153,169,98,98,110,33,33,133,133,150,170,170,170,170,170,185,185,185,196,231,243,261,86,86,86],"floor_reached":51,"playtime":3043,"items_purged":["Defend_G","Strike_G"],"score":706,"play_id":"631b574b-4ab0-4ad2-95f8-4b927d71e2a6","local_time":"20190830073635","is_ascension_mode":false,"campfire_choices":[{"floor":7.0,"key":"REST"},{"floor":12.0,"key":"REST"},{"data":"Footwork","floor":15.0,"key":"SMITH"},{"floor":23.0,"key":"REST"},{"data":"A Thousand Cuts","floor":25.0,"key":"SMITH"},{"data":"Infinite Blades","floor":29.0,"key":"SMITH"},{"data":"Footwork","floor":32.0,"key":"SMITH"},{"data":"A Thousand Cuts","floor":40,"key":"SMITH"},{"floor":42,"key":"REST"},{"floor":49,"key":"REST"}],"neow_cost":"NONE","seed_source_timestamp":0,"circlet_count":0,"master_deck":["Strike_G","Defend_G","Defend_G","Defend_G+1","Survivor","Neutralize+1","Cloak And Dagger","Escape Plan+1","Caltrops","Accuracy","Dodge and Roll","Cloak And Dagger","Footwork+1","A Thousand Cuts+1","Deadly Poison+1","Cloak And Dagger","Dodge and Roll","Infinite Blades+1","Malaise","Footwork+1","A Thousand Cuts+1","Self Repair","Cloak And Dagger","Escape Plan+1","Blade Dance+1","Escape Plan","Footwork"],"special_seed":0,"relics":["Ring of the Snake","Meat on the Bone","War Paint","Regal Pillow","Sozu","Pen Nib","Red Mask","Nloth\u0027s Gift","Blue Candle","Empty Cage","Paper Crane","Gremlin Horn"],"potions_floor_usage":[],"damage_taken":[{"damage":5.0,"enemies":"Jaw Worm","floor":1.0,"turns":5.0},{"damage":45.0,"enemies":"Gremlin Nob","floor":6.0,"turns":6.0},{"damage":2.0,"enemies":"Small Slimes","floor":11.0,"turns":4.0},{"damage":13.0,"enemies":"3 Sentries","floor":13.0,"turns":14.0},{"damage":18.0,"enemies":"The Guardian","floor":16.0,"turns":19.0},{"damage":4.0,"enemies":"Shell Parasite","floor":18.0,"turns":9.0},{"damage":30.0,"enemies":"Masked Bandits","floor":20.0,"turns":6.0},{"damage":9.0,"enemies":"Spheric Guardian","floor":22.0,"turns":6.0},{"damage":0.0,"enemies":"Centurion and Healer","floor":24.0,"turns":7.0},{"damage":15.0,"enemies":"Shelled Parasite and Fungi","floor":27.0,"turns":5.0},{"damage":0.0,"enemies":"Chosen and Byrds","floor":30.0,"turns":5.0},{"damage":21.0,"enemies":"Champ","floor":33.0,"turns":14.0},{"damage":7,"enemies":"3 Shapes","floor":35,"turns":5},{"damage":15,"enemies":"3 Darklings","floor":36,"turns":5},{"damage":40,"enemies":"Jaw Worm Horde","floor":41,"turns":5},{"damage":27,"enemies":"Sphere and 2 Shapes","floor":44,"turns":5},{"damage":0,"enemies":"Giant Head","floor":45,"turns":10},{"damage":29,"enemies":"4 Shapes","floor":46,"turns":6},{"damage":18,"enemies":"3 Darklings","floor":47,"turns":5},{"damage":18,"enemies":"Time Eater","floor":50,"turns":14}],"seed_played":"6645547287836356387","potions_obtained":[{"floor":1.0,"key":"Weak Potion"},{"floor":11.0,"key":"Explosive Potion"}],"is_trial":false,"path_per_floor":["M","?","?","T","?","E","R","$","T","$","M","R","E","$","R","B",null,"M","?","?","?","M","R","M","R","T","M","$","R","M","$","R","B",null,"M","M","?","?","?","R","M","R","T","M","E","M","M","$","R","B",null],"character_chosen":"THE_SILENT","items_purchased":["Accuracy","Footwork","Infinite Blades","Footwork","Footwork"],"campfire_rested":5,"item_purchase_floors":[10,14,28,31,48],"current_hp_per_floor":[65,65,58,58,58,25,46,46,46,46,44,65,52,52,52,46,70,66,66,36,36,39,70,70,70,70,55,55,55,55,55,55,46,70,63,48,48,48,48,48,27,63,63,43,50,40,41,41,70,59],"gold":86,"neow_bonus":"UPGRADE_CARD","is_prod":false,"is_daily":false,"chose_seed":false,"campfire_upgraded":5,"win_rate":0,"timestamp":1567143395,"path_taken":["M","?","?","?","?","E","R","$","T","?","M","R","E","$","R","BOSS","M","?","?","?","M","R","M","R","T","M","$","R","M","$","R","BOSS","M","?","?","?","?","R","M","R","T","M","E","M","M","$","R","BOSS"],"build_version":"2019-07-17","purchased_purges":2,"victory":true,"max_hp_per_floor":[70,70,70,70,70,70,70,70,70,70,70,70,70,70,70,70,70,70,70,70,70,70,70,70,70,70,70,70,70,70,70,70,70,70,70,70,70,70,70,70,70,70,70,70,70,70,70,70,70,70],"card_choices":[{"not_picked":["Noxious Fumes","Dagger Spray"],"picked":"Cloak And Dagger","floor":1.0},{"not_picked":["Outmaneuver","Distraction"],"picked":"Caltrops","floor":6.0},{"not_picked":["Backflip","Escape Plan"],"picked":"Dodge and Roll","floor":11.0},{"not_picked":["Distraction","Dagger Throw"],"picked":"Cloak And Dagger","floor":13.0},{"not_picked":["Glass Knife","Die Die Die"],"picked":"A Thousand Cuts","floor":16.0},{"not_picked":["Deflect","Catalyst"],"picked":"Deadly Poison+1","floor":18.0},{"not_picked":["Bouncing Flask+1","Eviscerate"],"picked":"Slice+1","floor":20.0},{"not_picked":["Underhanded Strike+1","Wraith Form v2"],"picked":"Cloak And Dagger","floor":22.0},{"not_picked":["Quick Slash","Backstab","Eviscerate"],"picked":"SKIP","floor":24.0},{"not_picked":["Dagger Spray","Dagger Throw"],"picked":"Dodge and Roll","floor":27.0},{"not_picked":["Choke+1","Dagger Throw"],"picked":"Malaise","floor":30.0},{"not_picked":["Unload","Malaise"],"picked":"A Thousand Cuts","floor":33.0},{"not_picked":["Flechettes","Heel Hook","Blade Dance+1"],"picked":"SKIP","floor":35},{"not_picked":["Riddle With Holes+1","Backflip","Sucker Punch+1"],"picked":"SKIP","floor":36},{"not_picked":["Master of Strategy","Deep Breath"],"picked":"Transmutation","floor":37},{"not_picked":["Dagger Spray+1","Dash"],"picked":"Cloak And Dagger","floor":41},{"not_picked":["Blade Dance","Dagger Throw+1"],"picked":"Escape Plan+1","floor":44},{"not_picked":["Malaise","Predator+1","Grand Finale"],"picked":"SKIP","floor":45},{"not_picked":["Quick Slash","Dash+1"],"picked":"Blade Dance+1","floor":46},{"not_picked":["Dagger Spray+1","Noxious Fumes"],"picked":"Escape Plan","floor":47}],"player_experience":370362,"relics_obtained":[{"floor":4.0,"key":"Meat on the Bone"},{"floor":6.0,"key":"Potion Belt"},{"floor":9.0,"key":"War Paint"},{"floor":13.0,"key":"Regal Pillow"},{"floor":20.0,"key":"Red Mask"},{"floor":26.0,"key":"Blue Candle"},{"floor":43,"key":"Paper Crane"},{"floor":45,"key":"Gremlin Horn"}],"event_choices":[{"damage_healed":0.0,"max_hp_gain":0.0,"max_hp_loss":0.0,"gold_gain":0.0,"cards_transformed":["Strike_G"],"event_name":"Living Wall","player_choice":"Change","floor":2.0,"gold_loss":0.0,"damage_taken":0.0,"cards_obtained":["Escape Plan"]},{"cards_removed":["Strike_G"],"damage_healed":0.0,"max_hp_gain":0.0,"max_hp_loss":0.0,"gold_gain":0.0,"event_name":"Golden Wing","player_choice":"Card Removal","floor":3.0,"gold_loss":0.0,"damage_taken":7.0},{"damage_healed":0.0,"max_hp_gain":0.0,"max_hp_loss":0.0,"gold_gain":0.0,"event_name":"Golden Idol","player_choice":"Ignored","floor":5.0,"gold_loss":0.0,"damage_taken":0.0},{"damage_healed":0.0,"max_hp_gain":0.0,"max_hp_loss":0.0,"gold_gain":0.0,"event_name":"Addict","player_choice":"Obtained Relic","floor":19.0,"gold_loss":85.0,"damage_taken":0.0,"relics_obtained":["Pen Nib"]},{"damage_healed":0.0,"max_hp_gain":0.0,"max_hp_loss":0.0,"gold_gain":0.0,"event_name":"Masked Bandits","player_choice":"Fought Bandits","floor":20.0,"gold_loss":0.0,"damage_taken":0.0},{"damage_healed":0.0,"max_hp_gain":0.0,"max_hp_loss":0.0,"gold_gain":0.0,"event_name":"N\u0027loth","player_choice":"Traded Relic","floor":21.0,"relics_lost":["Potion Belt"],"gold_loss":0.0,"damage_taken":0.0,"relics_obtained":["Nloth\u0027s Gift"]},{"damage_healed":0,"gold_gain":0,"player_choice":"Memory 1","damage_taken":0,"max_hp_gain":0,"max_hp_loss":0,"event_name":"SensoryStone","floor":37,"gold_loss":0},{"cards_removed":["Slice"],"damage_healed":0,"gold_gain":0,"player_choice":"Removed Attack","damage_taken":0,"max_hp_gain":0,"max_hp_loss":0,"event_name":"Falling","floor":38,"gold_loss":0},{"cards_removed":["Transmutation"],"damage_healed":0,"gold_gain":0,"player_choice":"Took Card","damage_taken":0,"max_hp_gain":0,"max_hp_loss":0,"event_name":"NoteForYourself","floor":39,"gold_loss":0,"cards_obtained":["Self Repair"]}],"is_beta":false,"boss_relics":[{"not_picked":["Velvet Choker","Fusion Hammer"],"picked":"Sozu"},{"not_picked":["White Beast Statue","Pandora\u0027s Box"],"picked":"Empty Cage"}],"items_purged_floors":[8,48],"is_endless":false,"potions_floor_spawned":[1,11,22,24,30,35,41,46],"ascension_level":0}