{"gold_per_floor":[119,69,69,83,98,98,109,166,237,255,255,265,265,295,295,390,390,401,433,433,131,149,149,163,189,189,222,222,234,234,134,134,232,232,244,41,263,311,331,331,363,363,387,420,433,447,498,510,510,510],"floor_reached":51,"playtime":2634,"items_purged":["Strike_B","Strike_B"],"score":870,"play_id":"960566ac-6c91-4334-80b2-3a261a374297","local_time":"20190720091137","is_ascension_mode":false,"campfire_choices":[{"data":"Gash","floor":6,"key":"SMITH"},{"data":"Glacier","floor":11,"key":"SMITH"},{"data":"Doom and Gloom","floor":13,"key":"SMITH"},{"data":"Capacitor","floor":15,"key":"SMITH"},{"floor":23,"key":"REST"},{"floor":28,"key":"REST"},{"floor":30,"key":"RECALL"},{"floor":32,"key":"REST"},{"floor":40,"key":"REST"},{"floor":42,"key":"REST"},{"floor":49,"key":"REST"}],"neow_cost":"NONE","seed_source_timestamp":12974385104700,"circlet_count":0,"master_deck":["Defend_B","Defend_B","Defend_B","Defend_B","Zap+1","Dualcast+1","Cold Snap","Glacier+1","Gash+1","Gash","Gash","Machine Learning","Doom and Gloom+1","Capacitor+1","Electrodynamics","Coolheaded+1","Defragment","Force Field+1","Hologram","Tempest+1","Self Repair","FTL","Creative AI","Undo+1","Redo+1","Heatsinks","Loop+1","Coolheaded+1","Loop"],"relics":["Cracked Core","DataDisk","Happy Flower","Blue Candle","Mercury Hourglass","Fusion Hammer","Red Mask","Bag of Marbles","War Paint","Kunai","Ornamental Fan","Inserter","Medical Kit","Dead Branch","Regal Pillow","Smiling Mask","Bottled Flame","Centennial Puzzle"],"potions_floor_usage":[7,39,50,50,50],"damage_taken":[{"damage":2,"enemies":"Jaw Worm","floor":1,"turns":4},{"damage":0,"enemies":"Small Slimes","floor":4,"turns":3},{"damage":0,"enemies":"Cultist","floor":5,"turns":2},{"damage":1,"enemies":"3 Louse","floor":7,"turns":2},{"damage":3,"enemies":"Lagavulin Event","floor":8,"turns":7},{"damage":0,"enemies":"Looter","floor":10,"turns":3},{"damage":0,"enemies":"Exordium Thugs","floor":12,"turns":3},{"damage":0,"enemies":"Lagavulin","floor":14,"turns":5},{"damage":21,"enemies":"Slime Boss","floor":16,"turns":4},{"damage":10,"enemies":"2 Thieves","floor":18,"turns":3},{"damage":2,"enemies":"Masked Bandits","floor":19,"turns":2},{"damage":0,"enemies":"3 Byrds","floor":22,"turns":1},{"damage":0,"enemies":"Centurion and Healer","floor":24,"turns":4},{"damage":0,"enemies":"Gremlin Leader","floor":25,"turns":5},{"damage":16,"enemies":"Slavers","floor":27,"turns":3},{"damage":2,"enemies":"3 Cultists","floor":29,"turns":4},{"damage":6,"enemies":"Champ","floor":33,"turns":12},{"damage":0,"enemies":"3 Shapes","floor":35,"turns":3},{"damage":64,"enemies":"2 Orb Walkers","floor":38,"turns":7},{"damage":0,"enemies":"3 Darklings","floor":39,"turns":5},{"damage":0,"enemies":"Reptomancer","floor":41,"turns":6},{"damage":2,"enemies":"Giant Head","floor":44,"turns":8},{"damage":1,"enemies":"Maw","floor":45,"turns":7},{"damage":0,"enemies":"Jaw Worm Horde","floor":46,"turns":4},{"damage":0,"enemies":"4 Shapes","floor":48,"turns":4},{"damage":3,"enemies":"Time Eater","floor":50,"turns":14}],"seed_played":"-6502241106487149240","potions_obtained":[{"floor":1,"key":"AttackPotion"},{"floor":4,"key":"FocusPotion"},{"floor":5,"key":"Fire Potion"},{"floor":14,"key":"GamblersBrew"},{"floor":19,"key":"Dexterity Potion"},{"floor":33,"key":"PowerPotion"},{"floor":41,"key":"EssenceOfSteel"},{"floor":46,"key":"EssenceOfSteel"},{"floor":48,"key":"PowerPotion"}],"is_trial":false,"path_per_floor":["M","?","?","M","M","R","M","?","T","M","R","M","R","E","R","B",null,"M","?","?","$","M","R","M","E","T","E","R","M","R","$","R","B",null,"M","$","?","?","M","R","E","R","T","E","M","M","T","M","R","B",null],"character_chosen":"DEFECT","items_purchased":["Bag of Marbles","Defragment","Medical Kit"],"campfire_rested":6,"item_purchase_floors":[21,21,36],"current_hp_per_floor":[73,73,73,73,73,73,72,69,69,69,69,69,69,69,69,48,75,65,63,63,63,63,75,75,75,75,59,75,75,75,75,75,75,75,75,75,75,18,18,40,47,75,75,75,75,75,75,75,75,75],"gold":510,"neow_bonus":"UPGRADE_CARD","is_prod":false,"is_daily":false,"chose_seed":false,"campfire_upgraded":4,"win_rate":0,"timestamp":1563581497,"path_taken":["M","?","?","?","M","R","M","?","T","M","R","M","R","E","R","BOSS","M","?","?","$","?","R","M","E","T","E","R","M","R","$","R","BOSS","M","$","?","?","M","R","E","R","T","E","M","M","?","?","R","BOSS"],"build_version":"2019-07-17","purchased_purges":2,"victory":true,"max_hp_per_floor":[75,75,75,75,75,75,75,75,75,75,75,75,75,75,75,75,75,75,75,75,75,75,75,75,75,75,75,75,75,75,75,75,75,75,75,75,75,75,75,75,75,75,75,75,75,75,75,75,75,75],"card_choices":[{"not_picked":["Undo","Rebound"],"picked":"Cold Snap","floor":1},{"not_picked":["Compile Driver","Steam"],"picked":"Glacier","floor":4},{"not_picked":["Reprogram","Cold Snap"],"picked":"Gash","floor":5},{"not_picked":["Turbo","Beam Cell"],"picked":"Gash","floor":7},{"not_picked":["Rebound","Barrage"],"picked":"Gash","floor":8},{"not_picked":["Barrage","Hologram"],"picked":"Machine Learning","floor":10},{"not_picked":["Leap","Skim"],"picked":"Doom and Gloom","floor":12},{"not_picked":["Barrage","Gash"],"picked":"Capacitor","floor":14},{"not_picked":["Creative AI","Thunder Strike"],"picked":"Electrodynamics","floor":16},{"not_picked":["Steam","Leap"],"picked":"Coolheaded","floor":18},{"not_picked":["Rip and Tear","Streamline"],"picked":"Force Field+1","floor":22},{"not_picked":["Sweeping Beam","Ball Lightning"],"picked":"Hologram","floor":24},{"not_picked":["Redo","Stack"],"picked":"Tempest+1","floor":25},{"not_picked":["Streamline","Barrage"],"picked":"Self Repair","floor":27},{"not_picked":["Leap","Blizzard"],"picked":"FTL","floor":29},{"not_picked":["Seek","All For One"],"picked":"Creative AI","floor":33},{"not_picked":["Conserve Battery","Turbo+1"],"picked":"Undo+1","floor":35},{"not_picked":["Rainbow","Hello World+1"],"picked":"Redo+1","floor":39},{"not_picked":["Doom and Gloom","Redo+1"],"picked":"Heatsinks","floor":41},{"not_picked":["Auto Shields","Turbo"],"picked":"Loop+1","floor":44},{"not_picked":["Sweeping Beam","Turbo"],"picked":"Coolheaded+1","floor":45},{"not_picked":["BootSequence+1","Steam"],"picked":"Loop","floor":46},{"not_picked":["Compile Driver+1","Meteor Strike","Sweeping Beam"],"picked":"SKIP","floor":48}],"player_experience":80235,"relics_obtained":[{"floor":9,"key":"Blue Candle"},{"floor":14,"key":"Mercury Hourglass"},{"floor":19,"key":"Red Mask"},{"floor":25,"key":"War Paint"},{"floor":26,"key":"Kunai"},{"floor":27,"key":"Ornamental Fan"},{"floor":38,"key":"Dead Branch"},{"floor":41,"key":"Regal Pillow"},{"floor":43,"key":"Smiling Mask"},{"floor":44,"key":"Bottled Flame"},{"floor":47,"key":"Centennial Puzzle"}],"event_choices":[{"cards_removed":["Strike_B"],"damage_healed":0,"gold_gain":0,"player_choice":"Card Removal","damage_taken":0,"max_hp_gain":0,"max_hp_loss":0,"event_name":"The Cleric","floor":2,"gold_loss":50},{"damage_healed":0,"gold_gain":0,"player_choice":"Gave Potion","damage_taken":0,"relics_obtained":["DataDisk"],"max_hp_gain":0,"max_hp_loss":0,"event_name":"WeMeetAgain","floor":3,"gold_loss":0},{"damage_healed":0,"gold_gain":0,"player_choice":"Searched \u00273\u0027 times","damage_taken":0,"relics_obtained":["Happy Flower"],"max_hp_gain":0,"max_hp_loss":0,"event_name":"Dead Adventurer","floor":8,"gold_loss":0},{"damage_healed":0,"gold_gain":0,"player_choice":"Fought Bandits","damage_taken":0,"max_hp_gain":0,"max_hp_loss":0,"event_name":"Masked Bandits","floor":19,"gold_loss":0},{"cards_removed":["Strike_B"],"damage_healed":0,"gold_gain":0,"player_choice":"Offered Basic","damage_taken":0,"max_hp_gain":0,"max_hp_loss":0,"event_name":"Bonfire Elementals","floor":20,"gold_loss":0},{"damage_healed":0,"gold_gain":222,"player_choice":"Wore Mask","damage_taken":0,"max_hp_gain":0,"max_hp_loss":0,"event_name":"Tomb of Lord Red Mask","floor":37,"gold_loss":0},{"damage_healed":0,"gold_gain":0,"player_choice":"Fight","damage_taken":0,"max_hp_gain":0,"max_hp_loss":0,"event_name":"Mysterious Sphere","floor":38,"gold_loss":0}],"is_beta":false,"boss_relics":[{"not_picked":["Orrery","Snecko Eye"],"picked":"Fusion Hammer"},{"not_picked":["Coffee Dripper","Cursed Key"],"picked":"Inserter"}],"items_purged_floors":[21,31],"is_endless":false,"potions_floor_spawned":[1,4,5,14,19,33,41,45,46,48],"ascension_level":0}