{"gold_per_floor":[117,133,211,223,58,87,87,114,163,213,232,257,274,274,274,351,351,365,378,378,138,149,175,175,235,235,235,252,252,268,268],"floor_reached":31,"playtime":1134,"items_purged":["Strike_B"],"score":570,"play_id":"0a2508f8-60b8-4b5c-a1ed-9e8d1601dfa2","local_time":"20190616145907","is_ascension_mode":true,"campfire_choices":[{"data":"Zap","floor":7.0,"key":"SMITH"},{"data":"Genetic Algorithm","floor":15.0,"key":"SMITH"},{"data":"Ghostly","floor":24.0,"key":"SMITH"},{"data":"Ghostly","floor":27.0,"key":"SMITH"},{"data":"Ghostly","floor":29.0,"key":"SMITH"}],"neow_cost":"NONE","seed_source_timestamp":17364757767200,"circlet_count":0,"master_deck":["AscendersBane","Strike_B","Strike_B","Strike_B","Defend_B","Defend_B","Defend_B","Defend_B","Zap+1","Dualcast","Streamline","Conserve Battery","FTL","Capacitor","Cold Snap","Compile Driver","Genetic Algorithm+1","Steam","Electrodynamics","Coolheaded","Conserve Battery","Ghostly+1","Ghostly+1","Ghostly+1","Conserve Battery","Doom and Gloom","Reboot","Cold Snap"],"special_seed":0,"relics":["Cracked Core","Letter Opener","PreservedInsect","Lantern","Odd Mushroom","Ancient Tea Set","Vajra","Lizard Tail","Bottled Lightning","Tiny Chest","Question Card"],"potions_floor_usage":[31],"damage_taken":[{"damage":6.0,"enemies":"Cultist","floor":1.0,"turns":3.0},{"damage":3.0,"enemies":"2 Louse","floor":2.0,"turns":2.0},{"damage":0.0,"enemies":"Small Slimes","floor":4.0,"turns":3.0},{"damage":15.0,"enemies":"3 Sentries","floor":6.0,"turns":5.0},{"damage":11.0,"enemies":"The Mushroom Lair","floor":8.0,"turns":4.0},{"damage":0.0,"enemies":"3 Louse","floor":11.0,"turns":3.0},{"damage":4.0,"enemies":"Gremlin Nob","floor":12.0,"turns":3.0},{"damage":1.0,"enemies":"2 Fungi Beasts","floor":13.0,"turns":3.0},{"damage":15.0,"enemies":"Hexaghost","floor":16.0,"turns":9.0},{"damage":16.0,"enemies":"Spheric Guardian","floor":18.0,"turns":4.0},{"damage":24.0,"enemies":"2 Thieves","floor":19.0,"turns":4.0},{"damage":7.0,"enemies":"Cultist and Chosen","floor":22.0,"turns":7.0},{"damage":3.0,"enemies":"Slavers","floor":23.0,"turns":2.0},{"damage":1.0,"enemies":"Gremlin Leader","floor":25.0,"turns":5.0},{"damage":0.0,"enemies":"Shelled Parasite and Fungi","floor":28.0,"turns":6.0},{"damage":0.0,"enemies":"Snecko","floor":30.0,"turns":4.0},{"damage":40,"enemies":"3 Cultists","floor":31,"turns":5}],"seed_played":"6231540400077607108","potions_obtained":[{"floor":0.0,"key":"Fire Potion"},{"floor":0.0,"key":"SteroidPotion"},{"floor":8.0,"key":"Block Potion"},{"floor":13.0,"key":"Swift Potion"},{"floor":25.0,"key":"Dexterity Potion"},{"floor":30.0,"key":"FairyPotion"}],"is_trial":false,"path_per_floor":["M","M","T","M","$","E","R","?","T","?","M","E","M","?","R","B",null,"M","M","?","$","M","E","R","E","T","R","M","R","M","M"],"character_chosen":"DEFECT","items_purchased":["PreservedInsect","Conserve Battery","SkillPotion","FocusPotion"],"campfire_rested":0,"item_purchase_floors":[5,21,21,21],"current_hp_per_floor":[58,55,55,55,55,40,40,29,29,29,29,25,24,24,24,9,56,40,16,16,16,9,6,6,5,5,5,5,5,5,0],"gold":268,"neow_bonus":"THREE_SMALL_POTIONS","is_prod":false,"is_daily":false,"chose_seed":false,"campfire_upgraded":5,"win_rate":0,"timestamp":1560711547,"path_taken":["M","M","?","M","$","E","R","?","T","?","M","E","?","?","R","BOSS","M","M","?","$","M","E","R","E","T","R","M","R","M","M"],"build_version":"2019-01-23","purchased_purges":1,"victory":false,"max_hp_per_floor":[71,71,71,71,71,71,71,71,71,71,71,71,71,71,71,71,71,71,71,35,35,35,35,35,35,35,35,35,35,35,35],"card_choices":[{"not_picked":["Sweeping Beam","Gash"],"picked":"Streamline","floor":1.0},{"not_picked":["Gash","Sweeping Beam"],"picked":"Conserve Battery","floor":2.0},{"not_picked":["Go for the Eyes","Auto Shields"],"picked":"FTL","floor":4.0},{"not_picked":["Beam Cell","Stack"],"picked":"Capacitor","floor":6.0},{"not_picked":["Chaos","Melter"],"picked":"Cold Snap","floor":8.0},{"not_picked":["Darkness","Blizzard"],"picked":"Compile Driver","floor":11.0},{"not_picked":["Coolheaded","Redo"],"picked":"Genetic Algorithm","floor":12.0},{"not_picked":["Compile Driver","Skim"],"picked":"Steam","floor":13.0},{"not_picked":["Multi-Cast","Biased Cognition"],"picked":"Electrodynamics","floor":16.0},{"not_picked":["Double Energy","Aggregate+1"],"picked":"Coolheaded","floor":18.0},{"not_picked":["Tempest","Redo"],"picked":"Conserve Battery","floor":19.0},{"not_picked":["Turbo","Go for the Eyes"],"picked":"Doom and Gloom","floor":22.0},{"not_picked":["White Noise","Ball Lightning","FTL"],"picked":"SKIP","floor":23.0},{"not_picked":["Streamline","Fusion"],"picked":"Reboot","floor":25.0},{"not_picked":["Heatsinks","Gash","Turbo","Leap"],"picked":"SKIP","floor":28.0},{"not_picked":["Steam","Heatsinks","Beam Cell+1"],"picked":"Cold Snap","floor":30.0}],"player_experience":1190153,"relics_obtained":[{"floor":3.0,"key":"Letter Opener"},{"floor":6.0,"key":"Lantern"},{"floor":8.0,"key":"Odd Mushroom"},{"floor":9.0,"key":"Ancient Tea Set"},{"floor":12.0,"key":"Vajra"},{"floor":23.0,"key":"Bottled Lightning"},{"floor":25.0,"key":"Tiny Chest"},{"floor":26.0,"key":"Question Card"}],"event_choices":[{"damage_healed":0.0,"max_hp_gain":0.0,"max_hp_loss":0.0,"gold_gain":0.0,"event_name":"Mushrooms","player_choice":"Fought Mushrooms","floor":8.0,"gold_loss":0.0,"damage_taken":0.0},{"damage_healed":0.0,"max_hp_gain":0.0,"max_hp_loss":0.0,"gold_gain":50.0,"event_name":"Golden Shrine","player_choice":"Pray","floor":10.0,"gold_loss":0.0,"damage_taken":0.0},{"damage_healed":0.0,"max_hp_gain":0.0,"max_hp_loss":0.0,"gold_gain":0.0,"event_name":"Golden Idol","player_choice":"Ignored","floor":14.0,"gold_loss":0.0,"damage_taken":0.0},{"damage_healed":0.0,"max_hp_gain":0.0,"max_hp_loss":36.0,"gold_gain":0.0,"event_name":"Ghosts","player_choice":"Became a Ghost","floor":20.0,"gold_loss":0.0,"damage_taken":0.0,"cards_obtained":["Ghostly","Ghostly","Ghostly"]}],"is_beta":false,"boss_relics":[{"not_picked":["Cursed Key","Orrery"],"picked":"Lizard Tail"}],"items_purged_floors":[21],"is_endless":false,"potions_floor_spawned":[1,4,8,13,25,30],"killed_by":"3 Cultists","ascension_level":20}