{"gold_per_floor":[366,40,57,57,72,97,97,97,97,44,44,56,70,100,100,100],"floor_reached":16,"playtime":591,"items_purged":["Shame"],"score":220,"play_id":"415cac97-1155-4ff9-b4f1-96b5bf09241e","local_time":"20190623085846","is_ascension_mode":true,"campfire_choices":[{"data":"True Grit","floor":8.0,"key":"SMITH"},{"data":"Feel No Pain","floor":11.0,"key":"SMITH"},{"data":"Havoc","floor":15.0,"key":"SMITH"}],"neow_cost":"CURSE","seed_source_timestamp":218378132348000,"circlet_count":0,"master_deck":["AscendersBane","Strike_R","Strike_R","Strike_R","Strike_R+1","Strike_R","Defend_R","Defend_R+1","Defend_R","Defend_R","Bash+1","Pommel Strike","Feel No Pain+1","Reckless Charge","True Grit+1","Pommel Strike","Shrug It Off","Ghostly Armor","Havoc+1","Second Wind"],"special_seed":0,"relics":["Burning Blood","Anchor","WingedGreaves","Blue Candle","PreservedInsect"],"potions_floor_usage":[16],"damage_taken":[{"damage":4.0,"enemies":"2 Louse","floor":1.0,"turns":3.0},{"damage":4.0,"enemies":"Jaw Worm","floor":3.0,"turns":3.0},{"damage":3.0,"enemies":"Small Slimes","floor":5.0,"turns":3.0},{"damage":29.0,"enemies":"Lagavulin","floor":6.0,"turns":6.0},{"damage":1.0,"enemies":"3 Louse","floor":12.0,"turns":4.0},{"damage":0.0,"enemies":"2 Fungi Beasts","floor":13.0,"turns":5.0},{"damage":16.0,"enemies":"Gremlin Nob","floor":14.0,"turns":4.0},{"damage":31,"enemies":"Slime Boss","floor":16,"turns":7}],"seed_played":"-7751794431165546718","potions_obtained":[{"floor":3.0,"key":"Poison Potion"},{"floor":6.0,"key":"GamblersBrew"},{"floor":12.0,"key":"Block Potion"}],"is_trial":false,"path_per_floor":["M","$","M","?","M","E","?","R","T","$","R","M","M","E","R","B"],"character_chosen":"IRONCLAD","items_purchased":["Feel No Pain","Anchor","Shrug It Off"],"campfire_rested":0,"item_purchase_floors":[2,2,10],"current_hp_per_floor":[70,70,72,72,75,52,29,29,29,29,29,34,40,30,30,0],"gold":100,"neow_bonus":"TWO_FIFTY_GOLD","is_prod":false,"is_daily":false,"chose_seed":false,"campfire_upgraded":3,"win_rate":0,"timestamp":1561294726,"path_taken":["M","$","M","?","M","E","?","R","T","?","R","M","M","E","R","BOSS"],"build_version":"2019-01-23","purchased_purges":1,"victory":false,"max_hp_per_floor":[75,75,75,75,75,75,75,75,75,75,75,75,75,75,75,75],"card_choices":[{"not_picked":["Reckless Charge","Headbutt"],"picked":"Pommel Strike","floor":1.0},{"not_picked":["Body Slam","Thunderclap"],"picked":"Reckless Charge","floor":3.0},{"not_picked":["Rampage","Wild Strike"],"picked":"True Grit","floor":5.0},{"not_picked":["Heavy Blade","Body Slam"],"picked":"Pommel Strike","floor":6.0},{"not_picked":["Bloodletting","Brutality"],"picked":"Ghostly Armor","floor":12.0},{"not_picked":["Iron Wave","Twin Strike"],"picked":"Havoc","floor":13.0},{"not_picked":["Intimidate","Wild Strike"],"picked":"Second Wind","floor":14.0}],"player_experience":1211566,"relics_obtained":[{"floor":6.0,"key":"WingedGreaves"},{"floor":9.0,"key":"Blue Candle"},{"floor":14.0,"key":"PreservedInsect"}],"event_choices":[{"damage_healed":0.0,"max_hp_gain":0.0,"max_hp_loss":0.0,"gold_gain":0.0,"event_name":"Living Wall","player_choice":"Grow","floor":4.0,"gold_loss":0.0,"damage_taken":0.0,"cards_upgraded":["Bash"]},{"damage_healed":0.0,"max_hp_gain":0.0,"max_hp_loss":0.0,"gold_gain":0.0,"event_name":"Shining Light","player_choice":"Entered Light","floor":7.0,"gold_loss":0.0,"damage_taken":23.0,"cards_upgraded":["Strike_R","Defend_R"]}],"is_beta":false,"boss_relics":[],"items_purged_floors":[2],"is_endless":false,"potions_floor_spawned":[3,6,12],"killed_by":"Slime Boss","ascension_level":20}